{"host":"0vd2boh2oi7jm085","time":1610622069,"event":{"mods":["BaseMod","Colored Map","Colored Powertips","Highlight Path","Minty Spire (QoL Compilation)","Quick Restart","StSLib","The IronCluck"],"gold_per_floor":[114,114,53,63,88,100,129,151,187,210,236,248,280,292,304,391,453,485,587,616,628,628],"floor_reached":21,"language":"ENG","playtime":378,"items_purged":[],"score":337,"play_id":"8f6ae508-95c8-498f-b76b-57b7ed556515","local_time":"20210114030109","is_ascension_mode":true,"campfire_choices":[{"data":"Wild Strike","floor":6.0,"key":"SMITH"},{"floor":12.0,"key":"REST"},{"data":"Seeing Red","floor":15.0,"key":"SMITH"}],"circlet_count":0,"master_deck":["AscendersBane","Strike_R","Strike_R","Strike_R","Strike_R","Strike_R","Defend_R","Defend_R","Defend_R","Defend_R+1","Bash","Perfected Strike+1","Wild Strike+1","Pommel Strike","Inflame","Seeing Red+1","Wild Strike","Demon Form","Perfected Strike","Flex","Feed"],"relics":["Burning Blood","NeowsBlessing","Sundial","MawBank","Strawberry","Question Card","Tiny House"],"acts_visited":["Exordium","TheCity"],"potions_floor_usage":[21],"damage_taken":[{"damage":0.0,"enemies":"Jaw Worm","floor":1.0,"turns":1.0},{"damage":0.0,"enemies":"Cultist","floor":4.0,"turns":1.0},{"damage":0.0,"enemies":"Small Slimes","floor":7.0,"turns":2.0},{"damage":13.0,"enemies":"Red Slaver","floor":8.0,"turns":3.0},{"damage":10.0,"enemies":"2 Fungi Beasts","floor":10.0,"turns":3.0},{"damage":19.0,"enemies":"3 Louse","floor":11.0,"turns":3.0},{"damage":18.0,"enemies":"Exordium Thugs","floor":13.0,"turns":3.0},{"damage":26.0,"enemies":"Slime Boss","floor":16.0,"turns":8.0},{"damage":32.0,"enemies":"3 Byrds","floor":18.0,"turns":7.0},{"damage":25.0,"enemies":"Chosen","floor":20.0,"turns":4.0},{"damage":14,"enemies":"Centurion and Healer","floor":21,"turns":2}],"seed_played":"1274665118298301144","potions_obtained":[{"floor":7.0,"key":"Explosive Potion"},{"floor":10.0,"key":"Strength Potion"},{"floor":17.0,"key":"Fire Potion"}],"is_trial":false,"path_per_floor":["M","?","?","M","T","R","M","M","T","M","M","R","M","?","R","B",null,"M","?","M","M"],"character_chosen":"IRONCLAD","items_purchased":[],"campfire_rested":1,"item_purchase_floors":[],"current_hp_per_floor":[74,74,74,75,75,75,75,68,75,71,58,82,70,70,70,50,79,53,41,22,8,8],"gold":628,"neow_bonus":"THREE_ENEMY_KILL","is_daily":false,"chose_seed":false,"campfire_upgraded":2,"win_rate":0.0,"timestamp":1610622069,"path_taken":["M","?","?","?","?","R","M","M","T","M","M","R","M","?","R","BOSS","M","?","?","M"],"items_purchased_type":[],"build_version":"2020-12-22","purchased_purges":0,"victory":false,"max_hp_per_floor":[75,75,75,75,75,75,75,75,82,82,82,82,82,82,82,82,87,87,87,87,87,87],"card_choices":[{"not_picked":["Uppercut","Pommel Strike"],"picked":"Perfected Strike","floor":1.0},{"not_picked":["Sword Boomerang","Cleave"],"picked":"Wild Strike","floor":4.0},{"not_picked":["Shrug It Off","Corruption"],"picked":"Pommel Strike","floor":7.0},{"not_picked":["Metallicize","Searing Blow"],"picked":"Inflame","floor":8.0},{"not_picked":["Bloodletting","Sword Boomerang"],"picked":"Seeing Red","floor":10.0},{"not_picked":["Headbutt","Body Slam","Armaments"],"picked":"SKIP","floor":11.0},{"not_picked":["Seeing Red","Pommel Strike"],"picked":"Wild Strike","floor":13.0},{"not_picked":["Fiend Fire","Juggernaut","Reaper"],"picked":"Demon Form","floor":16.0},{"not_picked":["Iron Wave","Armaments","Thunderclap"],"picked":"Perfected Strike","floor":17.0},{"not_picked":["Havoc","Sword Boomerang","Wild Strike"],"picked":"Flex","floor":18.0},{"not_picked":["Feed","Clothesline+1","Spot Weakness","Flex"],"picked":"SKIP","floor":20.0},{"not_picked":["Clothesline+1","Spot Weakness","Flex"],"picked":"Feed","floor":20.0}],"player_experience":106577,"relics_obtained":[{"floor":5.0,"key":"MawBank"},{"floor":9.0,"key":"Strawberry"}],"event_choices":[{"damage_healed":0.0,"max_hp_gain":0.0,"max_hp_loss":0.0,"gold_gain":0.0,"event_name":"Living Wall","player_choice":"Grow","floor":2.0,"gold_loss":0.0,"damage_taken":0.0,"cards_upgraded":["Perfected Strike"]},{"damage_healed":0.0,"max_hp_gain":0.0,"max_hp_loss":0.0,"gold_gain":0.0,"event_name":"WeMeetAgain","player_choice":"Paid Gold","floor":3.0,"gold_loss":61.0,"damage_taken":0.0,"relics_obtained":["Sundial"]},{"damage_healed":0.0,"max_hp_gain":0.0,"max_hp_loss":0.0,"gold_gain":0.0,"event_name":"Dead Adventurer","player_choice":"Searched \u00272\u0027 times","floor":14.0,"gold_loss":0.0,"damage_taken":0.0,"relics_obtained":["Question Card"]},{"damage_healed":0.0,"max_hp_gain":0.0,"max_hp_loss":0.0,"gold_gain":90.0,"event_name":"Knowing Skull","player_choice":"GOLD ","floor":19.0,"potions_obtained":[],"gold_loss":0.0,"damage_taken":12.0,"cards_obtained":[]}],"is_beta":false,"boss_relics":[{"not_picked":["SacredBark","Empty Cage"],"picked":"Tiny House"}],"items_purged_floors":[],"is_endless":false,"potions_floor_spawned":[7,10],"killed_by":"Centurion and Healer","ascension_level":19}}