{"host":"oigynbtg272c19pw","time":1610643876,"event":{"mods":["BaseMod","Colored Map","Minty Spire (QoL Compilation)","Relic Stats","StSLib"],"gold_per_floor":[112,56,56,73,148,148,148,179,179,179,194,208,224,224,224],"floor_reached":14,"playtime":438,"items_purged":[],"score":180,"play_id":"1faefde2-af74-4af5-a19f-4260d79229d5","local_time":"20210114180436","is_ascension_mode":true,"campfire_choices":[{"data":"Perfected Strike","floor":6.0,"key":"SMITH"},{"data":"True Grit","floor":10.0,"key":"SMITH"}],"circlet_count":0,"master_deck":["AscendersBane","Strike_R","Strike_R","Strike_R","Strike_R","Strike_R","Defend_R","Defend_R","Defend_R","Defend_R","Bash","Power Through","Perfected Strike+1","True Grit+1","Second Wind","Rupture+1","Twin Strike","Burning Pact","Spot Weakness"],"relics":["Burning Blood","Frozen Egg 2","InkBottle"],"acts_visited":["Exordium"],"potions_floor_usage":[14],"damage_taken":[{"damage":6.0,"enemies":"Cultist","floor":1.0,"turns":5.0},{"damage":7.0,"enemies":"Small Slimes","floor":4.0,"turns":4.0},{"damage":35.0,"enemies":"3 Sentries","floor":8.0,"turns":11.0},{"damage":1.0,"enemies":"2 Louse","floor":11.0,"turns":4.0},{"damage":1.0,"enemies":"Exordium Wildlife","floor":12.0,"turns":4.0},{"damage":4.0,"enemies":"2 Fungi Beasts","floor":13.0,"turns":4.0},{"damage":51,"enemies":"Lagavulin","floor":14,"turns":8}],"seed_played":"6146286631095225572","potions_obtained":[{"floor":11.0,"key":"Dexterity Potion"},{"floor":13.0,"key":"Swift Potion"}],"is_trial":false,"path_per_floor":["M","$","?","M","?","R","?","E","T","R","M","M","M","E"],"character_chosen":"IRONCLAD","items_purchased":["True Grit"],"campfire_rested":0,"item_purchase_floors":[2],"current_hp_per_floor":[68,68,73,72,61,61,61,32,32,32,37,42,44,0,0],"gold":224,"neow_bonus":"THREE_CARDS","is_daily":false,"chose_seed":false,"campfire_upgraded":2,"win_rate":0.0,"timestamp":1610643876,"path_taken":["M","$","?","M","?","R","?","E","T","R","M","M","M","E"],"items_purchased_type":["Card"],"build_version":"2020-12-13","purchased_purges":0,"victory":false,"max_hp_per_floor":[75,75,80,80,80,80,80,80,80,80,80,80,80,80,80],"relic_stats":{"counters":[7,40],"obtain_stats":[{"Frozen Egg 2":8,"Burning Blood":0,"InkBottle":9},{"Frozen Egg 2":3,"Burning Blood":0,"InkBottle":3},{"Frozen Egg 2":20,"Burning Blood":0,"InkBottle":20}],"Burning Blood":36,"InkBottle":[4]},"card_choices":[{"not_picked":["Wild Strike","Thunderclap"],"picked":"Power Through","floor":0.0},{"not_picked":["Iron Wave","Flex"],"picked":"Perfected Strike","floor":1.0},{"not_picked":["Sentinel","Anger"],"picked":"Second Wind","floor":4.0},{"not_picked":["Battle Trance","Thunderclap"],"picked":"Rupture+1","floor":8.0},{"not_picked":["Heavy Blade","Carnage"],"picked":"Twin Strike","floor":11.0},{"not_picked":["Whirlwind","Havoc"],"picked":"Burning Pact","floor":12.0},{"not_picked":["Warcry","Armaments"],"picked":"Spot Weakness","floor":13.0}],"player_experience":1390691,"relics_obtained":[{"floor":8.0,"key":"Frozen Egg 2"},{"floor":9.0,"key":"InkBottle"}],"event_choices":[{"damage_healed":0.0,"max_hp_gain":5.0,"max_hp_loss":0.0,"gold_gain":0.0,"event_name":"Big Fish","player_choice":"Donut","floor":3.0,"gold_loss":0.0,"damage_taken":0.0},{"damage_healed":0.0,"max_hp_gain":0.0,"max_hp_loss":0.0,"gold_gain":75.0,"event_name":"World of Goop","player_choice":"Gather Gold","floor":5.0,"gold_loss":0.0,"damage_taken":11.0},{"damage_healed":0.0,"max_hp_gain":0.0,"max_hp_loss":0.0,"gold_gain":0.0,"event_name":"Liars Game","player_choice":"Ignored","floor":7.0,"gold_loss":0.0,"damage_taken":0.0}],"is_beta":false,"boss_relics":[],"items_purged_floors":[],"is_endless":false,"potions_floor_spawned":[11,13],"killed_by":"Lagavulin","ascension_level":20}}