{"host":"x21cvmfdo17nyhii","time":1610590203,"event":{"mods":["AchievementEnabler","BaseMod","Colored Map","Colored Powertips","DeckTracker","Highlight Path","Minty Spire (QoL Compilation)","Quick Restart","Rare Cards Sparkle","SuperFastMode"],"gold_per_floor":[117,72,87,87,102,102,128,128,209,244,264,42,60,79,79,180,180,169,268,268,268,77,108,108,8,8,8,8,19,19,0,0,96,96,116,116,41,58,58,58,0,0,0,0,34,49,49,49],"floor_reached":47,"language":"ENG","playtime":1752,"items_purged":["Strike_B+1","Defend_B+1"],"score":627,"play_id":"0ce312d0-651c-4ec4-ba81-348834ffbad2","local_time":"20210113181003","is_ascension_mode":true,"campfire_choices":[{"data":"Consume","floor":6.0,"key":"SMITH"},{"floor":8.0,"key":"REST"},{"floor":15.0,"key":"REST"},{"data":"Defragment","floor":24.0,"key":"SMITH"},{"data":"White Noise","floor":28.0,"key":"SMITH"},{"floor":30.0,"key":"REST"},{"data":"Amplify","floor":32.0,"key":"SMITH"},{"data":"Echo Form","floor":40,"key":"SMITH"},{"data":"Madness","floor":44,"key":"SMITH"}],"circlet_count":0,"master_deck":["Strike_B+1","Defend_B+1","Defend_B+1","Defend_B+1","Zap","Dualcast","Coolheaded","Sweeping Beam+1","Consume+1","FTL+1","Rebound","Core Surge","Capacitor","Leap","Leap","Amplify+1","Sweeping Beam+1","Defragment+1","Capacitor","White Noise+1","Echo Form+1","Madness+1","Madness","Electrodynamics","Capacitor+1","Double Energy+1"],"relics":["Philosopher\u0027s Stone","Pen Nib","Singing Bowl","Ancient Tea Set","MealTicket","SlaversCollar","Whetstone","Regal Pillow","Centennial Puzzle","Runic Pyramid","Red Mask","Question Card","Emotion Chip"],"acts_visited":["Exordium","TheCity","TheBeyond"],"potions_floor_usage":[],"damage_taken":[{"damage":7.0,"enemies":"2 Louse","floor":1.0,"turns":2.0},{"damage":2.0,"enemies":"Cultist","floor":3.0,"turns":4.0},{"damage":0.0,"enemies":"Small Slimes","floor":5.0,"turns":4.0},{"damage":39.0,"enemies":"Gremlin Nob","floor":7.0,"turns":5.0},{"damage":5.0,"enemies":"Lagavulin","floor":10.0,"turns":7.0},{"damage":0.0,"enemies":"3 Louse","floor":11.0,"turns":2.0},{"damage":9.0,"enemies":"Blue Slaver","floor":13.0,"turns":4.0},{"damage":0.0,"enemies":"2 Fungi Beasts","floor":14.0,"turns":3.0},{"damage":22.0,"enemies":"Slime Boss","floor":16.0,"turns":9.0},{"damage":14.0,"enemies":"2 Thieves","floor":18.0,"turns":4.0},{"damage":37.0,"enemies":"Book of Stabbing","floor":23.0,"turns":7.0},{"damage":36.0,"enemies":"3 Byrds","floor":29.0,"turns":4.0},{"damage":37.0,"enemies":"Collector","floor":33.0,"turns":14.0},{"damage":37,"enemies":"3 Darklings","floor":35,"turns":5},{"damage":1,"enemies":"3 Shapes","floor":38,"turns":4},{"damage":0,"enemies":"Giant Head","floor":45,"turns":8},{"damage":38,"enemies":"Jaw Worm Horde","floor":46,"turns":4},{"damage":42,"enemies":"Sphere and 2 Shapes","floor":47,"turns":2}],"seed_played":"-4611419215072396951","potions_obtained":[{"floor":3.0,"key":"CultistPotion"},{"floor":7.0,"key":"Explosive Potion"},{"floor":10.0,"key":"Weak Potion"},{"floor":11.0,"key":"LiquidMemories"},{"floor":16.0,"key":"DistilledChaos"},{"floor":18.0,"key":"Swift Potion"},{"floor":33.0,"key":"Fruit Juice"},{"floor":35,"key":"LiquidBronze"},{"floor":46,"key":"FearPotion"}],"is_trial":false,"path_per_floor":["M","$","M","?","M","R","E","R","T","E","M","$","M","M","R","B",null,"M","?","?","?","$","E","R","$","T","?","R","M","R","?","R","B",null,"M","?","$","M","$","R","?","?","T","R","E","M","M"],"character_chosen":"DEFECT","items_purchased":["Sweeping Beam","Capacitor","MealTicket","Capacitor","White Noise","Electrodynamics"],"campfire_rested":3,"item_purchase_floors":[2,12,12,22,22,37],"current_hp_per_floor":[68,68,66,66,66,66,27,49,49,46,46,46,37,37,60,38,77,63,63,63,63,77,42,42,57,57,57,57,23,62,62,62,30,86,51,40,55,56,71,71,71,71,71,71,71,33,0,0],"gold":49,"neow_bonus":"BOSS_RELIC","is_daily":false,"chose_seed":false,"campfire_upgraded":6,"win_rate":0.0,"timestamp":1610590203,"path_taken":["M","$","M","?","M","R","E","R","T","E","M","$","?","M","R","BOSS","M","?","?","?","$","E","R","?","T","?","R","?","R","?","R","BOSS","M","?","$","M","$","R","?","?","T","R","E","M","M"],"items_purchased_type":["Card","Card","Relic","Card","Card","Card"],"build_version":"2020-12-22","purchased_purges":2,"victory":false,"max_hp_per_floor":[75,75,75,75,75,75,75,75,75,77,77,77,77,77,77,77,77,77,77,77,77,77,79,79,79,79,79,79,81,81,81,81,86,86,88,88,88,90,90,90,90,90,90,90,90,90,90,90],"card_choices":[{"not_picked":["Stack","Barrage"],"picked":"Coolheaded","floor":1.0},{"not_picked":["Self Repair","Static Discharge"],"picked":"Consume","floor":3.0},{"not_picked":["Steam","White Noise"],"picked":"Leap","floor":5.0},{"not_picked":["Leap","Gash"],"picked":"Rebound","floor":7.0},{"not_picked":["Sweeping Beam","Conserve Battery","Go for the Eyes"],"picked":"Singing Bowl","floor":10.0},{"not_picked":["Storm","Streamline"],"picked":"Core Surge","floor":11.0},{"not_picked":["Ball Lightning","Sunder"],"picked":"Leap","floor":13.0},{"not_picked":["Hologram","Conserve Battery"],"picked":"Leap","floor":14.0},{"not_picked":["Multi-Cast","Thunder Strike"],"picked":"Amplify","floor":16.0},{"not_picked":["Conserve Battery+1","Barrage"],"picked":"Sweeping Beam+1","floor":18.0},{"not_picked":["BootSequence","Beam Cell+1","Static Discharge+1"],"picked":"Singing Bowl","floor":23.0},{"not_picked":["Go for the Eyes+1","Ball Lightning","Genetic Algorithm+1"],"picked":"Singing Bowl","floor":29.0},{"not_picked":["Amplify","Rainbow"],"picked":"Echo Form","floor":33.0},{"not_picked":["Cold Snap","Ball Lightning","Blizzard+1"],"picked":"Singing Bowl","floor":35},{"not_picked":["Rebound+1","Compile Driver","Leap+1"],"picked":"Singing Bowl","floor":38},{"not_picked":["Streamline","Coolheaded+1","Go for the Eyes+1"],"picked":"Capacitor+1","floor":45},{"not_picked":["Sweeping Beam","Coolheaded+1","Gash+1"],"picked":"Double Energy+1","floor":46}],"player_experience":358336,"relics_obtained":[{"floor":7.0,"key":"Pen Nib"},{"floor":9.0,"key":"Singing Bowl"},{"floor":10.0,"key":"Ancient Tea Set"},{"floor":23.0,"key":"Whetstone"},{"floor":26.0,"key":"Regal Pillow"},{"floor":43,"key":"Question Card"},{"floor":45,"key":"Emotion Chip"}],"event_choices":[{"damage_healed":0.0,"max_hp_gain":0.0,"max_hp_loss":0.0,"gold_gain":0.0,"cards_transformed":["Strike_B"],"event_name":"Transmorgrifier","player_choice":"Transformed","floor":4.0,"gold_loss":0.0,"damage_taken":0.0,"cards_obtained":["FTL"]},{"damage_healed":0.0,"max_hp_gain":0.0,"max_hp_loss":0.0,"gold_gain":99.0,"event_name":"Nest","player_choice":"Stole From Cult","floor":19.0,"gold_loss":0.0,"damage_taken":0.0},{"damage_healed":0.0,"max_hp_gain":0.0,"max_hp_loss":0.0,"gold_gain":0.0,"event_name":"Back to Basics","player_choice":"Simplicity","floor":20.0,"gold_loss":0.0,"damage_taken":0.0,"cards_upgraded":["Strike_B","Strike_B","Strike_B","Defend_B","Defend_B","Defend_B","Defend_B"]},{"damage_healed":0.0,"max_hp_gain":0.0,"max_hp_loss":0.0,"gold_gain":0.0,"event_name":"The Library","player_choice":"Read","floor":21.0,"gold_loss":0.0,"damage_taken":0.0,"cards_obtained":["Defragment"]},{"cards_removed":["Leap"],"damage_healed":0.0,"max_hp_gain":0.0,"max_hp_loss":0.0,"gold_gain":0.0,"event_name":"WeMeetAgain","player_choice":"Gave Card","floor":27.0,"gold_loss":0.0,"damage_taken":0.0,"relics_obtained":["Centennial Puzzle"]},{"damage_healed":0.0,"max_hp_gain":0.0,"max_hp_loss":0.0,"gold_gain":0.0,"event_name":"Masked Bandits","player_choice":"Paid Fearfully","floor":31.0,"gold_loss":19.0,"damage_taken":0.0},{"damage_healed":0,"gold_gain":0,"player_choice":"Embrace Madness","damage_taken":11,"max_hp_gain":0,"max_hp_loss":0,"event_name":"Winding Halls","floor":36,"gold_loss":0,"cards_obtained":["Madness","Madness"]},{"damage_healed":0,"gold_gain":0,"player_choice":"Paid","damage_taken":0,"relics_obtained":["Red Mask"],"max_hp_gain":0,"max_hp_loss":0,"event_name":"Tomb of Lord Red Mask","floor":41,"gold_loss":58},{"cards_removed":["Strike_B"],"damage_healed":0,"gold_gain":0,"player_choice":"Removed Attack","damage_taken":0,"max_hp_gain":0,"max_hp_loss":0,"event_name":"Falling","floor":42,"gold_loss":0}],"is_beta":false,"boss_relics":[{"not_picked":["Busted Crown","Runic Dome"],"picked":"SlaversCollar"},{"not_picked":["SacredBark","Pandora\u0027s Box"],"picked":"Runic Pyramid"}],"items_purged_floors":[22,25],"is_endless":false,"potions_floor_spawned":[3,7,10,11,16,18,33,35,46],"killed_by":"Sphere and 2 Shapes","ascension_level":4}}