{"host":"mmqs5ul2bvb60kyc","time":1610596401,"event":{"mods":["AchievementEnabler","BaseMod","Colored Map","Minty Spire (QoL Compilation)","Quick Restart","StSLib"],"gold_per_floor":[359,370,385,50,61,11,11,173,197,197,226,226,265,290,290,398,398,423,445,211,236,146,179,191,223,282,329,356,368,380,435,447,569,581,607,634,657,544,558,591,602,602,602,602,90,121,130,145,145,145,145,145,45,79,79],"floor_reached":56,"language":"ZHS","playtime":3220,"items_purged":["Strike_R","Strike_R","Defend_R","Inflame","Fiend Fire"],"score":2198,"play_id":"08edb06f-f8f5-47f6-af58-e05488647b20","local_time":"20210114115321","is_ascension_mode":true,"campfire_choices":[{"data":"Armaments","floor":7.0,"key":"SMITH"},{"floor":10.0,"key":"REST"},{"data":"Evolve","floor":15.0,"key":"SMITH"},{"data":"Body Slam","floor":30.0,"key":"SMITH"},{"data":"Fire Breathing","floor":32.0,"key":"SMITH"},{"floor":42.0,"key":"RECALL"},{"data":"Power Through","floor":49,"key":"SMITH"},{"data":"Pommel Strike","floor":52,"key":"SMITH"}],"circlet_count":0,"master_deck":["AscendersBane","Defend_R","Defend_R","Bash","Seeing Red","Armaments+1","Pommel Strike+1","Second Wind+1","Demon Form","Power Through+1","Evolve+1","Body Slam+1","Battle Trance+1","Burning Pact","Feel No Pain","Fire Breathing+1","Berserk","Impatience"],"relics":["Burning Blood","Matryoshka","Odd Mushroom","Odd Mushroom","Odd Mushroom","Odd Mushroom","Odd Mushroom","Odd Mushroom","Dream Catcher","Bronze Scales","Strawberry","CeramicFish","Black Star","Orrery","MawBank","InkBottle","Bag of Marbles","PreservedInsect","FossilizedHelix","Bird Faced Urn","Toy Ornithopter","Coffee Dripper","Pantograph","Smiling Mask","Darkstone Periapt","ClockworkSouvenir","Incense Burner","Juzu Bracelet","Centennial Puzzle","Blue Candle","CaptainsWheel"],"acts_visited":["Exordium","TheCity","TheBeyond","TheEnding"],"potions_floor_usage":[55,55],"damage_taken":[{"damage":1.0,"enemies":"Cultist","floor":1.0,"turns":3.0},{"damage":0.0,"enemies":"Small Slimes","floor":2.0,"turns":4.0},{"damage":6.0,"enemies":"Jaw Worm","floor":3.0,"turns":5.0},{"damage":1.0,"enemies":"Looter","floor":5.0,"turns":4.0},{"damage":26.0,"enemies":"The Mushroom Lair","floor":8.0,"turns":7.0},{"damage":35.0,"enemies":"Gremlin Nob","floor":11.0,"turns":5.0},{"damage":20.0,"enemies":"Lagavulin","floor":13.0,"turns":6.0},{"damage":12.0,"enemies":"2 Fungi Beasts","floor":14.0,"turns":4.0},{"damage":23.0,"enemies":"Slime Boss","floor":16.0,"turns":11.0},{"damage":4.0,"enemies":"Shell Parasite","floor":18.0,"turns":5.0},{"damage":7.0,"enemies":"Spheric Guardian","floor":19.0,"turns":4.0},{"damage":0.0,"enemies":"Snecko","floor":21.0,"turns":4.0},{"damage":0.0,"enemies":"Gremlin Leader","floor":23.0,"turns":6.0},{"damage":0.0,"enemies":"Chosen and Byrds","floor":25.0,"turns":6.0},{"damage":24.0,"enemies":"Slavers","floor":27.0,"turns":7.0},{"damage":0.0,"enemies":"Shelled Parasite and Fungi","floor":28.0,"turns":11.0},{"damage":0.0,"enemies":"Book of Stabbing","floor":31.0,"turns":5.0},{"damage":39.0,"enemies":"Automaton","floor":33.0,"turns":8.0},{"damage":0.0,"enemies":"3 Shapes","floor":35.0,"turns":5.0},{"damage":0.0,"enemies":"Orb Walker","floor":36.0,"turns":2.0},{"damage":0.0,"enemies":"Maw","floor":37.0,"turns":6.0},{"damage":0.0,"enemies":"3 Darklings","floor":39.0,"turns":4.0},{"damage":0.0,"enemies":"Giant Head","floor":40.0,"turns":5.0},{"damage":8.0,"enemies":"Spire Growth","floor":41.0,"turns":4.0},{"damage":0.0,"enemies":"Reptomancer","floor":46.0,"turns":4.0},{"damage":0.0,"enemies":"Maw","floor":48.0,"turns":6.0},{"damage":15,"enemies":"Donu and Deca","floor":50,"turns":5},{"damage":6,"enemies":"Shield and Spear","floor":54,"turns":3},{"damage":40,"enemies":"The Heart","floor":55,"turns":6}],"seed_played":"8625179001992807989","potions_obtained":[{"floor":3.0,"key":"BloodPotion"},{"floor":8.0,"key":"ElixirPotion"},{"floor":8.0,"key":"GamblersBrew"},{"floor":11.0,"key":"Weak Potion"},{"floor":14.0,"key":"Fruit Juice"},{"floor":16.0,"key":"Explosive Potion"},{"floor":19.0,"key":"PowerPotion"},{"floor":48.0,"key":"Fruit Juice"}],"is_trial":false,"path_per_floor":["M","M","M","$","M","?","R","?","T","R","E","?","E","M","R","B",null,"M","M","$","M","?","E","$","M","T","E","M","?","R","E","R","B",null,"M","M","M","$","M","E","M","R","T","?","$","E","?","M","R","B",null,"R","$","E","B",null],"character_chosen":"IRONCLAD","items_purchased":["Matryoshka","Orrery","ClockworkSouvenir","Incense Burner","PowerPotion"],"campfire_rested":1,"item_purchase_floors":[4,20,45,45,53],"current_hp_per_floor":[56,62,62,62,67,67,67,47,47,71,49,49,35,34,34,17,73,75,74,74,80,80,86,86,92,92,74,80,80,80,86,86,60,84,92,92,92,92,92,92,90,90,90,90,90,92,82,97,97,90,95,95,95,97,71],"gold":79,"neow_bonus":"TWO_FIFTY_GOLD","is_daily":false,"chose_seed":false,"campfire_upgraded":6,"win_rate":0.0,"timestamp":1610596401,"path_taken":["M","M","?","$","M","?","R","?","T","R","E","?","E","M","R","BOSS","M","M","$","M","?","E","$","M","T","E","?","?","R","E","R","BOSS","M","M","M","$","M","E","M","R","T","?","$","E","?","M","R","BOSS","R","$","E","BOSS"],"items_purchased_type":["Relic","Relic","Relic","Relic","Potion"],"build_version":"2020-12-22","purchased_purges":5,"victory":true,"max_hp_per_floor":[80,80,80,80,80,80,80,80,80,80,87,87,87,92,92,92,92,92,92,92,92,92,92,92,92,92,92,92,92,92,92,92,92,92,92,92,92,92,92,92,92,92,92,92,92,92,92,97,97,97,97,97,97,97,97],"card_choices":[{"not_picked":["Heavy Blade","Anger"],"picked":"Seeing Red","floor":1.0},{"not_picked":["Heavy Blade","Bloodletting"],"picked":"Armaments","floor":2.0},{"not_picked":["Twin Strike","Headbutt","Infernal Blade"],"picked":"SKIP","floor":3.0},{"not_picked":["Clothesline","Perfected Strike","Infernal Blade"],"picked":"SKIP","floor":5.0},{"not_picked":["Shrug It Off","Flex"],"picked":"Pommel Strike","floor":8.0},{"not_picked":["Hemokinesis","Pommel Strike"],"picked":"Second Wind","floor":10.0},{"not_picked":["Ghostly Armor","Warcry"],"picked":"Inflame","floor":11.0},{"not_picked":["Warcry","Wild Strike"],"picked":"Power Through","floor":13.0},{"not_picked":["Warcry","Sword Boomerang"],"picked":"Evolve","floor":14.0},{"not_picked":["Demon Form","Brutality"],"picked":"Fiend Fire","floor":16.0},{"not_picked":["Dual Wield","Infernal Blade"],"picked":"Power Through+1","floor":18.0},{"not_picked":["Uppercut","Anger"],"picked":"Body Slam","floor":19.0},{"not_picked":["Headbutt","Flex"],"picked":"Battle Trance+1","floor":20.0},{"not_picked":["Evolve","Battle Trance"],"picked":"Burning Pact","floor":20.0},{"not_picked":["Perfected Strike","Body Slam"],"picked":"Feel No Pain","floor":21.0},{"not_picked":["Combust","Heavy Blade","Limit Break"],"picked":"SKIP","floor":23.0},{"not_picked":["Twin Strike","Combust","Clash"],"picked":"SKIP","floor":25.0},{"not_picked":["Dual Wield+1","Whirlwind+1","Searing Blow"],"picked":"SKIP","floor":27.0},{"not_picked":["Metallicize","True Grit","Warcry"],"picked":"SKIP","floor":28.0},{"not_picked":["Carnage","Reckless Charge"],"picked":"Fire Breathing","floor":31.0},{"not_picked":["Double Tap","Juggernaut"],"picked":"Berserk","floor":33.0},{"not_picked":["Flex","Pommel Strike","Uppercut"],"picked":"SKIP","floor":35.0},{"not_picked":["Pommel Strike","Iron Wave","Headbutt+1"],"picked":"SKIP","floor":36.0},{"not_picked":["Carnage","Body Slam","Headbutt"],"picked":"SKIP","floor":37.0},{"not_picked":["Havoc","Twin Strike","Armaments+1"],"picked":"SKIP","floor":39.0},{"not_picked":["Dropkick","Clash","Pommel Strike"],"picked":"SKIP","floor":40.0},{"not_picked":["Uppercut","Perfected Strike","True Grit"],"picked":"SKIP","floor":41.0},{"not_picked":["Headbutt","Corruption","Ghostly Armor+1"],"picked":"SKIP","floor":46.0},{"not_picked":["Forethought","Bandage Up"],"picked":"Impatience","floor":47.0},{"not_picked":["Wild Strike","Carnage","Heavy Blade"],"picked":"SKIP","floor":48.0},{"not_picked":["Headbutt","Twin Strike","True Grit"],"picked":"SKIP","floor":54}],"player_experience":253485,"relics_obtained":[{"floor":8.0,"key":"Odd Mushroom"},{"floor":8.0,"key":"Odd Mushroom"},{"floor":8.0,"key":"Odd Mushroom"},{"floor":8.0,"key":"Odd Mushroom"},{"floor":8.0,"key":"Odd Mushroom"},{"floor":8.0,"key":"Odd Mushroom"},{"floor":9.0,"key":"Dream Catcher"},{"floor":9.0,"key":"Bronze Scales"},{"floor":11.0,"key":"Strawberry"},{"floor":13.0,"key":"CeramicFish"},{"floor":23.0,"key":"MawBank"},{"floor":23.0,"key":"InkBottle"},{"floor":26.0,"key":"Bag of Marbles"},{"floor":27.0,"key":"PreservedInsect"},{"floor":27.0,"key":"FossilizedHelix"},{"floor":31.0,"key":"Bird Faced Urn"},{"floor":31.0,"key":"Toy Ornithopter"},{"floor":40.0,"key":"Pantograph"},{"floor":40.0,"key":"Smiling Mask"},{"floor":43.0,"key":"Darkstone Periapt"},{"floor":46.0,"key":"Juzu Bracelet"},{"floor":46.0,"key":"Centennial Puzzle"},{"floor":54,"key":"Blue Candle"},{"floor":54,"key":"CaptainsWheel"}],"event_choices":[{"cards_removed":["Strike_R"],"damage_healed":0.0,"max_hp_gain":0.0,"max_hp_loss":0.0,"gold_gain":0.0,"event_name":"The Cleric","player_choice":"Card Removal","floor":6.0,"gold_loss":50.0,"damage_taken":0.0},{"damage_healed":0.0,"max_hp_gain":0.0,"max_hp_loss":0.0,"gold_gain":0.0,"event_name":"Mushrooms","player_choice":"Fought Mushrooms","floor":8.0,"gold_loss":0.0,"damage_taken":0.0},{"damage_healed":0.0,"max_hp_gain":0.0,"max_hp_loss":0.0,"gold_gain":0.0,"event_name":"Mushrooms","player_choice":"Fought Mushrooms","floor":8.0,"gold_loss":0.0,"damage_taken":0.0},{"damage_healed":0.0,"max_hp_gain":0.0,"max_hp_loss":0.0,"gold_gain":0.0,"event_name":"Mushrooms","player_choice":"Fought Mushrooms","floor":8.0,"gold_loss":0.0,"damage_taken":0.0},{"damage_healed":0.0,"max_hp_gain":0.0,"max_hp_loss":0.0,"gold_gain":0.0,"event_name":"Mushrooms","player_choice":"Fought Mushrooms","floor":8.0,"gold_loss":0.0,"damage_taken":0.0},{"damage_healed":0.0,"max_hp_gain":0.0,"max_hp_loss":0.0,"gold_gain":0.0,"event_name":"Mushrooms","player_choice":"Fought Mushrooms","floor":8.0,"gold_loss":0.0,"damage_taken":0.0},{"damage_healed":0.0,"max_hp_gain":0.0,"max_hp_loss":0.0,"gold_gain":0.0,"event_name":"Mushrooms","player_choice":"Fought Mushrooms","floor":8.0,"gold_loss":0.0,"damage_taken":0.0},{"damage_healed":0.0,"max_hp_gain":0.0,"max_hp_loss":0.0,"gold_gain":0.0,"cards_transformed":["Strike_R"],"event_name":"Living Wall","player_choice":"Change","floor":12.0,"gold_loss":0.0,"damage_taken":0.0,"cards_obtained":["Demon Form"]},{"cards_removed":["Strike_R"],"damage_healed":0.0,"max_hp_gain":0.0,"max_hp_loss":0.0,"gold_gain":0.0,"event_name":"Designer","player_choice":"Upgrade and Remove","floor":22.0,"gold_loss":90.0,"damage_taken":0.0,"cards_upgraded":["Second Wind"]},{"cards_removed":["Defend_R"],"damage_healed":0.0,"max_hp_gain":0.0,"max_hp_loss":0.0,"gold_gain":0.0,"event_name":"Back to Basics","player_choice":"Elegance","floor":29.0,"gold_loss":0.0,"damage_taken":0.0},{"cards_removed":["Power Through"],"damage_healed":0.0,"max_hp_gain":0.0,"max_hp_loss":0.0,"gold_gain":0.0,"event_name":"Falling","player_choice":"Removed Skill","floor":44.0,"gold_loss":0.0,"damage_taken":0.0},{"damage_healed":0.0,"max_hp_gain":0.0,"max_hp_loss":0.0,"gold_gain":0.0,"event_name":"SensoryStone","player_choice":"Memory 3","floor":47.0,"gold_loss":0.0,"damage_taken":10.0}],"is_beta":false,"boss_relics":[{"not_picked":["Astrolabe","Pandora\u0027s Box"],"picked":"Black Star"},{"not_picked":["SlaversCollar","Snecko Eye"],"picked":"Coffee Dripper"}],"items_purged_floors":[4,20,38,45,53],"is_endless":false,"potions_floor_spawned":[3,8,8,11,14,16,19,21,27,28,35,37,40,48,54],"ascension_level":12}}