{"host":"7qoz5gmva6til3yp","time":1610623831,"event":{"mods":["AchievementEnabler","BaseMod","Minty Spire (QoL Compilation)","StSLib","SuperFastMode"],"gold_per_floor":[117,128,53,53,64,95,110,122,122,154,229,229,242,253,253,358,408,425,441,441,441,441,441],"floor_reached":22,"language":"KOR","playtime":681,"items_purged":["Strike_G"],"score":387,"play_id":"d3a6a0a1-4ae6-46dc-97fb-148678bdb76d","local_time":"20210114203031","is_ascension_mode":true,"campfire_choices":[{"floor":12.0,"key":"REST"},{"data":"Venomology","floor":15.0,"key":"SMITH"}],"circlet_count":0,"master_deck":["Strike_G","Strike_G","Strike_G+1","Defend_G","Defend_G","Defend_G","Survivor","Neutralize","Dagger Spray","Masterful Stab","Venomology+1","Backstab","Backflip","Underhanded Strike","Prepared","Die Die Die","Eviscerate","Acrobatics","Dagger Throw","Bane","Quick Slash"],"relics":["Ring of the Snake","The Courier","Pen Nib","Blood Vial","Tiny House"],"acts_visited":["TheCity"],"potions_floor_usage":[22,22],"damage_taken":[{"damage":0.0,"enemies":"Jaw Worm","floor":1.0,"turns":5.0},{"damage":0.0,"enemies":"Cultist","floor":2.0,"turns":4.0},{"damage":2.0,"enemies":"2 Louse","floor":5.0,"turns":3.0},{"damage":25.0,"enemies":"Gremlin Nob","floor":6.0,"turns":4.0},{"damage":3.0,"enemies":"Looter","floor":7.0,"turns":3.0},{"damage":7.0,"enemies":"Exordium Wildlife","floor":8.0,"turns":4.0},{"damage":17.0,"enemies":"Lagavulin","floor":10.0,"turns":5.0},{"damage":0.0,"enemies":"Blue Slaver","floor":13.0,"turns":2.0},{"damage":0.0,"enemies":"Large Slime","floor":14.0,"turns":3.0},{"damage":7.0,"enemies":"Slime Boss","floor":16.0,"turns":7.0},{"damage":16.0,"enemies":"Spheric Guardian","floor":18.0,"turns":4.0},{"damage":0.0,"enemies":"Chosen","floor":19.0,"turns":4.0},{"damage":44,"enemies":"Centurion and Healer","floor":22,"turns":6}],"seed_played":"-4876489829426016752","potions_obtained":[{"floor":1.0,"key":"CunningPotion"},{"floor":2.0,"key":"SkillPotion"},{"floor":6.0,"key":"Poison Potion"},{"floor":13.0,"key":"Explosive Potion"},{"floor":16.0,"key":"SkillPotion"}],"is_trial":false,"path_per_floor":["M","M","$","?","M","E","M","M","T","E","?","R","M","M","R","B",null,"M","M","?","?","M"],"character_chosen":"THE_SILENT","items_purchased":[],"campfire_rested":1,"item_purchase_floors":[],"current_hp_per_floor":[63,63,63,70,68,43,40,33,33,16,5,26,28,30,30,25,64,50,52,52,38,0,0],"gold":441,"neow_bonus":"TRANSFORM_CARD","is_daily":false,"chose_seed":false,"campfire_upgraded":1,"win_rate":0.0,"timestamp":1610623831,"path_taken":["M","M","$","?","M","E","M","?","T","E","?","R","M","M","R","BOSS","M","M","?","?","?"],"items_purchased_type":[],"build_version":"2020-12-22","purchased_purges":1,"victory":false,"max_hp_per_floor":[70,70,70,70,70,70,70,70,70,70,70,70,70,70,70,70,75,75,75,75,80,80,80],"card_choices":[{"not_picked":["Backstab","Backflip"],"picked":"Dagger Spray","floor":1.0},{"not_picked":["Blade Dance","Flying Knee","Crippling Poison"],"picked":"SKIP","floor":2.0},{"not_picked":["PiercingWail","Bane"],"picked":"Masterful Stab","floor":5.0},{"not_picked":["Dodge and Roll","Bane"],"picked":"Venomology","floor":6.0},{"not_picked":["Quick Slash","Deflect"],"picked":"Backstab","floor":7.0},{"not_picked":["Deadly Poison","PiercingWail"],"picked":"Backflip","floor":8.0},{"not_picked":["Dagger Throw","PiercingWail"],"picked":"Underhanded Strike","floor":10.0},{"not_picked":["Distraction","Deadly Poison","Quick Slash"],"picked":"SKIP","floor":13.0},{"not_picked":["Sucker Punch","Predator"],"picked":"Prepared","floor":14.0},{"not_picked":["Burst","Night Terror"],"picked":"Die Die Die","floor":16.0},{"not_picked":["Poisoned Stab","Underhanded Strike"],"picked":"Eviscerate","floor":17.0},{"not_picked":["Crippling Poison","Dodge and Roll"],"picked":"Acrobatics","floor":18.0},{"not_picked":["Acrobatics","Dodge and Roll+1"],"picked":"Dagger Throw","floor":19.0}],"player_experience":345716,"relics_obtained":[{"floor":6.0,"key":"The Courier"},{"floor":9.0,"key":"Pen Nib"},{"floor":10.0,"key":"Blood Vial"}],"event_choices":[{"cards_removed":["Crippling Poison"],"damage_healed":7.0,"max_hp_gain":0.0,"max_hp_loss":0.0,"gold_gain":0.0,"event_name":"Bonfire Elementals","player_choice":"Offered Uncommon","floor":4.0,"gold_loss":0.0,"damage_taken":0.0},{"damage_healed":0.0,"max_hp_gain":0.0,"max_hp_loss":0.0,"gold_gain":75.0,"event_name":"World of Goop","player_choice":"Gather Gold","floor":11.0,"gold_loss":0.0,"damage_taken":11.0},{"damage_healed":0.0,"max_hp_gain":0.0,"max_hp_loss":0.0,"gold_gain":0.0,"cards_transformed":["Strike_G","Defend_G"],"event_name":"Drug Dealer","player_choice":"Became Test Subject","floor":20.0,"gold_loss":0.0,"damage_taken":0.0,"cards_obtained":["Bane","Quick Slash"]},{"damage_healed":0.0,"max_hp_gain":5.0,"max_hp_loss":0.0,"gold_gain":0.0,"event_name":"Forgotten Altar","player_choice":"Shed Blood","floor":21.0,"gold_loss":0.0,"damage_taken":19.0}],"is_beta":false,"boss_relics":[{"not_picked":["Philosopher\u0027s Stone","Snecko Eye"],"picked":"Tiny House"}],"items_purged_floors":[3],"is_endless":false,"potions_floor_spawned":[1,2,6,13,16],"killed_by":"Centurion and Healer","ascension_level":6}}