{"host":"vqs1j3qalc1cciyt","time":1610644133,"event":{"mods":["2.2 Compatiblity","AchievementEnabler","Aspiration","Bard","BaseMod","Beaked The Cultist","Better Altar","Better Match","Better Note","Better Sensory Stone","Better Skull","Better Third Choice","Clockwork Mod","Colored Map","Conspire","Downfall","Friendly Minions","GifTheSpireLib","Glutton Mod","Halation","Highlight Path","Hubris","Infinite Spire","Minty Spire (QoL Compilation)","READ ME - Snecko Mod","RRrroohrrRGHHhhh!!","Replay The Spire","Spicy Shops","StSLib","Stuff the Spire","The Bladedancer","The Construct","The Cursed","The Disciple","The Hierophant","The Jungle","vexMod"],"gold_per_floor":[110,122,122,147,166,201,201,238,238,238,360,360,330,265,265,360,360,375,103,28,45,45,45,170,185,185,305,305,323,440,452,452,550,550,550,550],"floor_reached":35,"language":"ENG","playtime":5117,"items_purged":["Regret","beaked:Defend_Y"],"score":453,"play_id":"49181819-c98d-41c0-8f6d-2d7db2f1f2e0","local_time":"20210114090853","is_ascension_mode":true,"campfire_choices":[{"data":"beaked:MaddeningMurmurs","floor":12.0,"key":"SMITH"},{"data":"beaked:Ceremony","floor":15.0,"key":"SMITH"},{"data":"beaked:Ceremony","floor":23.0,"key":"SMITH"},{"data":"beaked:Evade","floor":28.0,"key":"SMITH"},{"data":"Barricade","floor":32,"key":"SMITH"}],"circlet_count":0,"master_deck":["beaked:Strike_Y","beaked:Strike_Y","beaked:Strike_Y","beaked:Strike_Y","beaked:Strike_Y","beaked:Strike_Y","beaked:Defend_Y","beaked:Defend_Y","beaked:Ceremony","beaked:Ceremony+1","beaked:Ceremony+1","beaked:BraceForImpact","beaked:Foresight+1","beaked:Brace","beaked:CrazyRituals","beaked:RitualOfBody","beaked:MaddeningMurmurs+1","beaked:Brace","ReplayTheSpireMod:Owlgaze","beaked:Evade+1","beaked:WarriorEssence","Trip","Guardian:WalkerClaw","hexamod:SwordOfDarkness","Sword Boomerang","Barricade+1","ResonantCall","Flex","TheCursedMod:CircleOfAbyss"],"relics":["beaked:MendingPlumage","NeowsBlessing","ReplayTheSpireMod:Lightbulb","hubris:OldNail","rorgmod:Ceramic Fish","Singing Bowl","vexMod:MemoryStick","hubris:TinFlute","construct:ClawGrip","BargainBundle","PrismaticShard","Question Card","halation:WeightlessCrab","hubris:BottledRain","infinitespire:FocusingShard","Cursed Key"],"acts_visited":["Exordium","TheCity","TheBeyond"],"potions_floor_usage":[],"damage_taken":[{"damage":0.0,"enemies":"2 Louse","floor":1.0,"turns":1.0},{"damage":0.0,"enemies":"Jaw Worm","floor":2.0,"turns":1.0},{"damage":0.0,"enemies":"infinitespire:Voidling","floor":5.0,"turns":1.0},{"damage":9.0,"enemies":"Replay:BlueRogue","floor":6.0,"turns":7.0},{"damage":16.0,"enemies":"3 Sentries","floor":8.0,"turns":8.0},{"damage":26.0,"enemies":"Lagavulin","floor":11.0,"turns":8.0},{"damage":4.0,"enemies":"Looter","floor":13.0,"turns":4.0},{"damage":51.0,"enemies":"Hexaghost","floor":16.0,"turns":11.0},{"damage":28.0,"enemies":"3 Byrds","floor":18.0,"turns":9.0},{"damage":10.0,"enemies":"Chosen","floor":21.0,"turns":7.0},{"damage":20.0,"enemies":"conspire:Head Lice","floor":24.0,"turns":8.0},{"damage":27.0,"enemies":"Centurion and Healer","floor":25.0,"turns":8.0},{"damage":45.0,"enemies":"Book of Stabbing","floor":27.0,"turns":6.0},{"damage":15.0,"enemies":"Snecko","floor":29.0,"turns":5.0},{"damage":44.0,"enemies":"conspire:Head Lice","floor":30.0,"turns":6.0},{"damage":0,"enemies":"conspire:HollyBat","floor":31,"turns":8},{"damage":45,"enemies":"Champ","floor":33,"turns":10},{"damage":71,"enemies":"3 Darklings","floor":35,"turns":3}],"seed_played":"-4376742482080979652","potions_obtained":[{"floor":2.0,"key":"Fire Potion"},{"floor":6.0,"key":"Dexterity Potion"},{"floor":11.0,"key":"SkillPotion"},{"floor":21.0,"key":"SpeedPotion"},{"floor":24.0,"key":"SteroidPotion"},{"floor":25.0,"key":"Ancient Potion"},{"floor":29.0,"key":"Swift Potion"}],"is_trial":false,"path_per_floor":["M","M","?","T","M","E","?","E","T","?","E","R","M","?","R","B",null,"M","$","?","M","?","R","E","M","T","E","R","M","E","M","R","B",null,"M"],"character_chosen":"BEAKED_THE_CULTIST","items_purchased":["BargainBundle","beaked:Evade","Dexterity Potion","Swift Potion","beaked:WarriorEssence","Trip"],"campfire_rested":0,"item_purchase_floors":[19,19,19,19,19,19],"current_hp_per_floor":[50,50,50,50,50,50,50,50,50,45,45,45,48,48,48,34,50,52,52,52,54,48,48,56,53,53,42,42,50,38,56,56,56,56,0,0],"gold":550,"neow_bonus":"THREE_ENEMY_KILL","is_daily":false,"chose_seed":false,"campfire_upgraded":5,"win_rate":0.0,"timestamp":1610644133,"path_taken":["M","M","?","?","?","E","?","E","T","?","E","R","M","?","R","BOSS","M","?","?","M","?","R","E","?","T","E","R","M","E","M","R","BOSS","M"],"items_purchased_type":["Relic","Card","Potion","Potion","Card","Card"],"build_version":"2020-12-22","purchased_purges":2,"victory":false,"max_hp_per_floor":[50,50,50,50,50,50,50,50,50,50,50,50,50,50,50,50,50,52,52,52,54,56,56,56,56,56,56,56,56,56,56,56,56,56,56,56],"card_choices":[{"not_picked":["beaked:TuckingFeathers","beaked:Brace"],"picked":"beaked:BraceForImpact","floor":1.0},{"not_picked":["beaked:Windmill","beaked:HuntressSpirit"],"picked":"beaked:Foresight","floor":2.0},{"not_picked":["beaked:Daydream","beaked:Struggle"],"picked":"beaked:Brace","floor":5.0},{"not_picked":["beaked:VigorBurst","beaked:Flinch"],"picked":"beaked:CrazyRituals","floor":6.0},{"not_picked":["beaked:Mantra","beaked:SacrificialAttack"],"picked":"beaked:RitualOfBody","floor":8.0},{"not_picked":["beaked:CursingBlood","beaked:MachineSpirit"],"picked":"beaked:MaddeningMurmurs","floor":11.0},{"not_picked":["beaked:Foresight","beaked:Tradeoff"],"picked":"beaked:Brace","floor":13.0},{"not_picked":["beaked:Brainwash","beaked:FullHouse"],"picked":"ReplayTheSpireMod:Owlgaze","floor":16.0},{"not_picked":["beaked:Poke","beaked:FeelMyPain","beaked:Flinch+1"],"picked":"Singing Bowl","floor":18.0},{"not_picked":["beaked:DigDeep","beaked:Recite","beaked:BarbedWire"],"picked":"Singing Bowl","floor":21.0},{"not_picked":["beaked:Insight","beaked:BloodForTheGods","beaked:Brace"],"picked":"Singing Bowl","floor":22.0},{"not_picked":["construct:PanicFire","hexamod:CatchUp"],"picked":"Guardian:WalkerClaw","floor":24.0},{"not_picked":["StuffTheSpire:Slingshot","StuffTheSpire:Python","sneckomod:DiceBoulder+1"],"picked":"hexamod:SwordOfDarkness","floor":25.0},{"not_picked":["blademaster:Flurry+1","rorgmod:Antivirus","Guardian:Gem_Yellow"],"picked":"Sword Boomerang","floor":27.0},{"not_picked":["StuffTheSpire:Python","hexamod:FlamesFromBeyond","Cold Snap"],"picked":"Barricade","floor":29.0},{"not_picked":["Clockwork:CraftSomewhatSmoothStone+1","TheCursedMod:WearCloak","champ:Riposte+1"],"picked":"ResonantCall","floor":30.0},{"not_picked":["sneckomod:UnknownStrike","TheCursedMod:SpitefulPlan+1","Clockwork:CogBarrier"],"picked":"Flex","floor":31},{"not_picked":["bard:Invisibility","hierophant:Levitation","hexamod:GiftsFromTheDead"],"picked":"TheCursedMod:CircleOfAbyss","floor":33}],"player_experience":877794,"relics_obtained":[{"floor":6.0,"key":"ReplayTheSpireMod:Lightbulb"},{"floor":8.0,"key":"rorgmod:Ceramic Fish"},{"floor":9.0,"key":"Singing Bowl"},{"floor":11.0,"key":"vexMod:MemoryStick"},{"floor":22.0,"key":"PrismaticShard"},{"floor":24.0,"key":"Question Card"},{"floor":26.0,"key":"halation:WeightlessCrab"},{"floor":27.0,"key":"hubris:BottledRain"},{"floor":30.0,"key":"infinitespire:FocusingShard"}],"event_choices":[{"damage_healed":0.0,"max_hp_gain":0.0,"max_hp_loss":0.0,"gold_gain":0.0,"event_name":"Big Fish","player_choice":"Box","floor":7.0,"gold_loss":0.0,"damage_taken":0.0,"relics_obtained":["hubris:OldNail"],"cards_obtained":["Regret"]},{"damage_healed":0.0,"max_hp_gain":0.0,"max_hp_loss":0.0,"gold_gain":0.0,"event_name":"Wheel of Change","player_choice":"Damaged","floor":10.0,"gold_loss":0.0,"damage_taken":5.0},{"damage_healed":0.0,"max_hp_gain":0.0,"max_hp_loss":0.0,"gold_gain":0.0,"event_name":"WeMeetAgain","player_choice":"Paid Gold","floor":14.0,"gold_loss":65.0,"damage_taken":0.0,"relics_obtained":["hubris:TinFlute"]},{"cards_removed":["beaked:Defend_Y"],"damage_healed":0.0,"max_hp_gain":0.0,"max_hp_loss":0.0,"gold_gain":0.0,"event_name":"Beggar","player_choice":"Gave Gold","floor":20.0,"gold_loss":75.0,"damage_taken":0.0}],"is_beta":false,"boss_relics":[{"not_picked":["hubris:HollowSoul","halation:PlatinumPhoenix"],"picked":"construct:ClawGrip"},{"not_picked":["Runic Dome","halation:CatFaceCupcake"],"picked":"Cursed Key"}],"items_purged_floors":[19,19],"is_endless":false,"potions_floor_spawned":[2,6,11,21,24,25,29],"killed_by":"3 Darklings","ascension_level":1}}