{"host":"ga4s3hj9m6nkn6gp","time":1610631617,"event":{"mods":["AchievementEnabler","BaseMod","Bestiary","Colored Powertips","Highlight Path","Minty Spire (QoL Compilation)","Relic Stats","everything is the same but u backflip on backflip"],"gold_per_floor":[111,129,129,1,1,29,29,61,85,260,185,185,185,211,211,306,306,321,78,78,95,95,95,123,123,148,148,164,184,184,49,49,146,146,158,30,0,0,11,42,42,77,77,77,103,121,6,21,21,21,21,21,21,55,55],"floor_reached":56,"language":"ENG","playtime":2766,"items_purged":["Doubt","Defend_B"],"score":1780,"play_id":"488a73e5-763d-42e6-8a9f-7ac6fa124425","local_time":"20210114144017","is_ascension_mode":true,"campfire_choices":[{"data":"Doom and Gloom","floor":7.0,"key":"SMITH"},{"data":"Zap","floor":12.0,"key":"SMITH"},{"data":"Ball Lightning","floor":15.0,"key":"SMITH"},{"data":"Biased Cognition","floor":23.0,"key":"SMITH"},{"data":"Defragment","floor":25.0,"key":"SMITH"},{"data":"Capacitor","floor":27.0,"key":"SMITH"},{"data":"Seek","floor":30.0,"key":"SMITH"},{"data":"Glacier","floor":32.0,"key":"SMITH"},{"floor":49.0,"key":"RECALL"}],"circlet_count":0,"master_deck":["Defend_B","Defend_B","Defend_B","Zap+1","Dualcast","Cold Snap","Streamline+1","Doom and Gloom+1","Compile Driver","Seek","Ball Lightning+1","Biased Cognition+1","Force Field+1","Hello World+1","Rainbow+1","Capacitor+1","Coolheaded","Defragment+1","Go for the Eyes+1","Seek+1","Glacier+1","Echo Form","Loop","Loop+1","Hologram","White Noise+1","Electrodynamics","Lockon+1"],"relics":["Coffee Dripper","Happy Flower","WingedGreaves","Art of War","Blue Candle","Astrolabe","OrangePellets","Enchiridion","Bag of Preparation","PreservedInsect","Fusion Hammer","Red Mask","The Courier","TungstenRod","Lantern","Bag of Marbles","Symbiotic Virus"],"acts_visited":["Exordium","TheCity","TheBeyond","TheEnding"],"potions_floor_usage":[55,55],"damage_taken":[{"damage":9.0,"enemies":"Small Slimes","floor":1.0,"turns":4.0},{"damage":1.0,"enemies":"2 Louse","floor":2.0,"turns":4.0},{"damage":0.0,"enemies":"3 Sentries","floor":6.0,"turns":6.0},{"damage":19.0,"enemies":"Gremlin Nob","floor":8.0,"turns":4.0},{"damage":5.0,"enemies":"3 Sentries","floor":14.0,"turns":3.0},{"damage":21.0,"enemies":"The Guardian","floor":16.0,"turns":10.0},{"damage":1.0,"enemies":"Chosen","floor":18.0,"turns":3.0},{"damage":25.0,"enemies":"3 Byrds","floor":21.0,"turns":4.0},{"damage":11.0,"enemies":"Gremlin Leader","floor":24.0,"turns":5.0},{"damage":0.0,"enemies":"3 Cultists","floor":28.0,"turns":2.0},{"damage":0.0,"enemies":"Centurion and Healer","floor":29.0,"turns":4.0},{"damage":0.0,"enemies":"Collector","floor":33.0,"turns":6.0},{"damage":0.0,"enemies":"3 Darklings","floor":35.0,"turns":4.0},{"damage":0.0,"enemies":"Orb Walker","floor":39.0,"turns":4.0},{"damage":6.0,"enemies":"Reptomancer","floor":40.0,"turns":6.0},{"damage":0.0,"enemies":"Giant Head","floor":42.0,"turns":5.0},{"damage":0.0,"enemies":"Reptomancer","floor":45.0,"turns":4.0},{"damage":0.0,"enemies":"Maw","floor":46.0,"turns":5.0},{"damage":0.0,"enemies":"Transient","floor":48.0,"turns":5.0},{"damage":13.0,"enemies":"Donu and Deca","floor":50.0,"turns":6.0},{"damage":12.0,"enemies":"Shield and Spear","floor":54.0,"turns":4.0},{"damage":0,"enemies":"The Heart","floor":55,"turns":7}],"seed_played":"1878512225487416892","potions_obtained":[{"floor":1.0,"key":"EssenceOfSteel"},{"floor":16.0,"key":"FearPotion"},{"floor":22.0,"key":"DuplicationPotion"},{"floor":22.0,"key":"SkillPotion"},{"floor":22.0,"key":"Explosive Potion"},{"floor":28.0,"key":"EntropicBrew"},{"floor":29.0,"key":"FocusPotion"},{"floor":40.0,"key":"Explosive Potion"}],"is_trial":false,"path_per_floor":["M","M","?","$","?","E","R","E","T","?","$","R","?","E","R","B",null,"M","$","?","M","?","R","E","R","T","R","M","M","R","$","R","B",null,"M","$","?","?","M","E","$","E","T","?","E","M","$","M","R","B",null,"R","$","E","B",null],"character_chosen":"DEFECT","items_purchased":["Doom and Gloom","Compile Driver","OrangePellets","Capacitor","Coolheaded","Glacier","Loop","SpeedPotion","Electrodynamics","PotionOfCapacity"],"campfire_rested":0,"item_purchase_floors":[4,4,19,19,19,31,36,36,47,47],"current_hp_per_floor":[59,58,58,58,51,51,51,32,32,32,32,32,57,52,52,31,64,63,63,47,22,22,22,11,11,11,11,11,11,11,11,11,11,59,59,59,59,59,59,53,53,53,53,53,53,53,53,53,53,40,63,63,63,51,51],"gold":55,"neow_bonus":"BOSS_RELIC","is_daily":false,"chose_seed":false,"campfire_upgraded":8,"win_rate":0.0,"timestamp":1610631617,"path_taken":["M","M","?","$","?","E","R","E","T","?","$","R","?","E","R","BOSS","M","$","?","M","?","R","E","R","T","R","?","M","R","$","R","BOSS","M","$","?","?","?","E","$","E","T","?","E","M","?","M","R","BOSS","R","$","E","BOSS"],"items_purchased_type":["Card","Card","Relic","Card","Card","Card","Card","Potion","Card","Potion"],"build_version":"2020-12-22","purchased_purges":2,"victory":true,"max_hp_per_floor":[75,75,75,75,75,75,75,75,75,75,75,75,75,75,75,75,75,75,75,75,75,75,75,75,75,75,75,75,75,75,75,75,75,75,75,75,75,71,71,71,71,71,71,71,71,71,71,71,71,71,71,71,71,71,71],"relic_stats":{"OrangePellets":[31],"Happy Flower":[30],"counters":[22,104],"Blue Candle":[0],"Astrolabe":["Force Field","Hello World","Rainbow"],"PreservedInsect":323,"Art of War":[9],"Bag of Preparation":[26],"obtain_stats":[{"Lantern":44,"Happy Flower":6,"Blue Candle":14,"Astrolabe":17,"Enchiridion":20,"PreservedInsect":26,"The Courier":40,"Bag of Preparation":24,"OrangePellets":19,"WingedGreaves":8,"Fusion Hammer":34,"Coffee Dripper":0,"Art of War":9,"Red Mask":37,"Bag of Marbles":45,"Cracked Core":0,"Symbiotic Virus":54,"TungstenRod":42},{"Lantern":16,"Happy Flower":3,"Blue Candle":5,"Astrolabe":6,"Enchiridion":7,"PreservedInsect":9,"The Courier":15,"Bag of Preparation":9,"OrangePellets":7,"WingedGreaves":4,"Fusion Hammer":12,"Coffee Dripper":0,"Art of War":4,"Red Mask":13,"Bag of Marbles":17,"Cracked Core":0,"Symbiotic Virus":21,"TungstenRod":16},{"Lantern":73,"Happy Flower":14,"Blue Candle":21,"Astrolabe":31,"Enchiridion":34,"PreservedInsect":43,"The Courier":68,"Bag of Preparation":43,"OrangePellets":34,"WingedGreaves":18,"Fusion Hammer":55,"Coffee Dripper":0,"Art of War":18,"Red Mask":59,"Bag of Marbles":77,"Cracked Core":0,"Symbiotic Virus":97,"TungstenRod":73}],"TungstenRod":18},"card_choices":[{"not_picked":["Tempest","Conserve Battery"],"picked":"Cold Snap","floor":1.0},{"not_picked":["Beam Cell","Steam"],"picked":"Streamline","floor":2.0},{"not_picked":["Rebound","Gash"],"picked":"Seek","floor":6.0},{"not_picked":["Beam Cell","Cold Snap"],"picked":"Ball Lightning","floor":8.0},{"not_picked":["Streamline","Blizzard","Leap"],"picked":"SKIP","floor":14.0},{"not_picked":["Electrodynamics","Echo Form"],"picked":"Biased Cognition","floor":16.0},{"not_picked":["Sunder","Hello World","Aggregate"],"picked":"SKIP","floor":18.0},{"not_picked":["Cold Snap","Aggregate"],"picked":"Defragment","floor":21.0},{"not_picked":["All For One","Reinforced Body"],"picked":"Go for the Eyes+1","floor":24.0},{"not_picked":["Turbo","Go for the Eyes+1","Ball Lightning"],"picked":"SKIP","floor":28.0},{"not_picked":["Hello World","Leap"],"picked":"Seek","floor":29.0},{"not_picked":["Buffer","All For One"],"picked":"Echo Form","floor":33.0},{"not_picked":["Beam Cell","Stack","Static Discharge+1"],"picked":"SKIP","floor":35.0},{"not_picked":["Tempest+1","Steam","Streamline+1"],"picked":"SKIP","floor":39.0},{"not_picked":["Echo Form","Sweeping Beam+1"],"picked":"Loop+1","floor":40.0},{"not_picked":["Barrage","Turbo+1"],"picked":"Hologram","floor":42.0},{"not_picked":["Undo","Compile Driver+1","Reprogram"],"picked":"SKIP","floor":45.0},{"not_picked":["Sweeping Beam","Rebound+1"],"picked":"White Noise+1","floor":46.0},{"not_picked":["Go for the Eyes","Conserve Battery"],"picked":"Lockon+1","floor":48.0},{"not_picked":["Hello World+1","Storm+1","Lockon+1"],"picked":"SKIP","floor":54.0}],"player_experience":623524,"relics_obtained":[{"floor":6.0,"key":"Happy Flower"},{"floor":8.0,"key":"WingedGreaves"},{"floor":9.0,"key":"Art of War"},{"floor":14.0,"key":"Blue Candle"},{"floor":20.0,"key":"Enchiridion"},{"floor":24.0,"key":"Bag of Preparation"},{"floor":26.0,"key":"PreservedInsect"},{"floor":40.0,"key":"The Courier"},{"floor":42.0,"key":"TungstenRod"},{"floor":44.0,"key":"Lantern"},{"floor":45.0,"key":"Bag of Marbles"},{"floor":54.0,"key":"Symbiotic Virus"}],"event_choices":[{"damage_healed":0.0,"max_hp_gain":0.0,"max_hp_loss":0.0,"gold_gain":0.0,"event_name":"Living Wall","player_choice":"Grow","floor":3.0,"gold_loss":0.0,"damage_taken":0.0,"cards_upgraded":["Streamline"]},{"cards_removed":["Strike_B"],"damage_healed":0.0,"max_hp_gain":0.0,"max_hp_loss":0.0,"gold_gain":0.0,"event_name":"Golden Wing","player_choice":"Card Removal","floor":5.0,"gold_loss":0.0,"damage_taken":7.0},{"damage_healed":0.0,"max_hp_gain":0.0,"max_hp_loss":0.0,"gold_gain":175.0,"event_name":"Liars Game","player_choice":"AGREE","floor":10.0,"gold_loss":0.0,"damage_taken":0.0,"cards_obtained":["Doubt"]},{"damage_healed":25.0,"max_hp_gain":0.0,"max_hp_loss":0.0,"gold_gain":0.0,"event_name":"Big Fish","player_choice":"Banana","floor":13.0,"gold_loss":0.0,"damage_taken":0.0},{"damage_healed":0.0,"max_hp_gain":0.0,"max_hp_loss":0.0,"gold_gain":0.0,"event_name":"Cursed Tome","player_choice":"Obtained Book","floor":20.0,"gold_loss":0.0,"damage_taken":16.0},{"damage_healed":0.0,"max_hp_gain":0.0,"max_hp_loss":0.0,"gold_gain":0.0,"event_name":"Lab","player_choice":"Got Potions","floor":22.0,"gold_loss":0.0,"damage_taken":0.0},{"damage_healed":0.0,"max_hp_gain":0.0,"max_hp_loss":0.0,"gold_gain":0.0,"event_name":"Tomb of Lord Red Mask","player_choice":"Paid","floor":37.0,"gold_loss":30.0,"damage_taken":0.0,"relics_obtained":["Red Mask"]},{"damage_healed":0.0,"max_hp_gain":0.0,"max_hp_loss":4.0,"gold_gain":0.0,"event_name":"Winding Halls","player_choice":"Max HP","floor":38.0,"gold_loss":0.0,"damage_taken":0.0},{"damage_healed":0.0,"max_hp_gain":0.0,"max_hp_loss":0.0,"gold_gain":0.0,"event_name":"Wheel of Change","player_choice":"Relic","floor":44.0,"gold_loss":0.0,"damage_taken":0.0}],"is_beta":false,"boss_relics":[{"not_picked":["SlaversCollar","Runic Pyramid"],"picked":"Astrolabe"},{"not_picked":["Tiny House","Black Star"],"picked":"Fusion Hammer"}],"items_purged_floors":[11,31],"is_endless":false,"potions_floor_spawned":[1,16,28,29,40,48],"ascension_level":7}}