{"host":"36pmlr5tgku8jww2","time":1610606379,"event":{"mods":["Act Like it!","Aspiration","BaseMod","Booster Modes","Conspire","Downfall","GifTheSpireLib","Hubris","Infinite Spire","Minty Spire (QoL Compilation)","Quick Restart","Replay The Spire","Spicy Shops","Spikes Relics","StSLib","Stuff the Spire"],"gold_per_floor":[99,99,63,63,163,163,210,230,230,230,230,230,380,395,414,512,512,512,529,529,541,541,541,541,541,541,568,217,217,77,88,98,197,197,197,213,230,1229,896,914,914,931,951,514,97,97,116,116,136,136],"floor_reached":51,"language":"ENG","playtime":2780,"items_purged":["hexamod:Strike","hexamod:Defend","hexamod:Strike","Normality","Normality"],"score":728,"play_id":"edf6965a-c090-4a81-813b-2dfa9bc3b56d","local_time":"20210114013939","is_ascension_mode":false,"campfire_choices":[{"floor":1,"key":"DIG"},{"data":"hexamod:ExtraCrispy","floor":9,"key":"SMITH"},{"data":"hexamod:ExtraCrispy","floor":12,"key":"SMITH"},{"floor":18,"key":"REST"},{"floor":29,"key":"REST"},{"floor":35,"key":"REST"},{"floor":46,"key":"REST"}],"circlet_count":0,"master_deck":["hexamod:Strike","hexamod:Strike","hexamod:Defend+1","hexamod:Defend","hexamod:Defend+1","hexamod:Sear","hexamod:Float","hexamod:BurningTouch+1","hexamod:ChargedBarrage","hexamod:RainOfEmbers+1","hexamod:ExtraCrispy+1","hexamod:ExtraCrispy+1","hexamod:TimeWarp","hexamod:EmpoweringStance","hexamod:EmpoweredFlame","infinitespire:Collect","Shame","hexamod:EmpoweredFlame","hexamod:DynamicBlow","hexamod:CrushingStance","hexamod:PhantomFireball","hexamod:BurningTouch","hexamod:EmpoweringStance","hexamod:DynamicBlow+1","hubris:PowerSurge+1","hexamod:SearingWound","Master of Strategy","Crystallizer+1"],"relics":["hexamod:SpiritBrand","downfall:HeartsMalice","Regal Pillow","CherryCoatedStake","Fusion Hammer","Pocketwatch","infinitespire:ShieldingShard","HornCleat","aspiration:DefectSkillbook","Blue Doll","Chemical X","hubris:CuriousFeather","BargainBundle","Lantern"],"acts_visited":["Exordium","TheCity","TheBeyond"],"potions_floor_usage":[16,33,42,42,43,43,50],"damage_taken":[{"damage":0,"enemies":"Jaw Worm","floor":2,"turns":1},{"damage":0,"enemies":"downfall:FleeingMerchant","floor":3,"turns":1},{"damage":0,"enemies":"conspire:RoseBush","floor":6,"turns":1},{"damage":0,"enemies":"Cultist","floor":8,"turns":3},{"damage":14,"enemies":"conspire:2 RoseBushes","floor":14,"turns":4},{"damage":4,"enemies":"3 Louse","floor":15,"turns":4},{"damage":37,"enemies":"downfall:Silent","floor":16,"turns":6},{"damage":4,"enemies":"3 Byrds","floor":19,"turns":5},{"damage":6,"enemies":"Shell Parasite","floor":21,"turns":3},{"damage":25,"enemies":"conspire:Head Lice","floor":27,"turns":7},{"damage":0,"enemies":"downfall:FleeingMerchant","floor":28,"turns":4},{"damage":0,"enemies":"downfall:FleeingMerchant","floor":30,"turns":4},{"damage":0,"enemies":"Snecko","floor":31,"turns":3},{"damage":5,"enemies":"Centurion and Healer","floor":32,"turns":4},{"damage":25,"enemies":"downfall:Ironclad","floor":33,"turns":7},{"damage":8,"enemies":"3 Darklings","floor":36,"turns":4},{"damage":3,"enemies":"Orb Walker","floor":37,"turns":3},{"damage":32,"enemies":"Sphere and 2 Shapes","floor":40,"turns":6},{"damage":0,"enemies":"Writhing Mass","floor":42,"turns":3},{"damage":41,"enemies":"Spire Growth","floor":43,"turns":5},{"damage":0,"enemies":"downfall:FleeingMerchant","floor":44,"turns":3},{"damage":0,"enemies":"Sphere and 2 Shapes","floor":47,"turns":3},{"damage":0,"enemies":"Maw","floor":49,"turns":4},{"damage":9,"enemies":"downfall:Defect","floor":50,"turns":4}],"seed_played":"-5581374866124888004","potions_obtained":[{"floor":8,"key":"Guardian:BlockOnCardUsePotion"},{"floor":15,"key":"Swift Potion"},{"floor":21,"key":"sneckomod:MuddlingPotion"},{"floor":31,"key":"Block Potion"},{"floor":33,"key":"EssenceOfSteel"},{"floor":42,"key":"EssenceOfSteel"},{"floor":43,"key":"Block Potion"}],"is_trial":false,"path_per_floor":["R","M","$","?","?","M","T","M","R","?","T","R","?","M","M","B",null,"R","M","?","M","AVR","?","T","?","?","E","$","R","$","M","M","B",null,"R","M","M","?","?","M","T","M","M","$","$","R","M","$","M","B",null],"character_chosen":"THE_SPIRIT","items_purchased":["hexamod:RainOfEmbers","hexamod:CrushingStance","Master of Strategy","Chemical X","hubris:CuriousFeather","BargainBundle","DistilledChaos","ColorlessPotion","sneckomod:MuddlingPotion","Lantern"],"campfire_rested":4,"item_purchase_floors":[3,28,44,44,44,45,45,45,45,45],"current_hp_per_floor":[70,70,70,70,70,70,70,70,70,70,70,70,70,58,58,21,70,70,66,66,60,60,60,60,60,60,40,40,70,70,70,68,43,70,70,62,59,59,79,51,51,51,10,10,10,48,50,50,50,41],"gold":136,"neow_bonus":"THREE_ENEMY_KILL","is_daily":false,"chose_seed":false,"campfire_upgraded":2,"win_rate":0.0,"timestamp":1610606379,"path_taken":["R","M","$","?","?","M","T","?","R","?","?","R","?","?","M","BOSS","R","M","?","?","AVR","?","T","?","?","E","$","R","$","?","M","BOSS","R","M","M","?","?","M","T","M","M","?","$","R","?","$","M","BOSS"],"items_purchased_type":["Card","Card","Card","Relic","Relic","Relic","Potion","Potion","Potion","Relic"],"build_version":"2020-12-22","purchased_purges":5,"victory":true,"max_hp_per_floor":[70,70,70,70,70,70,70,70,70,70,70,70,70,70,70,70,70,70,70,70,70,70,70,70,70,70,70,70,70,70,70,70,70,70,70,70,70,70,79,79,79,79,79,79,79,79,79,79,79,79],"card_choices":[{"not_picked":["hexamod:HeatMetal","hexamod:GhostOfSpirePast"],"picked":"hexamod:BurningTouch","floor":2},{"not_picked":["hexamod:SpectersWail","hexamod:GhostOfSpirePast"],"picked":"hexamod:ChargedBarrage","floor":3},{"not_picked":["hexamod:SecondSeal","hexamod:FourthSeal"],"picked":"hexamod:ExtraCrispy","floor":6},{"not_picked":["hexamod:ChargedBarrage","hexamod:ThermalTransfer"],"picked":"hexamod:ExtraCrispy","floor":8},{"not_picked":["hexamod:GhostLash","hexamod:Firestarter","hexamod:NightmareGuise"],"picked":"SKIP","floor":14},{"not_picked":["hexamod:ThirdSeal","hexamod:FastForward"],"picked":"hexamod:TimeWarp","floor":15},{"not_picked":["hexamod:FifthSeal","hexamod:GhostflameInferno"],"picked":"hexamod:EmpoweringStance","floor":16},{"not_picked":["hexamod:RadiantFlame","hexamod:Rewind"],"picked":"hexamod:EmpoweredFlame","floor":19},{"not_picked":["hexamod:NightmareGuise+1","hexamod:ThermalTransfer","hexamod:RecurringNightmare"],"picked":"SKIP","floor":21},{"not_picked":["hexamod:GhostOfSpirePast+1","hexamod:NecessarySacrifice"],"picked":"hexamod:EmpoweredFlame","floor":27},{"not_picked":["hexamod:ParanormalForm","hexamod:NecessarySacrifice+1"],"picked":"hexamod:DynamicBlow","floor":28},{"not_picked":["hexamod:SpectersWail","hexamod:BacktrackSmack"],"picked":"hexamod:PhantomFireball","floor":30},{"not_picked":["hexamod:HauntingEcho","hexamod:ThermalTransfer","hexamod:RetreatToShadows+1"],"picked":"SKIP","floor":31},{"not_picked":["hexamod:HeatMetal","hexamod:CatchUp+1"],"picked":"hexamod:BurningTouch","floor":32},{"not_picked":["hexamod:FifthSeal","hexamod:ParanormalForm"],"picked":"hexamod:EmpoweringStance","floor":33},{"not_picked":["Compile Driver","hexamod:GhostShield+1","Undo","hexamod:NightmareGuise"],"picked":"SKIP","floor":36},{"not_picked":["hexamod:GhostShield+1","hubris:DoWhile","hexamod:NecessarySacrifice","hexamod:FourthSeal"],"picked":"SKIP","floor":37},{"not_picked":["hexamod:GhostShield+1","Steam+1","hexamod:NightmareStrike+1","hexamod:HauntingEcho"],"picked":"SKIP","floor":40},{"not_picked":["Tempest","Steam","Gash+1"],"picked":"hexamod:DynamicBlow+1","floor":42},{"not_picked":["Beam Cell","Coolheaded","hexamod:ThermalTransfer+1"],"picked":"hubris:PowerSurge+1","floor":43},{"not_picked":["Reinforced Body+1","Consume","Stack+1"],"picked":"hexamod:SearingWound","floor":44},{"not_picked":["Stack","hexamod:InspiringFlames+1","hexamod:SwordOfDarkness"],"picked":"Crystallizer+1","floor":47},{"not_picked":["Conserve Battery","Capacitor+1","hexamod:Hexaguard","Steam"],"picked":"SKIP","floor":49}],"player_experience":2185777,"relics_obtained":[{"floor":1,"key":"hubris:ToyBattleship"},{"floor":7,"key":"Regal Pillow"},{"floor":11,"key":"CherryCoatedStake"},{"floor":24,"key":"infinitespire:ShieldingShard"},{"floor":27,"key":"HornCleat"},{"floor":41,"key":"Blue Doll"}],"event_choices":[{"cards_removed":["Regret"],"damage_healed":0,"gold_gain":0,"player_choice":"Purged","damage_taken":0,"max_hp_gain":0,"max_hp_loss":0,"event_name":"Purifier","floor":20,"gold_loss":0},{"damage_healed":0,"gold_gain":0,"player_choice":"Stole Relic","damage_taken":0,"relics_obtained":["Pocketwatch"],"max_hp_gain":0,"max_hp_loss":0,"event_name":"Addict","floor":23,"gold_loss":0,"cards_obtained":["Shame"]},{"damage_healed":0,"gold_gain":0,"player_choice":"Leave","damage_taken":0,"max_hp_gain":0,"max_hp_loss":0,"event_name":"conspire:Investor","floor":25,"gold_loss":0}],"is_beta":false,"boss_relics":[{"not_picked":["hubris:Stopwatch","aspiration:PoetsPen_weak"],"picked":"Fusion Hammer"},{"not_picked":["Replay:Ancient Bell","Calling Bell"],"picked":"aspiration:DefectSkillbook"}],"items_purged_floors":[28,28,30,44,45],"is_endless":false,"potions_floor_spawned":[8,15,21,31,32,33,42,43,49],"ascension_level":0}}