{"host":"l84l8xigz5v5foa2","time":1610639570,"event":{"mods":["2.2 Compatiblity","AchievementEnabler","BaseMod","Better Note","Better Vampires","Card Filter","Colored Map","DeckTracker","Downfall","Gremlin Skip","Highlight Path","Keyboard Shortcuts","Minty Spire (QoL Compilation)","Permanent Neow","Quick Restart","Relic Filter","Relic Stats","StSLib","SuperFastMode","Transform Curses","Unknown Chances"],"gold_per_floor":[99,119,119,169,187,187,213,226,226,238,238,269,297,297,316,390,390,315,325,337,155,166,274,274,274,301,301,301,301,209,230,243,316,316,241,141,155,180,180,180,180,180,219,144,144,167,167,195,206,206,206,238,70,70,70],"floor_reached":56,"language":"ENG","playtime":3823,"items_purged":["hexamod:Strike+1","hexamod:FlamesFromBeyond"],"score":2456,"play_id":"6e9a0a9e-fe86-422c-b6f1-c395b15c8991","local_time":"20210115005250","is_ascension_mode":true,"campfire_choices":[{"data":"hexamod:Float","floor":1.0,"key":"SMITH"},{"data":"hexamod:GhostLash","floor":6.0,"key":"SMITH"},{"data":"hexamod:RadiantFlame","floor":9.0,"key":"SMITH"},{"data":"hexamod:GhostOfSpirePast","floor":18.0,"key":"SMITH"},{"floor":25.0,"key":"RECALL"},{"data":"hexamod:GiftsFromTheDead","floor":35.0,"key":"SMITH"},{"data":"hexamod:Rewind","floor":40.0,"key":"SMITH"},{"data":"hexamod:Incineration","floor":44.0,"key":"SMITH"},{"data":"expansioncontent:DefensiveStance","floor":47.0,"key":"SMITH"}],"circlet_count":0,"master_deck":["AscendersBane","hexamod:Strike+1","hexamod:Defend+1","hexamod:Defend+1","hexamod:Float+1","hexamod:RadiantFlame+1","hexamod:GhostLash+1","hexamod:ShieldOfDarkness+1","hexamod:Hexaguard+1","hexamod:SwordOfDarkness+1","hexamod:NightmareGuise+1","hexamod:AdvancingGuard+1","hexamod:GhostOfSpirePast+1","hexamod:GhostOfSpirePast+1","hexamod:TimeWarp+1","hexamod:HexaLevel+1","hexamod:GhostShield+1","hexamod:GiftsFromTheDead+1","hexamod:TimeWarp+1","hexamod:Float+1","hexamod:StepThrough+1","hexamod:HauntingEcho+1","hexamod:SpectralSpark+1","hexamod:DynamicBlow+1","hexamod:EmpoweringStance+1","hexamod:StepThrough+1","hexamod:FastForward+1","hexamod:ShieldOfDarkness+1","hexamod:ThirdSeal","hexamod:SixthSeal","hexamod:ThermalTransfer+1","hexamod:Rewind+1","hexamod:Incineration+1","expansioncontent:Chronoboost+1","expansioncontent:DefensiveStance+1","hexamod:FourthSeal","hexamod:AdvancingGuard+1"],"relics":["hexamod:SpiritBrand","Pen Nib","downfall:ShatteredFragment","Pocketwatch","Odd Mushroom","Kunai","expansioncontent:StudyCardRelic","downfall:HeartBlessingGreen","DollysMirror","Sundial","Bird Faced Urn","hexamod:TheBrokenSeal","Coffee Dripper","downfall:HeartBlessingRed","hexamod:Sixitude","Whetstone","Anchor","downfall:HeartBlessingBlue","hexamod:TheBrokenSeal","Bottled Lightning","Oddly Smooth Stone","Art of War"],"acts_visited":["Exordium","TheCity","TheBeyond","TheEnding"],"potions_floor_usage":[55],"damage_taken":[{"damage":7.0,"enemies":"Small Slimes","floor":2.0,"turns":4.0},{"damage":1.0,"enemies":"Cultist","floor":5.0,"turns":4.0},{"damage":4.0,"enemies":"2 Louse","floor":8.0,"turns":3.0},{"damage":7.0,"enemies":"Exordium Thugs","floor":10.0,"turns":4.0},{"damage":12.0,"enemies":"3 Sentries","floor":12.0,"turns":7.0},{"damage":5.0,"enemies":"The Mushroom Lair","floor":13.0,"turns":4.0},{"damage":0.0,"enemies":"2 Fungi Beasts","floor":15.0,"turns":3.0},{"damage":14.0,"enemies":"downfall:Defect","floor":16.0,"turns":6.0},{"damage":0.0,"enemies":"3 Byrds","floor":19.0,"turns":4.0},{"damage":0.0,"enemies":"Spheric Guardian","floor":20.0,"turns":5.0},{"damage":0.0,"enemies":"downfall:FleeingMerchant","floor":21.0,"turns":4.0},{"damage":7.0,"enemies":"Centurion and Healer","floor":22.0,"turns":8.0},{"damage":24.0,"enemies":"downfall:Augmenter","floor":23.0,"turns":6.0},{"damage":0.0,"enemies":"Snecko","floor":26.0,"turns":3.0},{"damage":0.0,"enemies":"downfall:FleeingMerchant","floor":30.0,"turns":4.0},{"damage":0.0,"enemies":"3 Cultists","floor":31.0,"turns":6.0},{"damage":18.0,"enemies":"Snake Plant","floor":32.0,"turns":3.0},{"damage":6.0,"enemies":"downfall:Silent","floor":33.0,"turns":5.0},{"damage":0.0,"enemies":"3 Darklings","floor":37.0,"turns":5.0},{"damage":25.0,"enemies":"Mind Bloom Boss Battle","floor":38.0,"turns":6.0},{"damage":5.0,"enemies":"Nemesis","floor":43.0,"turns":7.0},{"damage":9.0,"enemies":"Orb Walker","floor":46.0,"turns":7.0},{"damage":0.0,"enemies":"Reptomancer","floor":48.0,"turns":4.0},{"damage":0.0,"enemies":"Jaw Worm Horde","floor":49.0,"turns":5.0},{"damage":0.0,"enemies":"downfall:Ironclad","floor":50.0,"turns":7.0},{"damage":0.0,"enemies":"downfall:CharBossMerchant","floor":52.0,"turns":5.0},{"damage":0,"enemies":"downfall:NeowBoss","floor":55,"turns":12}],"seed_played":"-70502712607522419","potions_obtained":[{"floor":5.0,"key":"FearPotion"},{"floor":12.0,"key":"hexamod:DoubleChargePotion"},{"floor":13.0,"key":"Block Potion"},{"floor":19.0,"key":"AttackPotion"},{"floor":20.0,"key":"Swift Potion"},{"floor":21.0,"key":"GamblersBrew"},{"floor":22.0,"key":"ColorlessPotion"},{"floor":26.0,"key":"Guardian:BlockOnCardUsePotion"},{"floor":26.0,"key":"FearPotion"},{"floor":32.0,"key":"LiquidMemories"},{"floor":33.0,"key":"Swift Potion"},{"floor":38.0,"key":"Fire Potion"},{"floor":38.0,"key":"ColorlessPotion"},{"floor":48.0,"key":"LiquidBronze"},{"floor":49.0,"key":"hexamod:EctoCoolerPotion"}],"is_trial":false,"path_per_floor":["R","M","?","?","M","R","T","M","R","M","?","E","?","T","M","B",null,"R","M","M","$","M","?","T","R","M","?","?","?","$","M","M","B",null,"R","$","M","?","$","R","T","T","E","R","?","M","R","E","M","B",null,"E","$","R","B",null],"character_chosen":"THE_SPIRIT","items_purchased":["DollysMirror","Bird Faced Urn","Art of War"],"campfire_rested":0,"item_purchase_floors":[21,30,53],"current_hp_per_floor":[57,50,55,55,61,61,61,62,62,55,34,29,31,31,38,24,53,53,60,62,62,62,45,45,45,45,45,45,45,52,72,58,72,72,72,72,72,61,61,61,61,61,67,77,67,92,92,92,92,92,92,92,92,92,92],"gold":70,"neow_bonus":"TRANSFORM_TWO_CARDS","is_daily":false,"chose_seed":false,"campfire_upgraded":8,"win_rate":0.0,"timestamp":1610639570,"path_taken":["R","M","?","?","M","R","T","?","R","M","?","E","?","?","M","BOSS","R","M","M","$","M","?","T","R","M","?","?","?","$","M","M","BOSS","R","$","?","?","?","R","T","?","E","R","?","M","R","E","M","BOSS","E","$","R","BOSS"],"items_purchased_type":["Relic","Relic","Relic"],"build_version":"2020-12-22","purchased_purges":2,"victory":true,"max_hp_per_floor":[57,57,62,62,62,62,62,62,62,62,62,62,62,62,62,62,62,62,62,62,62,62,62,62,62,62,62,62,62,62,72,72,72,72,72,72,72,72,72,72,72,72,72,82,82,92,92,92,92,92,92,92,92,92,92],"relic_stats":{"counters":[27,141],"Sundial":[6],"Bird Faced Urn":[80],"Pen Nib":[32],"Art of War":[0],"Kunai":[57],"Whetstone":["hexamod:StepThrough","hexamod:StepThrough"],"obtain_stats":[{"downfall:ShatteredFragment":11,"downfall:HeartBlessingRed":35,"hexamod:TheBrokenSeal":31,"hexamod:Sixitude":38,"Oddly Smooth Stone":52,"downfall:HeartBlessingGreen":18,"Pen Nib":7,"expansioncontent:StudyCardRelic":17,"Whetstone":42,"Odd Mushroom":13,"Anchor":43,"DollysMirror":21,"Sundial":24,"downfall:HeartBlessingBlue":44,"Bird Faced Urn":30,"Coffee Dripper":34,"Art of War":53,"Kunai":14,"Bottled Lightning":48,"hexamod:SpiritBrand":0,"Pocketwatch":12},{"downfall:ShatteredFragment":4,"downfall:HeartBlessingRed":18,"hexamod:TheBrokenSeal":16,"hexamod:Sixitude":20,"Oddly Smooth Stone":26,"downfall:HeartBlessingGreen":8,"Pen Nib":2,"expansioncontent:StudyCardRelic":8,"Whetstone":20,"Odd Mushroom":6,"Anchor":21,"DollysMirror":11,"Sundial":13,"downfall:HeartBlessingBlue":21,"Bird Faced Urn":15,"Coffee Dripper":18,"Art of War":26,"Kunai":6,"Bottled Lightning":23,"hexamod:SpiritBrand":0,"Pocketwatch":5},{"downfall:ShatteredFragment":15,"downfall:HeartBlessingRed":83,"hexamod:TheBrokenSeal":75,"hexamod:Sixitude":94,"Oddly Smooth Stone":129,"downfall:HeartBlessingGreen":35,"Pen Nib":8,"expansioncontent:StudyCardRelic":35,"Whetstone":94,"Odd Mushroom":26,"Anchor":101,"DollysMirror":48,"Sundial":62,"downfall:HeartBlessingBlue":101,"Bird Faced Urn":69,"Coffee Dripper":83,"Art of War":129,"Kunai":26,"Bottled Lightning":112,"hexamod:SpiritBrand":0,"Pocketwatch":22}],"Pocketwatch":[33]},"card_choices":[{"not_picked":["hexamod:SwordOfDarkness","hexamod:GhostShield"],"picked":"hexamod:FirstSeal","floor":2.0},{"not_picked":["hexamod:ThermalTransfer","hexamod:InspiringFlames"],"picked":"hexamod:GhostLash","floor":5.0},{"not_picked":["hexamod:HeatShield","hexamod:GhostLash"],"picked":"hexamod:ShieldOfDarkness","floor":8.0},{"not_picked":["hexamod:ExtraCrispy","hexamod:GhostOfSpirePresent"],"picked":"hexamod:Hexaguard","floor":10.0},{"not_picked":["hexamod:FirstSeal","hexamod:FourthSeal"],"picked":"hexamod:ThirdSeal","floor":12.0},{"not_picked":["hexamod:BacktrackSmack","hexamod:GhostLash"],"picked":"hexamod:SwordOfDarkness","floor":12.0},{"not_picked":["hexamod:ThermalTransfer","hexamod:SwordOfDarkness"],"picked":"hexamod:NightmareGuise","floor":13.0},{"not_picked":["hexamod:Firestarter","hexamod:Toasty"],"picked":"hexamod:AdvancingGuard","floor":13.0},{"not_picked":["hexamod:FirstSeal","hexamod:ExtraCrispy"],"picked":"hexamod:GhostOfSpirePast","floor":15.0},{"not_picked":["hexamod:RetreatToShadows","hexamod:Again"],"picked":"hexamod:GhostOfSpirePast","floor":15.0},{"not_picked":["hexamod:FourthSeal","hexamod:SecondSeal"],"picked":"hexamod:SixthSeal","floor":15.0},{"not_picked":["hexamod:GhostflameInferno","hexamod:HexaLevel"],"picked":"hexamod:TimeWarp","floor":16.0},{"not_picked":["hexamod:SearingWound","hexamod:TimeOfNeed"],"picked":"hexamod:HexaLevel","floor":16.0},{"not_picked":["hexamod:SixthSeal","hexamod:FirstSeal"],"picked":"hexamod:FourthSeal","floor":16.0},{"not_picked":["hexamod:FirstSeal","hexamod:FourthSeal"],"picked":"hexamod:SixthSeal","floor":19.0},{"not_picked":["hexamod:PhantomFireball+1","hexamod:Hexaguard"],"picked":"hexamod:GhostShield+1","floor":19.0},{"not_picked":["hexamod:NightmareStrike","hexamod:SpectralSpark","hexamod:NightmareGuise"],"picked":"SKIP","floor":19.0},{"not_picked":["hexamod:Incineration","hexamod:InspiringFlames"],"picked":"hexamod:GiftsFromTheDead","floor":20.0},{"not_picked":["hexamod:BurningTouch+1","hexamod:HeatShield","hexamod:RainOfEmbers"],"picked":"SKIP","floor":20.0},{"not_picked":["hexamod:FourthSeal","hexamod:FirstSeal"],"picked":"hexamod:ThirdSeal","floor":21.0},{"not_picked":["hexamod:HeatMetal","hexamod:FlamesFromBeyond"],"picked":"hexamod:TimeWarp","floor":21.0},{"not_picked":["hexamod:SwordOfDarkness","hexamod:BurningTouch","hexamod:PhantomCloak"],"picked":"SKIP","floor":21.0},{"not_picked":["hexamod:GhostLash","hexamod:BurningTouch"],"picked":"hexamod:StepThrough","floor":22.0},{"not_picked":["hexamod:SixthSeal","hexamod:ThirdSeal"],"picked":"hexamod:SecondSeal","floor":22.0},{"not_picked":["hexamod:PhantomCloak","hexamod:DynamicBlow"],"picked":"hexamod:HauntingEcho","floor":22.0},{"not_picked":["hexamod:GhostShield","hexamod:GhostLash","hexamod:PhantomCloak"],"picked":"SKIP","floor":22.0},{"not_picked":["hexamod:BacktrackSmack","hexamod:NightmareGuise"],"picked":"hexamod:EmpoweringStance","floor":23.0},{"not_picked":["hexamod:ThirdSeal","hexamod:SecondSeal"],"picked":"hexamod:FourthSeal","floor":23.0},{"not_picked":["hexamod:ThermalTransfer","hexamod:NightmareGuise","hexamod:SkipABeat"],"picked":"SKIP","floor":26.0},{"not_picked":["hexamod:SwordOfDarkness","hexamod:SecondSeal"],"picked":"hexamod:StepThrough","floor":30.0},{"not_picked":["hexamod:SixthSeal","hexamod:ThirdSeal"],"picked":"hexamod:FastForward","floor":30.0},{"not_picked":["hexamod:GhostLash","hexamod:BacktrackSmack"],"picked":"hexamod:ShieldOfDarkness+1","floor":31.0},{"not_picked":["hexamod:AdvancingGuard","hexamod:SpectersWail","hexamod:CatchUp"],"picked":"SKIP","floor":31.0},{"not_picked":["hexamod:BurningTouch","hexamod:NightmareGuise"],"picked":"hexamod:ThirdSeal","floor":32.0},{"not_picked":["hexamod:FlamesFromBeyond+1","hexamod:CatchUp","hexamod:SwordOfDarkness"],"picked":"SKIP","floor":32.0},{"not_picked":["hexamod:HexaLevel","hexamod:Toasty"],"picked":"hexamod:FifthSeal","floor":33.0},{"not_picked":["hexamod:SecondSeal","hexamod:ThirdSeal"],"picked":"hexamod:SixthSeal","floor":37.0},{"not_picked":["hexamod:GhostShield","hexamod:SkipABeat+1","hexamod:FastForward"],"picked":"SKIP","floor":37.0},{"not_picked":["hexamod:BurningTouch","hexamod:GhostOfSpirePresent","hexamod:SkipABeat+1"],"picked":"SKIP","floor":37.0},{"not_picked":["hexamod:PowerFromBeyond+1","hexamod:ThermalTransfer","hexamod:EtherealExpedition"],"picked":"SKIP","floor":37.0},{"not_picked":["hexamod:PowerFromBeyond+1","hexamod:EtherealExpedition"],"picked":"hexamod:ThermalTransfer","floor":37.0},{"not_picked":["hexamod:GhostShield","hexamod:SkipABeat+1","hexamod:FastForward"],"picked":"SKIP","floor":37.0},{"not_picked":["hexamod:BurningTouch","hexamod:GhostOfSpirePresent","hexamod:SkipABeat+1"],"picked":"SKIP","floor":37.0},{"not_picked":["hexamod:RainOfEmbers","hexamod:ExtraCrispy"],"picked":"hexamod:Rewind","floor":38.0},{"not_picked":["hexamod:SixthSeal","hexamod:ThirdSeal"],"picked":"hexamod:SecondSeal","floor":38.0},{"not_picked":["hexamod:ThirdSeal","hexamod:SixthSeal"],"picked":"hexamod:FirstSeal","floor":43.0},{"not_picked":["hexamod:GhostShield","hexamod:Hexaguard"],"picked":"hexamod:Incineration","floor":43.0},{"not_picked":["hexamod:ParanormalForm","hexamod:ShieldOfDarkness","hexamod:BurningTouch"],"picked":"SKIP","floor":43.0},{"not_picked":["hexamod:ChargedBarrage","hexamod:BurningTouch+1","hexamod:NightmareGuise"],"picked":"SKIP","floor":43.0},{"not_picked":["expansioncontent:DefensiveStance","expansioncontent:PolyBeam"],"picked":"expansioncontent:Chronoboost","floor":45.0},{"not_picked":["expansioncontent:PolyBeam","expansioncontent:ManipulateTime"],"picked":"expansioncontent:DefensiveStance","floor":45.0},{"not_picked":["hexamod:ThirdSeal","hexamod:SecondSeal"],"picked":"hexamod:FourthSeal","floor":46.0},{"not_picked":["hexamod:AdvancingGuard+1","hexamod:RainOfEmbers","hexamod:FastForward"],"picked":"SKIP","floor":46.0},{"not_picked":["hexamod:CatchUp","hexamod:BacktrackSmack","hexamod:FastForward"],"picked":"SKIP","floor":46.0},{"not_picked":["hexamod:RainOfEmbers","hexamod:FastForward"],"picked":"hexamod:AdvancingGuard+1","floor":46.0},{"not_picked":["hexamod:CatchUp","hexamod:BacktrackSmack","hexamod:FastForward"],"picked":"SKIP","floor":46.0},{"not_picked":["hexamod:SoulSteal","hexamod:SecondSeal","hexamod:NightmareGuise"],"picked":"SKIP","floor":48.0},{"not_picked":["hexamod:RetreatToShadows","hexamod:AdvancingGuard+1","hexamod:FastForward+1"],"picked":"SKIP","floor":49.0},{"not_picked":["hexamod:Firestarter","hexamod:SpectralSpark","hexamod:InspiringFlames"],"picked":"SKIP","floor":49.0},{"not_picked":["hexamod:InspiringFlames+1","hexamod:SkipABeat","hexamod:VolcanoVisage"],"picked":"SKIP","floor":52.0},{"not_picked":["hexamod:BacktrackSmack","hexamod:ThermalTransfer","hexamod:EtherealExpedition"],"picked":"SKIP","floor":52.0}],"player_experience":3202040,"relics_obtained":[{"floor":7.0,"key":"Pen Nib"},{"floor":12.0,"key":"Pocketwatch"},{"floor":13.0,"key":"Odd Mushroom"},{"floor":14.0,"key":"Kunai"},{"floor":24.0,"key":"Sundial"},{"floor":38.0,"key":"hexamod:Sixitude"},{"floor":42.0,"key":"Whetstone"},{"floor":43.0,"key":"Anchor"},{"floor":48.0,"key":"Bottled Lightning"},{"floor":52.0,"key":"Oddly Smooth Stone"}],"event_choices":[{"damage_healed":0.0,"max_hp_gain":5.0,"max_hp_loss":0.0,"gold_gain":0.0,"event_name":"Big Fish","player_choice":"Donut","floor":3.0,"gold_loss":0.0,"damage_taken":0.0},{"damage_healed":0.0,"max_hp_gain":0.0,"max_hp_loss":0.0,"gold_gain":0.0,"event_name":"Mushrooms","player_choice":"Fought Mushrooms","floor":13.0,"gold_loss":0.0,"damage_taken":0.0},{"damage_healed":0.0,"max_hp_gain":0.0,"max_hp_loss":0.0,"gold_gain":0.0,"event_name":"Vampires","player_choice":"Ignored","floor":27.0,"gold_loss":0.0,"damage_taken":0.0},{"damage_healed":0.0,"max_hp_gain":0.0,"max_hp_loss":0.0,"gold_gain":0.0,"cards_transformed":["hexamod:Defend"],"event_name":"Transmorgrifier","player_choice":"Transformed","floor":29.0,"gold_loss":0.0,"damage_taken":0.0,"cards_obtained":["hexamod:FlamesFromBeyond"]}],"is_beta":false,"boss_relics":[{"not_picked":["Sozu","Calling Bell"],"picked":"expansioncontent:StudyCardRelic"},{"not_picked":["hexamod:IceCube","Fusion Hammer"],"picked":"Coffee Dripper"}],"items_purged_floors":[30,36],"is_endless":false,"potions_floor_spawned":[5,12,13,15,19,20,26,32,33,38,49],"ascension_level":20}}