{"host":"9h1qbmp5h1ch7u4r","time":1610661775,"event":{"mods":["BaseMod","Minty Spire (QoL Compilation)","StSLib","The Animator"],"gold_per_floor":[127,137,152,182,199,199,199],"floor_reached":6,"language":"ENG","playtime":511,"items_purged":[],"score":52,"play_id":"9224c93a-20f1-4de7-a816-4c52f5413d72","local_time":"20210114170255","is_ascension_mode":true,"campfire_choices":[],"circlet_count":0,"master_deck":["animator:Strike_Katanagatari","animator:Defend_Katanagatari","animator:Strike","animator:Strike","animator:Defend","animator:Defend","animator:Defend","animator:Azekura","animator:Emonzaemon","animator:Shichika","animator:Konayuki","animator:ZankiKiguchi","animator:Mikaela"],"relics":["animator:LivingPicture","animator:TheMissingPiece","animator:PurgingStone"],"acts_visited":["Exordium"],"potions_floor_usage":[6],"damage_taken":[{"damage":0,"enemies":"Jaw Worm","floor":1,"turns":6},{"damage":0,"enemies":"Cultist","floor":2,"turns":4},{"damage":0,"enemies":"Small Slimes","floor":3,"turns":4},{"damage":10,"enemies":"3 Louse","floor":4,"turns":4},{"damage":26,"enemies":"Lots of Slimes","floor":5,"turns":6},{"damage":32,"enemies":"Gremlin Nob","floor":6,"turns":5}],"seed_played":"6208898580823456565","potions_obtained":[{"floor":2,"key":"Block Potion"},{"floor":4,"key":"animator:FalseLifePotion"},{"floor":5,"key":"Regen Potion"}],"is_trial":false,"path_per_floor":["M","M","M","M","M","E"],"character_chosen":"THE_ANIMATOR","items_purchased":[],"campfire_rested":0,"item_purchase_floors":[],"current_hp_per_floor":[59,59,60,50,24,6,6],"gold":199,"neow_bonus":"REMOVE_CARD","is_daily":false,"chose_seed":false,"campfire_upgraded":0,"win_rate":0.0,"timestamp":1610661775,"path_taken":["M","M","M","M","M","E"],"items_purchased_type":[],"build_version":"2020-12-22","purchased_purges":0,"victory":false,"max_hp_per_floor":[66,66,67,67,67,67,67],"card_choices":[{"not_picked":["animator:Cocytus","animator:YachiyoNanami"],"picked":"animator:Shichika","floor":1},{"not_picked":["animator:Kuribayashi","animator:Rider","animator:ElricEdward"],"picked":"SKIP","floor":2},{"not_picked":["animator:IrohaTamaki","animator:Priestess"],"picked":"animator:Konayuki","floor":3},{"not_picked":["animator:Emonzaemon","animator:Azekura"],"picked":"animator:ZankiKiguchi","floor":4},{"not_picked":["animator:ShinjiMatou","animator:ElricAlphonse"],"picked":"animator:Mikaela","floor":5}],"player_experience":1034165,"relics_obtained":[],"event_choices":[],"is_beta":false,"boss_relics":[],"items_purged_floors":[],"is_endless":false,"potions_floor_spawned":[2,4,5],"killed_by":"Gremlin Nob","ascension_level":6}}