{"host":"1z4hbl9vfqrhg136","time":1610653392,"event":{"mods":["BaseMod","Minty Spire (QoL Compilation)"],"gold_per_floor":[114,126,126,141,141,141,168,185,185,195,195,207,239,249,249,249,249],"floor_reached":16,"language":"ENG","playtime":954,"items_purged":[],"score":228,"play_id":"221bccfe-7012-4b9d-901f-2281b5fff74d","local_time":"20210114194312","is_ascension_mode":true,"campfire_choices":[{"data":"Compile Driver","floor":6,"key":"SMITH"},{"floor":11,"key":"REST"},{"data":"Zap","floor":15,"key":"SMITH"}],"circlet_count":0,"master_deck":["AscendersBane","Strike_B","Strike_B","Strike_B","Strike_B","Defend_B","Defend_B","Defend_B","Defend_B","Zap+1","Dualcast","Go for the Eyes","Conserve Battery","Compile Driver+1","Undo","Sunder","Creative AI","Cold Snap","Genetic Algorithm","Steam"],"relics":["Cracked Core","Unceasing Top","Kunai","Turnip","Anchor"],"acts_visited":["Exordium"],"potions_floor_usage":[],"damage_taken":[{"damage":0,"enemies":"Small Slimes","floor":1,"turns":2},{"damage":1,"enemies":"Cultist","floor":2,"turns":3},{"damage":0,"enemies":"2 Louse","floor":4,"turns":3},{"damage":38,"enemies":"3 Sentries","floor":7,"turns":8},{"damage":9,"enemies":"Large Slime","floor":8,"turns":7},{"damage":1,"enemies":"Looter","floor":10,"turns":2},{"damage":4,"enemies":"Blue Slaver","floor":12,"turns":4},{"damage":18,"enemies":"Gremlin Nob","floor":13,"turns":5},{"damage":0,"enemies":"Exordium Thugs","floor":14,"turns":4},{"damage":24,"enemies":"Hexaghost","floor":16,"turns":9}],"seed_played":"9196958360595979020","potions_obtained":[{"floor":1,"key":"SneckoOil"},{"floor":7,"key":"DuplicationPotion"},{"floor":10,"key":"Dexterity Potion"}],"is_trial":false,"path_per_floor":["M","M","?","M","?","R","E","M","T","M","R","M","E","M","R","B"],"character_chosen":"DEFECT","items_purchased":[],"campfire_rested":1,"item_purchase_floors":[],"current_hp_per_floor":[71,70,70,70,70,70,32,23,23,22,45,41,23,23,23,0,0],"gold":249,"neow_bonus":"TEN_PERCENT_HP_BONUS","is_daily":false,"chose_seed":false,"campfire_upgraded":2,"win_rate":0.0,"timestamp":1610653392,"path_taken":["M","M","?","M","?","R","E","M","T","M","R","?","E","M","R","BOSS"],"items_purchased_type":[],"build_version":"2020-12-22","purchased_purges":0,"victory":false,"max_hp_per_floor":[78,78,78,78,78,78,78,78,78,78,78,78,78,78,78,78,78],"card_choices":[{"not_picked":["Undo","Compile Driver"],"picked":"Go for the Eyes","floor":1},{"not_picked":["Streamline","Leap"],"picked":"Conserve Battery","floor":2},{"not_picked":["Conserve Battery","Chill"],"picked":"Compile Driver","floor":4},{"not_picked":["Chaos","Scrape"],"picked":"Undo","floor":7},{"not_picked":["Doom and Gloom","Leap"],"picked":"Sunder","floor":8},{"not_picked":["Conserve Battery","Ball Lightning"],"picked":"Creative AI","floor":10},{"not_picked":["Redo","Barrage"],"picked":"Cold Snap","floor":12},{"not_picked":["BootSequence","Doom and Gloom"],"picked":"Genetic Algorithm","floor":13},{"not_picked":["Compile Driver","Hologram"],"picked":"Steam","floor":14}],"player_experience":1883159,"relics_obtained":[{"floor":7,"key":"Kunai"},{"floor":9,"key":"Turnip"},{"floor":13,"key":"Anchor"}],"event_choices":[{"damage_healed":0,"gold_gain":0,"player_choice":"Ignored","damage_taken":0,"max_hp_gain":0,"max_hp_loss":0,"event_name":"Liars Game","floor":3,"gold_loss":0},{"damage_healed":0,"gold_gain":0,"player_choice":"Gave Potion","damage_taken":0,"relics_obtained":["Unceasing Top"],"max_hp_gain":0,"max_hp_loss":0,"event_name":"WeMeetAgain","floor":5,"gold_loss":0}],"is_beta":false,"boss_relics":[],"items_purged_floors":[],"is_endless":false,"potions_floor_spawned":[1,7,10,14],"killed_by":"Hexaghost","ascension_level":20}}