{"host":"t9q14bihfoo75lsb","time":1610602838,"event":{"mods":["BaseMod","Better Third Choice","Challenge The Spire","Hermit","Infinite Spire","Koishi","Minty Spire (QoL Compilation)","Reworked Bosses","Shop Mod","Spicy Shops","StSLib","The Cursed","The Dragon Tamer","The Hierophant","The Runesmith"],"gold_per_floor":[119,194,194,209,209,243,261,279,279,44,70,70,104,64,64,164,164,177,191,202,219,219,219,219,219],"floor_reached":23,"language":"KOR","playtime":984,"items_purged":["Pain","DTMod:ExcessFootwork"],"score":336,"play_id":"41946408-71c4-4971-83c4-a2586d57dcf4","local_time":"20210114144038","is_ascension_mode":false,"metric_token":991,"campfire_choices":[{"data":"DTMod:Inferno","floor":12,"key":"SMITH"},{"floor":15,"key":"RECALL"}],"dtmod_dragon_data":[1,50,1,-1,12,0],"circlet_count":0,"master_deck":["DTMod:DoubleHit","DTMod:TargetDefense","DTMod:TargetDefense+1","DTMod:TargetDefense","DTMod:TargetDefense","DTMod:SwitchingTactic+1","DTMod:Punisher+1","DTMod:HeatWave","DTMod:Weaken","DTMod:Inferno+1","DTMod:MagiciansMark","DTMod:Punisher+1","DTMod:Shift","DTMod:Outburst","DTMod:CleansingStrike","DTMod:SneakAttack+1","DTMod:DeepFocus+1","Bite","Bite","Bite","Bite","Bite"],"relics":["DTMod:PactStone","NeowsBlessing","Shuriken","DollysMirror","War Paint","Art of War","SlaversCollar"],"acts_visited":["Exordium","TheCity"],"potions_floor_usage":[11,16,16,23,23,23],"damage_taken":[{"damage":0,"enemies":"Cultist","floor":1,"turns":1},{"damage":0,"enemies":"Jaw Worm","floor":4,"turns":1},{"damage":0,"enemies":"Gremlin Nob","floor":6,"turns":1},{"damage":0,"enemies":"Small Slimes","floor":7,"turns":2},{"damage":0,"enemies":"Exordium Wildlife","floor":8,"turns":3},{"damage":8,"enemies":"3 Sentries","floor":11,"turns":4},{"damage":0,"enemies":"Lagavulin","floor":13,"turns":4},{"damage":0,"enemies":"The Guardian","floor":16,"turns":10},{"damage":0,"enemies":"3 Byrds","floor":18,"turns":6},{"damage":0,"enemies":"2 Thieves","floor":19,"turns":3},{"damage":35,"enemies":"Sentry and Sphere","floor":20,"turns":9},{"damage":8,"enemies":"Shelled Parasite and Fungi","floor":21,"turns":4},{"damage":7,"enemies":"Gremlin Leader","floor":23,"turns":1}],"seed_played":"-517942643570817695","potions_obtained":[{"floor":4,"key":"Swift Potion"},{"floor":7,"key":"Fire Potion"},{"floor":14,"key":"SkillPotion"},{"floor":14,"key":"Fire Potion"},{"floor":16,"key":"Dexterity Potion"},{"floor":19,"key":"Block Potion"}],"is_trial":false,"path_per_floor":["M","?","?","M","?","E","M","M","T","$","E","R","E","?","R","B",null,"M","M","M","M","?","E"],"character_chosen":"THE_DT","items_purchased":["DollysMirror"],"campfire_rested":0,"item_purchase_floors":[10],"current_hp_per_floor":[45,34,34,34,34,34,34,34,34,34,26,26,26,26,26,26,45,45,45,10,2,2,0,0,0],"gold":219,"neow_bonus":"THREE_ENEMY_KILL","is_daily":false,"chose_seed":false,"campfire_upgraded":1,"win_rate":0.0,"timestamp":1610602838,"path_taken":["M","?","?","M","?","E","?","?","T","$","E","R","E","?","R","BOSS","M","M","M","?","?","E"],"items_purchased_type":["Relic"],"build_version":"2020-12-22","purchased_purges":2,"victory":false,"max_hp_per_floor":[45,45,45,45,45,45,45,45,45,45,45,45,45,45,45,45,45,45,45,45,45,31,31,31,31],"card_choices":[{"not_picked":["DTMod:Astonish","DTMod:CleansingStrike"],"picked":"DTMod:Punisher","floor":1},{"not_picked":["DTMod:Hide","DTMod:Cover"],"picked":"DTMod:HeatWave","floor":4},{"not_picked":["DTMod:BreakAttack","DTMod:FlameSlash"],"picked":"DTMod:Weaken","floor":6},{"not_picked":["DTMod:Cover","DTMod:Weaken"],"picked":"DTMod:Inferno","floor":7},{"not_picked":["DTMod:Threaten","DTMod:TauntingStrike"],"picked":"DTMod:MagiciansMark","floor":8},{"not_picked":["DTMod:ShieldDrain","DTMod:Adaptation","DTMod:BurningEnergy"],"picked":"SKIP","floor":11},{"not_picked":["DTMod:BurningEnergy","DTMod:RepeatStrike"],"picked":"DTMod:Shift","floor":13},{"not_picked":["DTMod:FierySynthesis","DTMod:Safeguard"],"picked":"DTMod:Outburst","floor":16},{"not_picked":["DTMod:Hide","DTMod:Dissolve"],"picked":"DTMod:CleansingStrike","floor":18},{"not_picked":["DTMod:Punisher","DTMod:RecklessFlurry","DTMod:StarRain"],"picked":"SKIP","floor":19},{"not_picked":["DTMod:BizarreTactic","DTMod:Weaken"],"picked":"DTMod:SneakAttack+1","floor":20},{"not_picked":["DTMod:Feint","DTMod:CleansingStrike"],"picked":"DTMod:DeepFocus+1","floor":21}],"player_experience":478914,"relics_obtained":[{"floor":6,"key":"Shuriken"},{"floor":11,"key":"War Paint"},{"floor":13,"key":"Art of War"}],"event_choices":[{"damage_healed":0,"gold_gain":75,"player_choice":"Gold","damage_taken":11,"max_hp_gain":0,"max_hp_loss":0,"event_name":"betterThird:BetterGoop","floor":2,"gold_loss":0},{"damage_healed":0,"gold_gain":0,"cards_transformed":["DTMod:Strike"],"player_choice":"Change","damage_taken":0,"max_hp_gain":0,"max_hp_loss":0,"event_name":"Living Wall","floor":5,"gold_loss":0,"cards_obtained":["DTMod:ExcessFootwork"]},{"damage_healed":0,"gold_gain":0,"player_choice":"Bought 3 Potions","damage_taken":0,"max_hp_gain":0,"max_hp_loss":0,"event_name":"The Woman in Blue","floor":14,"gold_loss":0},{"damage_healed":0,"gold_gain":0,"player_choice":"Became a vampire","damage_taken":0,"max_hp_gain":0,"max_hp_loss":14,"event_name":"Vampires","floor":22,"gold_loss":0,"cards_obtained":["Bite","Bite","Bite","Bite","Bite"]}],"is_beta":false,"boss_relics":[{"not_picked":["Pandora\u0027s Box","Busted Crown"],"picked":"SlaversCollar"}],"items_purged_floors":[10,10],"is_endless":false,"potions_floor_spawned":[4,7,16,19],"killed_by":"Gremlin Leader","ascension_level":0}}