{"host":"ELF","time":1610655478,"event":{"mods":["BaseMod","Minty Spire (QoL Compilation)"],"gold_per_floor":[116,116,116,128,148,165,176,176,176,189,210,210,543,563,563,653,653,672,103,28,28,28,28,28],"floor_reached":23,"language":"ENG","playtime":857,"items_purged":["Strike_G"],"score":386,"play_id":"22695676-0f3c-45bd-9b9a-3e562d12a7b5","local_time":"20210114141758","is_ascension_mode":true,"campfire_choices":[{"floor":12,"key":"REST"},{"floor":15,"key":"REST"}],"circlet_count":0,"master_deck":["AscendersBane","Strike_G","Strike_G","Strike_G","Defend_G","Defend_G","Defend_G","Defend_G","Defend_G","Survivor","Neutralize","Bouncing Flask+1","Blade Dance","Distraction","Glass Knife","Blade Dance","Cloak And Dagger","Accuracy","Corpse Explosion","After Image","Tactician","Shame","Ghostly","Ghostly","Ghostly"],"relics":["Ring of the Snake","Art of War","Golden Idol","Pocketwatch","Old Coin","Runic Pyramid","TheAbacus","TungstenRod","Kunai"],"acts_visited":["Exordium","TheCity"],"potions_floor_usage":[11,13,16],"damage_taken":[{"damage":2,"enemies":"Jaw Worm","floor":1,"turns":8},{"damage":1,"enemies":"2 Louse","floor":4,"turns":3},{"damage":4,"enemies":"Small Slimes","floor":5,"turns":4},{"damage":11,"enemies":"Blue Slaver","floor":6,"turns":4},{"damage":3,"enemies":"3 Louse","floor":7,"turns":4},{"damage":14,"enemies":"Large Slime","floor":10,"turns":4},{"damage":10,"enemies":"Gremlin Gang","floor":11,"turns":4},{"damage":4,"enemies":"Lagavulin","floor":13,"turns":4},{"damage":9,"enemies":"Exordium Thugs","floor":14,"turns":4},{"damage":27,"enemies":"Slime Boss","floor":16,"turns":8},{"damage":34,"enemies":"2 Thieves","floor":18,"turns":3},{"damage":15,"enemies":"Slavers","floor":23,"turns":1}],"seed_played":"-2166531263260349787","potions_obtained":[{"floor":1,"key":"DistilledChaos"},{"floor":7,"key":"SteroidPotion"},{"floor":14,"key":"Strength Potion"},{"floor":16,"key":"SteroidPotion"}],"is_trial":false,"path_per_floor":["M","?","?","M","M","M","M","?","T","M","M","R","E","M","R","B",null,"M","$","?","?","?","E"],"character_chosen":"THE_SILENT","items_purchased":["TheAbacus","TungstenRod"],"campfire_rested":2,"item_purchase_floors":[19,19],"current_hp_per_floor":[57,57,57,56,52,41,38,38,38,24,14,32,28,19,37,10,48,14,14,14,14,14,0,0],"gold":28,"neow_bonus":"RANDOM_COMMON_RELIC","is_daily":false,"chose_seed":false,"campfire_upgraded":0,"win_rate":0.0,"timestamp":1610655478,"path_taken":["M","?","?","M","M","M","M","?","T","?","M","R","E","M","R","BOSS","M","$","?","?","?","E"],"items_purchased_type":["Relic","Relic"],"build_version":"2020-12-18","purchased_purges":1,"victory":false,"max_hp_per_floor":[66,66,66,66,66,66,66,60,60,60,60,60,60,60,60,60,60,60,60,60,60,30,30,30],"card_choices":[{"not_picked":["Footwork","Flying Knee"],"picked":"Bouncing Flask","floor":1},{"not_picked":["Accuracy","Terror"],"picked":"Blade Dance","floor":4},{"not_picked":["Prepared","Dash"],"picked":"Distraction","floor":5},{"not_picked":["Poisoned Stab","Bane"],"picked":"Glass Knife","floor":6},{"not_picked":["Flying Knee","Setup"],"picked":"Blade Dance","floor":7},{"not_picked":["Heel Hook","Slice"],"picked":"Cloak And Dagger","floor":10},{"not_picked":["Dodge and Roll","Underhanded Strike"],"picked":"Accuracy","floor":11},{"not_picked":["Caltrops","Quick Slash","Outmaneuver"],"picked":"SKIP","floor":13},{"not_picked":["Calculated Gamble","Leg Sweep"],"picked":"Corpse Explosion","floor":14},{"not_picked":["Glass Knife","Malaise"],"picked":"After Image","floor":16},{"not_picked":["Dagger Spray","Expertise"],"picked":"Tactician","floor":18}],"player_experience":3210951,"relics_obtained":[{"floor":9,"key":"Pocketwatch"},{"floor":13,"key":"Old Coin"}],"event_choices":[{"damage_healed":0,"gold_gain":0,"player_choice":"Ignored","damage_taken":0,"max_hp_gain":0,"max_hp_loss":0,"event_name":"Liars Game","floor":2,"gold_loss":0},{"damage_healed":0,"gold_gain":0,"player_choice":"Grow","damage_taken":0,"max_hp_gain":0,"max_hp_loss":0,"event_name":"Living Wall","floor":3,"gold_loss":0,"cards_upgraded":["Bouncing Flask"]},{"damage_healed":0,"gold_gain":0,"player_choice":"Lose Max HP","damage_taken":0,"relics_obtained":["Golden Idol"],"max_hp_gain":0,"max_hp_loss":6,"event_name":"Golden Idol","floor":8,"gold_loss":0},{"cards_removed":["Strike_G"],"damage_healed":0,"gold_gain":0,"player_choice":"Gave Gold","damage_taken":0,"max_hp_gain":0,"max_hp_loss":0,"event_name":"Beggar","floor":20,"gold_loss":75},{"damage_healed":0,"gold_gain":0,"player_choice":"Stole Relic","damage_taken":0,"relics_obtained":["Kunai"],"max_hp_gain":0,"max_hp_loss":0,"event_name":"Addict","floor":21,"gold_loss":0,"cards_obtained":["Shame"]},{"damage_healed":0,"gold_gain":0,"player_choice":"Became a Ghost","damage_taken":0,"max_hp_gain":0,"max_hp_loss":30,"event_name":"Ghosts","floor":22,"gold_loss":0,"cards_obtained":["Ghostly","Ghostly","Ghostly"]}],"is_beta":true,"boss_relics":[{"not_picked":["Sozu","Velvet Choker"],"picked":"Runic Pyramid"}],"items_purged_floors":[19],"is_endless":false,"potions_floor_spawned":[1,7,10,14,16],"killed_by":"Slavers","ascension_level":20}}