{"host":"6swbl1yqdi8v28pk","time":1610591425,"event":{"mods":["AchievementEnabler","BaseMod","Colored Map","Minty Spire (QoL Compilation)","Quick Restart"],"gold_per_floor":[111,111,111,71,87,116,116,149,227,227,238,255,271,271,271,373,373,389,389,400,418,429,111,111,26,53,152,165,165,9,29,29,133,133,151,166,1165,1165,1165,1165,1194,361,361,361,361,375,79,0,0,0,0],"floor_reached":50,"language":"SPA","playtime":1598,"items_purged":["Defend_P","Strike_P","Normality"],"score":578,"play_id":"20e41bd2-9c85-4448-8906-4357fe807f02","local_time":"20210113203025","is_ascension_mode":false,"campfire_choices":[{"data":"Eruption","floor":7,"key":"SMITH"},{"data":"PathToVictory","floor":10,"key":"SMITH"},{"floor":15,"key":"REST"},{"floor":24,"key":"REST"},{"floor":29,"key":"REST"},{"floor":32,"key":"REST"},{"floor":40,"key":"REST"},{"data":"Apotheosis","floor":44,"key":"SMITH"},{"floor":49,"key":"RECALL"}],"circlet_count":0,"master_deck":["Defend_P","Defend_P+1","Eruption+1","Vigilance","FlyingSleeves+1","WheelKick","BowlingBash","CutThroughFate","PathToVictory+1","Consecrate","EmptyBody","Worship","Ragnarok","SignatureMove","Good Instincts","Eruption","EmptyBody","Apotheosis+1","Prostrate","BowlingBash","Prostrate","BowlingBash+1","ThirdEye+1","Normality","BowlingBash+1","FlyingSleeves+1"],"relics":["PureWater","NeowsBlessing","PreservedInsect","Damaru","Ornamental Fan","Busted Crown","Potion Belt","Bag of Preparation","Regal Pillow","Empty Cage","Boot","Anchor","Pantograph","Frozen Eye","Red Mask"],"acts_visited":["Exordium","TheCity","TheBeyond"],"potions_floor_usage":[16,16,21,33,33,41,41,46,50,50,50,50,50],"damage_taken":[{"damage":0,"enemies":"Cultist","floor":1,"turns":1},{"damage":0,"enemies":"Small Slimes","floor":5,"turns":1},{"damage":0,"enemies":"Lagavulin","floor":6,"turns":2},{"damage":0,"enemies":"3 Sentries","floor":8,"turns":2},{"damage":0,"enemies":"Jaw Worm","floor":11,"turns":1},{"damage":8,"enemies":"Red Slaver","floor":12,"turns":3},{"damage":2,"enemies":"2 Fungi Beasts","floor":13,"turns":2},{"damage":21,"enemies":"The Guardian","floor":16,"turns":8},{"damage":11,"enemies":"Shell Parasite","floor":18,"turns":5},{"damage":24,"enemies":"3 Byrds","floor":20,"turns":4},{"damage":0,"enemies":"Snecko","floor":21,"turns":2},{"damage":25,"enemies":"Centurion and Healer","floor":22,"turns":3},{"damage":8,"enemies":"Shelled Parasite and Fungi","floor":28,"turns":3},{"damage":0,"enemies":"Snake Plant","floor":31,"turns":2},{"damage":10,"enemies":"Automaton","floor":33,"turns":6},{"damage":35,"enemies":"3 Shapes","floor":35,"turns":4},{"damage":0,"enemies":"Orb Walker","floor":36,"turns":4},{"damage":15,"enemies":"Nemesis","floor":41,"turns":5},{"damage":1,"enemies":"Jaw Worm Horde","floor":46,"turns":3},{"damage":93,"enemies":"Time Eater","floor":50,"turns":8}],"seed_played":"2689572855150113929","potions_obtained":[{"floor":5,"key":"Explosive Potion"},{"floor":6,"key":"PowerPotion"},{"floor":11,"key":"LiquidMemories"},{"floor":16,"key":"Strength Potion"},{"floor":20,"key":"FearPotion"},{"floor":21,"key":"DuplicationPotion"},{"floor":28,"key":"GamblersBrew"},{"floor":36,"key":"Weak Potion"}],"is_trial":false,"path_per_floor":["M","?","?","$","M","E","R","E","T","R","M","M","M","?","R","B",null,"M","?","M","M","M","$","R","?","T","?","M","R","$","M","R","B",null,"M","M","?","?","?","R","E","$","T","R","?","M","$","?","R","B"],"character_chosen":"WATCHER","items_purchased":["WheelKick","Apotheosis","Prostrate","Regal Pillow","Anchor","Pantograph","Frozen Eye","Ancient Potion","Explosive Potion","Strength Potion","Ambrosia","DuplicationPotion"],"campfire_rested":5,"item_purchase_floors":[4,23,23,30,42,42,42,42,42,42,47,47],"current_hp_per_floor":[72,72,65,65,65,65,65,65,65,65,65,57,55,41,62,41,72,61,61,37,37,12,12,33,33,33,33,25,46,46,46,72,62,72,37,37,37,37,37,68,53,53,53,53,53,52,52,52,52,0,0],"gold":0,"neow_bonus":"THREE_ENEMY_KILL","is_daily":false,"chose_seed":false,"campfire_upgraded":3,"win_rate":0.0,"timestamp":1610591425,"path_taken":["M","?","?","$","M","E","R","E","T","R","M","M","M","?","R","BOSS","M","?","M","?","M","$","R","?","T","?","M","R","$","M","R","BOSS","M","M","?","?","?","R","E","$","T","R","?","M","$","?","R","BOSS"],"items_purchased_type":["Card","Card","Card","Relic","Relic","Relic","Relic","Potion","Potion","Potion","Potion","Potion"],"build_version":"2020-12-22","purchased_purges":3,"victory":false,"max_hp_per_floor":[72,72,72,72,72,72,72,72,72,72,72,72,72,72,72,72,72,72,72,72,72,72,72,72,72,72,72,72,72,72,72,72,72,72,72,72,72,72,68,68,68,68,68,68,68,68,68,68,68,68,68],"card_choices":[{"not_picked":["Meditate","PathToVictory"],"picked":"FlyingSleeves","floor":1},{"not_picked":["EmptyFist","EmptyBody"],"picked":"BowlingBash","floor":5},{"not_picked":["Study","Collect"],"picked":"CutThroughFate","floor":6},{"not_picked":["ForeignInfluence","Wireheading"],"picked":"PathToVictory","floor":8},{"not_picked":["Halt","EmptyFist"],"picked":"Consecrate","floor":11},{"not_picked":["ClearTheMind","JustLucky"],"picked":"EmptyBody","floor":12},{"not_picked":["Judgement","EmptyBody"],"picked":"Worship","floor":13},{"not_picked":["Establishment","Vault"],"picked":"Ragnarok","floor":16},{"not_picked":[],"picked":"SignatureMove","floor":18},{"not_picked":["Nirvana+1"],"picked":"SKIP","floor":20},{"not_picked":[],"picked":"EmptyBody","floor":21},{"not_picked":["Halt"],"picked":"SKIP","floor":22},{"not_picked":[],"picked":"BowlingBash","floor":28},{"not_picked":[],"picked":"Prostrate","floor":31},{"not_picked":[],"picked":"BowlingBash+1","floor":35},{"not_picked":[],"picked":"ThirdEye+1","floor":36},{"not_picked":[],"picked":"BowlingBash+1","floor":41},{"not_picked":[],"picked":"FlyingSleeves+1","floor":46}],"player_experience":159016,"relics_obtained":[{"floor":6,"key":"PreservedInsect"},{"floor":8,"key":"Damaru"},{"floor":9,"key":"Ornamental Fan"},{"floor":26,"key":"Bag of Preparation"},{"floor":41,"key":"Boot"}],"event_choices":[{"cards_removed":["Strike_P"],"damage_healed":0,"gold_gain":0,"player_choice":"Forget","damage_taken":0,"max_hp_gain":0,"max_hp_loss":0,"event_name":"Living Wall","floor":2,"gold_loss":0},{"cards_removed":["Defend_P"],"damage_healed":0,"gold_gain":0,"player_choice":"Card Removal","damage_taken":7,"max_hp_gain":0,"max_hp_loss":0,"event_name":"Golden Wing","floor":3,"gold_loss":0},{"damage_healed":0,"gold_gain":0,"player_choice":"Entered Light","damage_taken":14,"max_hp_gain":0,"max_hp_loss":0,"event_name":"Shining Light","floor":14,"gold_loss":0,"cards_upgraded":["Defend_P","FlyingSleeves"]},{"damage_healed":0,"gold_gain":0,"player_choice":"2 cards matched","damage_taken":0,"max_hp_gain":0,"max_hp_loss":0,"event_name":"Match and Keep!","floor":19,"gold_loss":0,"cards_obtained":["Good Instincts","Eruption"]},{"damage_healed":0,"gold_gain":0,"player_choice":"Obtained Relic","damage_taken":0,"relics_obtained":["Potion Belt"],"max_hp_gain":0,"max_hp_loss":0,"event_name":"Addict","floor":25,"gold_loss":85},{"damage_healed":0,"gold_gain":99,"player_choice":"Stole From Cult","damage_taken":0,"max_hp_gain":0,"max_hp_loss":0,"event_name":"Nest","floor":27,"gold_loss":0},{"damage_healed":0,"gold_gain":999,"player_choice":"Gold","damage_taken":0,"max_hp_gain":0,"max_hp_loss":0,"event_name":"MindBloom","floor":37,"gold_loss":0,"cards_obtained":["Normality","Normality"]},{"damage_healed":0,"gold_gain":0,"player_choice":"Ignored","damage_taken":0,"max_hp_gain":0,"max_hp_loss":0,"event_name":"Mysterious Sphere","floor":38,"gold_loss":0},{"damage_healed":0,"gold_gain":0,"player_choice":"Max HP","damage_taken":0,"max_hp_gain":0,"max_hp_loss":4,"event_name":"Winding Halls","floor":39,"gold_loss":0},{"damage_healed":0,"gold_gain":0,"player_choice":"Memory 1","damage_taken":0,"max_hp_gain":0,"max_hp_loss":0,"event_name":"SensoryStone","floor":45,"gold_loss":0},{"damage_healed":0,"gold_gain":0,"player_choice":"Paid","damage_taken":0,"relics_obtained":["Red Mask"],"max_hp_gain":0,"max_hp_loss":0,"event_name":"Tomb of Lord Red Mask","floor":48,"gold_loss":79}],"is_beta":false,"boss_relics":[{"not_picked":["Fusion Hammer","Runic Dome"],"picked":"Busted Crown"},{"not_picked":["Black Star","Cursed Key"],"picked":"Empty Cage"}],"items_purged_floors":[23,42,47],"is_endless":false,"potions_floor_spawned":[5,6,11,13,16,20,21,28,36],"killed_by":"Time Eater","ascension_level":0}}