{"host":"2hea6pl5vmah38iy","time":1610619639,"event":{"mods":["AchievementEnabler","BaseMod","Colored Map","DeckTracker","Keyboard Shortcuts","Minty Spire (QoL Compilation)","Rare Cards Sparkle","StSLib","SuperFastMode","everything is the same but u backflip on backflip"],"gold_per_floor":[118,118,118,144,219,249,259,259,286,306,325,5,19,33,33,33,33],"floor_reached":16,"language":"KOR","playtime":557,"items_purged":[],"score":184,"play_id":"4479a139-fe5c-4c03-84a0-31c0569a540a","local_time":"20210114192039","is_ascension_mode":true,"campfire_choices":[{"floor":8,"key":"REST"},{"floor":15,"key":"REST"}],"circlet_count":0,"master_deck":["AscendersBane","Strike_R","Strike_R","Strike_R","Strike_R","Strike_R","Defend_R","Defend_R","Defend_R","Bash","Blood for Blood","Dual Wield","Sentinel","Shrug It Off","Whirlwind","Evolve","Feel No Pain"],"relics":["Burning Blood","Unceasing Top","Centennial Puzzle","Bottled Flame","Dream Catcher","Mummified Hand"],"acts_visited":["Exordium"],"potions_floor_usage":[7,14,16],"damage_taken":[{"damage":1,"enemies":"2 Louse","floor":1,"turns":3},{"damage":53,"enemies":"Lagavulin","floor":6,"turns":7},{"damage":2,"enemies":"Jaw Worm","floor":7,"turns":5},{"damage":18,"enemies":"Small Slimes","floor":10,"turns":4},{"damage":12,"enemies":"Exordium Wildlife","floor":11,"turns":2},{"damage":11,"enemies":"Blue Slaver","floor":13,"turns":6},{"damage":8,"enemies":"Exordium Thugs","floor":14,"turns":5},{"damage":39,"enemies":"Slime Boss","floor":16,"turns":8}],"seed_played":"2403298706987259198","potions_obtained":[{"floor":6,"key":"Energy Potion"},{"floor":10,"key":"Weak Potion"},{"floor":11,"key":"ColorlessPotion"}],"is_trial":false,"path_per_floor":["M","?","?","T","?","E","M","R","T","M","M","$","M","M","R","B"],"character_chosen":"IRONCLAD","items_purchased":["Mummified Hand","Shrug It Off"],"campfire_rested":2,"item_purchase_floors":[12,12],"current_hp_per_floor":[68,68,73,73,62,15,19,40,40,28,22,22,17,15,36,0,0],"gold":33,"neow_bonus":"ONE_RARE_RELIC","is_daily":false,"chose_seed":false,"campfire_upgraded":0,"win_rate":0.0,"timestamp":1610619639,"path_taken":["M","?","?","?","?","E","M","R","T","M","M","$","M","M","R","BOSS"],"items_purchased_type":["Relic","Card"],"build_version":"2020-12-22","purchased_purges":0,"victory":false,"max_hp_per_floor":[68,68,73,73,73,73,73,73,73,73,73,73,73,73,73,73,73],"card_choices":[{"not_picked":["Cleave","Thunderclap"],"picked":"Blood for Blood","floor":1},{"not_picked":["Sever Soul","Thunderclap"],"picked":"Sentinel","floor":6},{"not_picked":["Twin Strike","Limit Break","Clash"],"picked":"SKIP","floor":7},{"not_picked":["Wild Strike","Heavy Blade","True Grit"],"picked":"SKIP","floor":10},{"not_picked":["Clash","Thunderclap","Berserk"],"picked":"SKIP","floor":11},{"not_picked":["Sentinel","Headbutt"],"picked":"Whirlwind","floor":13},{"not_picked":["Perfected Strike","Intimidate"],"picked":"Evolve","floor":14},{"not_picked":["Pommel Strike","Cleave"],"picked":"Feel No Pain","floor":15}],"player_experience":481812,"relics_obtained":[{"floor":4,"key":"Centennial Puzzle"},{"floor":6,"key":"Bottled Flame"},{"floor":9,"key":"Dream Catcher"}],"event_choices":[{"damage_healed":0,"gold_gain":0,"cards_transformed":["Defend_R"],"player_choice":"Change","damage_taken":0,"max_hp_gain":0,"max_hp_loss":0,"event_name":"Living Wall","floor":2,"gold_loss":0,"cards_obtained":["Dual Wield"]},{"damage_healed":0,"gold_gain":0,"player_choice":"Donut","damage_taken":0,"max_hp_gain":5,"max_hp_loss":0,"event_name":"Big Fish","floor":3,"gold_loss":0},{"damage_healed":0,"gold_gain":75,"player_choice":"Gather Gold","damage_taken":11,"max_hp_gain":0,"max_hp_loss":0,"event_name":"World of Goop","floor":5,"gold_loss":0}],"is_beta":false,"boss_relics":[],"items_purged_floors":[],"is_endless":false,"potions_floor_spawned":[6,10,11],"killed_by":"Slime Boss","ascension_level":16}}