{"host":"os9owiyb0rak6c8n","time":1610646734,"event":{"mods":["AchievementEnabler","Astrologer","BaseMod","Beaked The Cultist","Better Third Choice","Block Reminder","Colored Map","Colored Powertips","Curses Come First","Dio Mod","Minty Spire (QoL Compilation)","Robot Space Explorer","Spicy Shops","StSLib","The Death Knight","The Necromancer"],"gold_per_floor":[118,118,138,138,138,138,168,198,198,215,243,254,266,299,299,403,403,419,344,2,14,33,33,47,80,80,80,107,118,135,60,60,60,60],"floor_reached":33,"language":"ENG","playtime":1404,"items_purged":["DeathKnight:Defend_DeathKnight"],"score":415,"play_id":"03518eaf-bcfb-468a-87f5-47c8d6e64b3f","local_time":"20210114185214","is_ascension_mode":true,"campfire_choices":[{"data":"DeathKnight:RuneTap","floor":6,"key":"SMITH"},{"floor":15,"key":"REST"},{"floor":23,"key":"REST"},{"data":"DeathKnight:Pestilence","floor":32,"key":"SMITH"}],"circlet_count":0,"master_deck":["DeathKnight:Strike_DeathKnight","DeathKnight:Strike_DeathKnight","DeathKnight:Strike_DeathKnight","DeathKnight:Strike_DeathKnight","DeathKnight:Defend_DeathKnight","DeathKnight:Defend_DeathKnight","DeathKnight:Defend_DeathKnight+1","DeathKnight:RuneTap+1","DeathKnight:RuneStrike","DeathKnight:DreadStrike","DeathKnight:RaiseAlly+1","DeathKnight:DeathAndDecay+1","DeathKnight:FesteringStrike","DeathKnight:Pestilence+1","DeathKnight:Outbreak","DeathKnight:PlagueStrike","DeathKnight:Rot","DeathKnight:BoneShield","DeathKnight:Razorice","DeathKnight:RunicDetonation","DeathKnight:Runesurge","DeathKnight:IceboundArmor","DeathKnight:UnholyPresence+1","DeathKnight:Contagion"],"relics":["DeathKnight:BrokenRuneblade","NeowsBlessing","Orichalcum","Odd Mushroom","DeathKnight:PreciousRibbon","Toy Ornithopter","DeathKnight:TomeOfBloodSpecialization","beaked:SacredDeck","DeathKnight:ScourgePlagueSample","War Paint","Ancient Tea Set","TungstenRod","Mango"],"acts_visited":["Exordium","TheCity"],"potions_floor_usage":[11,11,16,21,25,25,28,29,30],"damage_taken":[{"damage":0,"enemies":"Jaw Worm","floor":1,"turns":1},{"damage":0,"enemies":"Cultist","floor":3,"turns":1},{"damage":0,"enemies":"Lagavulin","floor":7,"turns":1},{"damage":14,"enemies":"The Mushroom Lair","floor":8,"turns":4},{"damage":1,"enemies":"2 Louse","floor":10,"turns":2},{"damage":15,"enemies":"Gremlin Nob","floor":11,"turns":4},{"damage":6,"enemies":"2 Fungi Beasts","floor":12,"turns":3},{"damage":0,"enemies":"3 Louse","floor":13,"turns":2},{"damage":28,"enemies":"Lagavulin","floor":14,"turns":5},{"damage":9,"enemies":"The Guardian","floor":16,"turns":6},{"damage":17,"enemies":"3 Byrds","floor":18,"turns":4},{"damage":16,"enemies":"2 Thieves","floor":21,"turns":2},{"damage":26,"enemies":"Centurion and Healer","floor":22,"turns":4},{"damage":3,"enemies":"Cultist and Chosen","floor":24,"turns":5},{"damage":4,"enemies":"Gremlin Leader","floor":25,"turns":3},{"damage":20,"enemies":"Book of Stabbing","floor":28,"turns":4},{"damage":18,"enemies":"Shelled Parasite and Fungi","floor":29,"turns":5},{"damage":0,"enemies":"3 Cultists","floor":30,"turns":3},{"damage":48,"enemies":"Automaton","floor":33,"turns":6}],"seed_played":"-1874189520049778428","potions_obtained":[{"floor":7,"key":"DeathKnight:RimePotion"},{"floor":8,"key":"Swift Potion"},{"floor":11,"key":"GamblersBrew"},{"floor":14,"key":"Block Potion"},{"floor":16,"key":"Regen Potion"},{"floor":24,"key":"ColorlessPotion"},{"floor":25,"key":"DeathKnight:BottledBloodEchoes"},{"floor":28,"key":"SkillPotion"},{"floor":29,"key":"DistilledChaos"}],"is_trial":false,"path_per_floor":["M","?","M","?","?","R","E","?","T","M","E","M","M","E","R","B",null,"M","?","$","M","M","R","M","E","T","?","E","M","M","$","R","B"],"character_chosen":"DEATH_KNIGHT","items_purchased":["DeathKnight:ScourgePlagueSample","DeathKnight:IceboundArmor","War Paint"],"campfire_rested":2,"item_purchase_floors":[20,20,20],"current_hp_per_floor":[75,75,75,75,75,75,75,61,61,60,45,39,39,11,33,29,64,47,47,47,45,19,41,38,44,44,44,43,30,35,35,35,0,0],"gold":60,"neow_bonus":"THREE_ENEMY_KILL","is_daily":false,"chose_seed":false,"campfire_upgraded":2,"win_rate":0.0,"timestamp":1610646734,"path_taken":["M","?","?","?","?","R","E","?","T","M","E","?","M","E","R","BOSS","M","?","$","M","M","R","M","E","T","?","E","M","?","$","R","BOSS"],"items_purchased_type":["Relic","Card","Relic"],"build_version":"2020-12-22","purchased_purges":1,"victory":false,"max_hp_per_floor":[75,75,75,75,75,75,75,75,75,75,75,75,75,75,75,75,75,75,75,75,75,75,75,75,75,75,75,89,89,89,89,89,89,89],"card_choices":[{"not_picked":["DeathKnight:RaiseAlly","DeathKnight:BludPresence"],"picked":"DeathKnight:DreadStrike","floor":1},{"not_picked":["DeathKnight:FrostStrike","DeathKnight:UnholyPresence"],"picked":"DeathKnight:DeathAndDecay","floor":3},{"not_picked":["DeathKnight:BloodStrike","DeathKnight:BoneShield"],"picked":"DeathKnight:FesteringStrike","floor":7},{"not_picked":["DeathKnight:DeathGrip","DeathKnight:BloodPact"],"picked":"DeathKnight:Pestilence","floor":8},{"not_picked":["DeathKnight:BludPresence","DeathKnight:BladedArmor"],"picked":"DeathKnight:Outbreak","floor":10},{"not_picked":["DeathKnight:DeathStrike","DeathKnight:DarkSuccor"],"picked":"DeathKnight:PlagueStrike","floor":11},{"not_picked":["DeathKnight:HartStrike","DeathKnight:BladedArmor"],"picked":"DeathKnight:Rot","floor":12},{"not_picked":["DeathKnight:HartStrike","DeathKnight:MindFreeze"],"picked":"DeathKnight:BoneShield","floor":13},{"not_picked":["DeathKnight:BoneSpear","DeathKnight:AntiMagicShell"],"picked":"DeathKnight:Razorice","floor":14},{"not_picked":["DeathKnight:UnholyExperiment","DeathKnight:SindragosasBreath"],"picked":"DeathKnight:RunicDetonation","floor":16},{"not_picked":["DeathKnight:Parry","DeathKnight:FrosPresence","DeathKnight:DreadStrike+1"],"picked":"SKIP","floor":18},{"not_picked":["DeathKnight:BoneSpear","DeathKnight:Parry","DeathKnight:ScourgeStrike"],"picked":"SKIP","floor":21},{"not_picked":["DeathKnight:Hemostasis","DeathKnight:HartStrike+1","DeathKnight:Marrowrend"],"picked":"SKIP","floor":22},{"not_picked":["DeathKnight:IcyTouch","DeathKnight:DeathGrip"],"picked":"DeathKnight:UnholyPresence+1","floor":24},{"not_picked":["DeathKnight:Outbreak","DeathKnight:FrosPresence+1","DeathKnight:UnholyPresence"],"picked":"SKIP","floor":25},{"not_picked":["DeathKnight:DeathGrip+1","DeathKnight:FrostStrike+1","DeathKnight:BloodStrike+1"],"picked":"SKIP","floor":28},{"not_picked":["DeathKnight:FesteringStrike","DeathKnight:Parry"],"picked":"DeathKnight:Contagion","floor":29},{"not_picked":["DeathKnight:UnholyAssault","DeathKnight:BloodEchoes+1","DeathKnight:ChainsOfIce"],"picked":"SKIP","floor":30}],"player_experience":603890,"relics_obtained":[{"floor":7,"key":"Orichalcum"},{"floor":8,"key":"Odd Mushroom"},{"floor":9,"key":"DeathKnight:PreciousRibbon"},{"floor":11,"key":"Toy Ornithopter"},{"floor":14,"key":"DeathKnight:TomeOfBloodSpecialization"},{"floor":25,"key":"Ancient Tea Set"},{"floor":26,"key":"TungstenRod"},{"floor":28,"key":"Mango"}],"event_choices":[{"damage_healed":0,"gold_gain":0,"cards_transformed":["DeathKnight:Defend_DeathKnight"],"player_choice":"Transformed","damage_taken":0,"max_hp_gain":0,"max_hp_loss":0,"event_name":"Transmorgrifier","floor":2,"gold_loss":0,"cards_obtained":["DeathKnight:RaiseAlly"]},{"damage_healed":0,"gold_gain":0,"player_choice":"Grow","damage_taken":0,"max_hp_gain":0,"max_hp_loss":0,"event_name":"Living Wall","floor":4,"gold_loss":0,"cards_upgraded":["DeathKnight:DeathAndDecay"]},{"damage_healed":0,"gold_gain":0,"player_choice":"Ignored","damage_taken":138,"max_hp_gain":0,"max_hp_loss":0,"event_name":"betterThird:BetterSerpent","floor":5,"gold_loss":0},{"damage_healed":0,"gold_gain":0,"player_choice":"Fought Mushrooms","damage_taken":0,"max_hp_gain":0,"max_hp_loss":0,"event_name":"Mushrooms","floor":8,"gold_loss":0},{"cards_removed":["DeathKnight:Strike_DeathKnight"],"damage_healed":0,"gold_gain":0,"player_choice":"Gave Gold","damage_taken":0,"max_hp_gain":0,"max_hp_loss":0,"event_name":"Beggar","floor":19,"gold_loss":75},{"damage_healed":0,"gold_gain":0,"player_choice":"Leave","damage_taken":0,"max_hp_gain":0,"max_hp_loss":0,"event_name":"FaceTrader","floor":27,"gold_loss":0}],"is_beta":false,"boss_relics":[{"not_picked":["Black Star","Velvet Choker"],"picked":"beaked:SacredDeck"}],"items_purged_floors":[31],"is_endless":false,"potions_floor_spawned":[7,8,11,14,16,24,25,28,29],"killed_by":"Automaton","ascension_level":5}}