{"host":"q50ttuv713gicbhz","time":1610647728,"event":{"mods":["AchievementEnabler","BaseMod","Minty Spire (QoL Compilation)"],"gold_per_floor":[118,118,136,148,168,168,202,202,202,233,233,258,337,350,350,470,470,488,304,329,349,349,382,163,163,163],"floor_reached":25,"language":"ENG","playtime":1792,"items_purged":["Strike_B","Strike_B"],"score":233,"play_id":"2fa4aec4-e822-4a91-b646-19dbaa6ec007","local_time":"20210114200848","is_ascension_mode":false,"campfire_choices":[{"data":"Hologram","floor":6,"key":"SMITH"},{"floor":8,"key":"REST"},{"floor":15,"key":"REST"}],"circlet_count":0,"master_deck":["Strike_B","Strike_B","Defend_B","Defend_B","Defend_B","Defend_B","Zap","Dualcast","Storm","Sweeping Beam","Auto Shields","Hologram+1","Defragment","Conserve Battery","Injury","Buffer+1","Defragment+1","Streamline","Seek","Hologram","Lockon","Genetic Algorithm","Force Field","Stack","Multi-Cast","Capacitor+1","Redo"],"relics":["Cracked Core","Orichalcum","Mercury Hourglass","Frozen Egg 2","Bloody Idol","Bag of Preparation","Philosopher\u0027s Stone","Matryoshka"],"acts_visited":["Exordium","TheCity"],"potions_floor_usage":[5,7,16,21],"damage_taken":[{"damage":2,"enemies":"Jaw Worm","floor":1,"turns":4},{"damage":0,"enemies":"2 Louse","floor":3,"turns":2},{"damage":7,"enemies":"Small Slimes","floor":4,"turns":3},{"damage":17,"enemies":"Exordium Thugs","floor":5,"turns":3},{"damage":17,"enemies":"3 Sentries","floor":7,"turns":6},{"damage":19,"enemies":"Lagavulin","floor":10,"turns":7},{"damage":5,"enemies":"Exordium Wildlife","floor":12,"turns":4},{"damage":15,"enemies":"3 Sentries","floor":13,"turns":6},{"damage":0,"enemies":"3 Louse","floor":14,"turns":2},{"damage":29,"enemies":"Slime Boss","floor":16,"turns":10},{"damage":11,"enemies":"2 Thieves","floor":18,"turns":3},{"damage":3,"enemies":"Spheric Guardian","floor":20,"turns":5},{"damage":0,"enemies":"Centurion and Healer","floor":21,"turns":7},{"damage":11,"enemies":"Gremlin Leader","floor":23,"turns":7},{"damage":75,"enemies":"Slavers","floor":25,"turns":4}],"seed_played":"-867531296491908736","potions_obtained":[{"floor":1,"key":"DuplicationPotion"},{"floor":4,"key":"Explosive Potion"},{"floor":12,"key":"Dexterity Potion"},{"floor":14,"key":"FocusPotion"},{"floor":18,"key":"Swift Potion"},{"floor":21,"key":"SteroidPotion"}],"is_trial":false,"path_per_floor":["M","?","M","M","M","R","E","R","T","E","?","M","?","M","R","B",null,"M","$","M","M","?","E","$","E"],"character_chosen":"DEFECT","items_purchased":["Lockon","Genetic Algorithm","Capacitor+1","Redo"],"campfire_rested":2,"item_purchase_floors":[19,19,24,24],"current_hp_per_floor":[80,85,85,78,61,61,44,70,70,51,51,46,31,31,57,28,87,76,76,73,73,73,67,67,0,0],"gold":163,"neow_bonus":"TEN_PERCENT_HP_BONUS","is_daily":false,"chose_seed":false,"campfire_upgraded":1,"win_rate":0.0,"timestamp":1610647728,"path_taken":["M","?","M","M","M","R","E","R","T","E","?","M","?","M","R","BOSS","M","$","M","M","?","E","$","E"],"items_purchased_type":["Card","Card","Card","Card"],"build_version":"2020-12-22","purchased_purges":2,"victory":false,"max_hp_per_floor":[82,87,87,87,87,87,87,87,87,87,87,87,87,87,87,87,87,87,87,87,87,87,87,87,87,87],"card_choices":[{"not_picked":["White Noise","Force Field"],"picked":"Storm","floor":1},{"not_picked":["Go for the Eyes","Conserve Battery"],"picked":"Sweeping Beam","floor":3},{"not_picked":["Hologram","Beam Cell"],"picked":"Auto Shields","floor":4},{"not_picked":["Beam Cell","Scrape"],"picked":"Hologram","floor":5},{"not_picked":["Hologram","Static Discharge"],"picked":"Defragment","floor":7},{"not_picked":["Fission","Stack"],"picked":"Conserve Battery","floor":10},{"not_picked":["Barrage","Force Field"],"picked":"Buffer+1","floor":12},{"not_picked":["Beam Cell","Force Field"],"picked":"Defragment+1","floor":13},{"not_picked":["Compile Driver","Leap"],"picked":"Streamline","floor":14},{"not_picked":["Multi-Cast","Echo Form+1"],"picked":"Seek","floor":16},{"not_picked":["Conserve Battery","Compile Driver"],"picked":"Hologram","floor":18},{"not_picked":["Melter","Coolheaded"],"picked":"Force Field","floor":20},{"not_picked":["Conserve Battery","Gash"],"picked":"Stack","floor":21},{"not_picked":["Consume","Sweeping Beam"],"picked":"Multi-Cast","floor":23}],"player_experience":78653,"relics_obtained":[{"floor":7,"key":"Orichalcum"},{"floor":9,"key":"Mercury Hourglass"},{"floor":10,"key":"Frozen Egg 2"},{"floor":13,"key":"Bag of Preparation"},{"floor":23,"key":"Matryoshka"}],"event_choices":[{"damage_healed":0,"gold_gain":0,"player_choice":"Donut","damage_taken":0,"max_hp_gain":5,"max_hp_loss":0,"event_name":"Big Fish","floor":2,"gold_loss":0},{"damage_healed":0,"gold_gain":0,"player_choice":"Take Wound","damage_taken":0,"relics_obtained":["Golden Idol"],"max_hp_gain":0,"max_hp_loss":0,"event_name":"Golden Idol","floor":11,"gold_loss":0,"cards_obtained":["Injury"]},{"damage_healed":0,"gold_gain":0,"player_choice":"Searched \u00271\u0027 times","damage_taken":0,"max_hp_gain":0,"max_hp_loss":0,"event_name":"Dead Adventurer","floor":13,"gold_loss":0},{"damage_healed":0,"gold_gain":0,"player_choice":"Gave Idol","damage_taken":0,"relics_obtained":["Bloody Idol"],"max_hp_gain":0,"max_hp_loss":0,"event_name":"Forgotten Altar","floor":22,"relics_lost":["Golden Idol"],"gold_loss":0}],"is_beta":false,"boss_relics":[{"not_picked":["Snecko Eye","FrozenCore"],"picked":"Philosopher\u0027s Stone"}],"items_purged_floors":[19,24],"is_endless":false,"potions_floor_spawned":[1,4,12,14,18,21],"killed_by":"Slavers","ascension_level":0}}