{"host":"0ueeacaatm8t6jyh","time":1610638041,"event":{"mods":["AchievementEnabler","BaseMod","Colored Powertips","Minty Spire (QoL Compilation)","Quick Restart","Rare Cards Sparkle","StSLib"],"gold_per_floor":[109,109,28,28,28,28,57,76,152,187,199,199,199,73,73,178,178,196,53,53,53,19,19,46,46,70,98,109,109,209,228,228,324,324,340,19,35,45,95,95,95],"floor_reached":40,"language":"ZHS","playtime":1302,"items_purged":["Strike_B"],"score":603,"play_id":"0bb0c729-2a8b-4e46-87c9-b509179c9bb2","local_time":"20210114232721","is_ascension_mode":true,"campfire_choices":[{"floor":6.0,"key":"REST"},{"floor":13.0,"key":"REST"},{"floor":15.0,"key":"REST"},{"floor":23.0,"key":"REST"},{"floor":25.0,"key":"REST"},{"floor":29.0,"key":"REST"},{"floor":32.0,"key":"REST"}],"circlet_count":0,"master_deck":["Strike_B+1","Strike_B+1","Defend_B","Defend_B","Defend_B","Defend_B","Zap","Dualcast","Doom and Gloom+1","Darkness","Coolheaded","Turbo","Capacitor","Ball Lightning+1","Buffer","Darkness+1","Doom and Gloom+1","Chill+1","Skim","Machine Learning","Doom and Gloom+1","Compile Driver+1","Double Energy+1","Electrodynamics"],"relics":["Fusion Hammer","Toy Ornithopter","Molten Egg 2","Singing Bowl","Prayer Wheel","Runic Pyramid","Juzu Bracelet","Whetstone","Art of War","Bag of Preparation","Nuclear Battery","Symbiotic Virus","Shovel"],"acts_visited":["Exordium","TheCity","TheBeyond"],"potions_floor_usage":[40],"damage_taken":[{"damage":5.0,"enemies":"Small Slimes","floor":1.0,"turns":3.0},{"damage":19.0,"enemies":"3 Sentries","floor":7.0,"turns":4.0},{"damage":7.0,"enemies":"2 Louse","floor":8.0,"turns":2.0},{"damage":8.0,"enemies":"Lagavulin","floor":10.0,"turns":5.0},{"damage":1.0,"enemies":"Jaw Worm","floor":11.0,"turns":4.0},{"damage":43.0,"enemies":"The Guardian","floor":16.0,"turns":9.0},{"damage":34.0,"enemies":"Shell Parasite","floor":18.0,"turns":6.0},{"damage":20.0,"enemies":"Gremlin Leader","floor":24.0,"turns":5.0},{"damage":20.0,"enemies":"Book of Stabbing","floor":27.0,"turns":5.0},{"damage":5.0,"enemies":"3 Byrds","floor":28.0,"turns":4.0},{"damage":23.0,"enemies":"Snake Plant","floor":31.0,"turns":3.0},{"damage":2.0,"enemies":"Automaton","floor":33.0,"turns":7.0},{"damage":22.0,"enemies":"3 Darklings","floor":35.0,"turns":5.0},{"damage":8.0,"enemies":"3 Shapes","floor":37.0,"turns":2.0},{"damage":25.0,"enemies":"Jaw Worm Horde","floor":38.0,"turns":3.0},{"damage":47.0,"enemies":"2 Orb Walkers","floor":39.0,"turns":5.0},{"damage":122,"enemies":"Giant Head","floor":40,"turns":7}],"seed_played":"5674559273484239441","potions_obtained":[{"floor":11.0,"key":"Block Potion"},{"floor":18.0,"key":"SneckoOil"},{"floor":24.0,"key":"FairyPotion"},{"floor":31.0,"key":"Swift Potion"},{"floor":39.0,"key":"FairyPotion"}],"is_trial":false,"path_per_floor":["M","?","$","?","?","R","E","M","T","E","M","?","R","$","R","B",null,"M","$","?","?","$","R","E","R","T","E","M","R","?","M","R","B",null,"M","$","M","M","?","E"],"character_chosen":"DEFECT","items_purchased":["Darkness","Ball Lightning+1","Juzu Bracelet","Doom and Gloom+1","Symbiotic Virus","Doom and Gloom+1"],"campfire_rested":7,"item_purchase_floors":[3,14,19,22,36,36],"current_hp_per_floor":[63,68,68,50,34,58,39,32,32,26,27,20,45,45,70,27,70,38,38,38,38,38,63,48,73,73,60,57,84,84,65,93,91,93,75,75,69,46,30,0,0],"gold":95,"neow_bonus":"BOSS_RELIC","is_daily":false,"chose_seed":false,"campfire_upgraded":0,"win_rate":0.0,"timestamp":1610638041,"path_taken":["M","?","$","?","?","R","E","M","T","E","M","?","R","$","R","BOSS","M","$","?","?","$","R","E","R","T","E","M","R","?","M","R","BOSS","M","$","M","M","?","E"],"items_purchased_type":["Card","Card","Relic","Card","Relic","Card"],"build_version":"2020-12-22","purchased_purges":1,"victory":false,"max_hp_per_floor":[75,80,80,80,80,80,80,80,80,82,84,84,84,84,84,84,84,86,86,86,86,86,86,86,86,86,88,90,90,90,94,94,94,94,98,98,100,102,102,102,102],"card_choices":[{"not_picked":["Turbo","Sweeping Beam"],"picked":"Doom and Gloom","floor":1.0},{"not_picked":["Genetic Algorithm","Conserve Battery"],"picked":"Coolheaded","floor":7.0},{"not_picked":["Rebound+1","Conserve Battery"],"picked":"Turbo","floor":8.0},{"not_picked":["Rebound+1","Turbo","Hello World"],"picked":"Singing Bowl","floor":10.0},{"not_picked":["Turbo","BootSequence"],"picked":"Capacitor","floor":11.0},{"not_picked":["Steam Power","Consume","Beam Cell+1"],"picked":"Singing Bowl","floor":11.0},{"not_picked":["All For One+1","Biased Cognition"],"picked":"Buffer","floor":16.0},{"not_picked":["Cold Snap+1","Gash+1","Melter+1"],"picked":"Singing Bowl","floor":18.0},{"not_picked":["Conserve Battery+1","Reprogram"],"picked":"Darkness+1","floor":18.0},{"not_picked":["Hello World","Double Energy+1"],"picked":"Chill+1","floor":24.0},{"not_picked":["Barrage+1","Ball Lightning+1","Fusion"],"picked":"Singing Bowl","floor":27.0},{"not_picked":["Melter+1","Streamline+1","Chaos"],"picked":"Singing Bowl","floor":28.0},{"not_picked":["Cold Snap+1","Thunder Strike+1"],"picked":"Skim","floor":28.0},{"not_picked":["Steam Power","Rebound+1","Reinforced Body"],"picked":"Singing Bowl","floor":31.0},{"not_picked":["Stack","Steam Power","Cold Snap+1"],"picked":"Singing Bowl","floor":31.0},{"not_picked":["Hyperbeam+1","Seek"],"picked":"Machine Learning","floor":33.0},{"not_picked":["Redo","Gash+1","Force Field+1"],"picked":"Singing Bowl","floor":35.0},{"not_picked":["Conserve Battery","Coolheaded+1","Turbo"],"picked":"Singing Bowl","floor":35.0},{"not_picked":["Storm+1","Steam+1","Beam Cell+1"],"picked":"Singing Bowl","floor":37.0},{"not_picked":["Biased Cognition","Go for the Eyes+1"],"picked":"Compile Driver+1","floor":37.0},{"not_picked":["Storm+1","Capacitor"],"picked":"Double Energy+1","floor":38.0},{"not_picked":["Force Field","Ball Lightning+1","Rebound+1"],"picked":"Singing Bowl","floor":38.0},{"not_picked":["Conserve Battery","Go for the Eyes+1"],"picked":"Electrodynamics","floor":39.0}],"player_experience":364041,"relics_obtained":[{"floor":7.0,"key":"Molten Egg 2"},{"floor":9.0,"key":"Singing Bowl"},{"floor":10.0,"key":"Prayer Wheel"},{"floor":24.0,"key":"Whetstone"},{"floor":26.0,"key":"Art of War"},{"floor":27.0,"key":"Bag of Preparation"},{"floor":39.0,"key":"Shovel"}],"event_choices":[{"damage_healed":0.0,"max_hp_gain":5.0,"max_hp_loss":0.0,"gold_gain":0.0,"event_name":"Big Fish","player_choice":"Donut","floor":2.0,"gold_loss":0.0,"damage_taken":0.0},{"damage_healed":0.0,"max_hp_gain":0.0,"max_hp_loss":0.0,"gold_gain":0.0,"event_name":"Scrap Ooze","player_choice":"Success","floor":4.0,"gold_loss":0.0,"damage_taken":18.0,"relics_obtained":["Toy Ornithopter"]},{"damage_healed":0.0,"max_hp_gain":0.0,"max_hp_loss":0.0,"gold_gain":0.0,"event_name":"Shining Light","player_choice":"Entered Light","floor":5.0,"gold_loss":0.0,"damage_taken":16.0,"cards_upgraded":["Strike_B","Strike_B"]},{"cards_removed":["Strike_B"],"damage_healed":0.0,"max_hp_gain":0.0,"max_hp_loss":0.0,"gold_gain":0.0,"event_name":"Golden Wing","player_choice":"Card Removal","floor":12.0,"gold_loss":0.0,"damage_taken":7.0},{"damage_healed":0.0,"max_hp_gain":0.0,"max_hp_loss":0.0,"gold_gain":0.0,"event_name":"Vampires","player_choice":"Ignored","floor":20.0,"gold_loss":0.0,"damage_taken":0.0},{"damage_healed":0.0,"max_hp_gain":0.0,"max_hp_loss":0.0,"gold_gain":0.0,"event_name":"The Woman in Blue","player_choice":"Bought 0 Potions","floor":21.0,"gold_loss":0.0,"damage_taken":0.0},{"damage_healed":0.0,"max_hp_gain":0.0,"max_hp_loss":0.0,"gold_gain":100.0,"event_name":"Golden Shrine","player_choice":"Pray","floor":30.0,"gold_loss":0.0,"damage_taken":0.0},{"damage_healed":0.0,"max_hp_gain":0.0,"max_hp_loss":0.0,"gold_gain":0.0,"event_name":"Mysterious Sphere","player_choice":"Fight","floor":39.0,"gold_loss":0.0,"damage_taken":0.0}],"is_beta":false,"boss_relics":[{"not_picked":["Tiny House","SacredBark"],"picked":"Runic Pyramid"},{"not_picked":["Astrolabe","Empty Cage"],"picked":"Nuclear Battery"}],"items_purged_floors":[14],"is_endless":false,"potions_floor_spawned":[11,18,24,31,39],"killed_by":"Giant Head","ascension_level":7}}