{"host":"q98mp5s7e93e1jw5","time":1610666501,"event":{"mods":["BaseMod","Minty Spire (QoL Compilation)","StSLib","The Servant 0.9.4","??????REMEMod"],"gold_per_floor":[117,192,118,135,135,135,155,155,201,218,218,232,244,261,261,362,362,379,393,142,142,159,159,170,170,197,232,232,232],"floor_reached":28,"language":"ENG","playtime":2183,"items_purged":[],"score":232,"play_id":"13860dfb-27a8-4ef6-b8af-48a3429f8efc","local_time":"20210114152141","is_ascension_mode":false,"campfire_choices":[{"data":"BestPractice","floor":6,"key":"SMITH"},{"data":"SurpressingFire","floor":8,"key":"SMITH"},{"floor":15,"key":"REST"},{"floor":23,"key":"REST"},{"floor":25,"key":"REST"}],"circlet_count":0,"master_deck":["Strike_S","Strike_S","Strike_S+1","Strike_S+1","Defend_S","Defend_S","Defend_S","Defend_S","KidneyShot","Exchange","DeusExMachina+1","Misdirection","SurpressingFire+1","BestPractice+1","Contraction","Starlight","Ricochet","Read","SpecialFormula","FlawlessForm","Contraction","BestPractice+1","DualDimension","Misdirection+1","Misdirection"],"relics":["Uniform","REME_ComplimentaryCards","NeowsBlessing","PreservedInsect","SacredBark","Letter Opener","Ancient Tea Set","Molten Egg 2"],"acts_visited":["Exordium","TheCity"],"potions_floor_usage":[12,16,16,16,24,24,27],"damage_taken":[{"damage":0,"enemies":"Small Slimes","floor":1,"turns":2},{"damage":0,"enemies":"2 Louse","floor":4,"turns":1},{"damage":0,"enemies":"Cultist","floor":7,"turns":1},{"damage":3,"enemies":"Blue Slaver","floor":10,"turns":4},{"damage":5,"enemies":"Lots of Slimes","floor":12,"turns":6},{"damage":6,"enemies":"2 Fungi Beasts","floor":13,"turns":4},{"damage":12,"enemies":"Exordium Wildlife","floor":14,"turns":4},{"damage":21,"enemies":"Slime Boss","floor":16,"turns":26},{"damage":25,"enemies":"Spheric Guardian","floor":18,"turns":18},{"damage":0,"enemies":"Chosen","floor":19,"turns":11},{"damage":8,"enemies":"Centurion and Healer","floor":22,"turns":34},{"damage":16,"enemies":"Shelled Parasite and Fungi","floor":24,"turns":7},{"damage":18,"enemies":"Book of Stabbing","floor":27,"turns":8},{"damage":83,"enemies":"3 Cultists","floor":28,"turns":7}],"seed_played":"2384956871074579485","potions_obtained":[{"floor":4,"key":"Block Potion"},{"floor":10,"key":"BlessingOfTheForge"},{"floor":12,"key":"Weak Potion"},{"floor":13,"key":"Energy Potion"},{"floor":16,"key":"Weak Potion"},{"floor":18,"key":"ColorlessPotion"},{"floor":19,"key":"LiquidBronze"}],"is_trial":false,"path_per_floor":["M","?","$","M","?","R","M","R","T","M","?","M","M","M","R","B",null,"M","M","$","?","M","R","M","R","T","E","M"],"character_chosen":"THE_SERVANT","items_purchased":["SurpressingFire","Letter Opener"],"campfire_rested":3,"item_purchase_floors":[3,20],"current_hp_per_floor":[65,54,54,54,41,41,41,41,41,38,38,33,27,15,34,21,65,40,48,48,48,48,65,57,65,65,55,0,0],"gold":232,"neow_bonus":"THREE_ENEMY_KILL","is_daily":false,"chose_seed":false,"campfire_upgraded":2,"win_rate":0.0,"timestamp":1610666501,"path_taken":["M","?","$","M","?","R","M","R","T","M","?","M","M","?","R","BOSS","M","M","$","?","?","R","M","R","T","E","M"],"items_purchased_type":["Card","Relic"],"build_version":"2020-12-22","purchased_purges":0,"victory":false,"max_hp_per_floor":[65,65,65,65,65,65,65,65,65,65,65,65,65,65,65,65,65,65,65,65,65,65,65,65,65,65,65,65,65],"card_choices":[{"not_picked":["Moonlight","Replace"],"picked":"Misdirection","floor":1},{"not_picked":["StarChef","Revamp"],"picked":"BestPractice","floor":4},{"not_picked":["Potential","Alleviate"],"picked":"Contraction","floor":7},{"not_picked":["Alleviate","TimeWarp"],"picked":"Starlight","floor":10},{"not_picked":["ShatteredReality","Sabotage"],"picked":"Ricochet","floor":12},{"not_picked":["Revamp","DoubleEdge"],"picked":"Read","floor":13},{"not_picked":["WasteNot","Shuttle"],"picked":"SpecialFormula","floor":14},{"not_picked":["Solidify","LightFlow"],"picked":"FlawlessForm","floor":16},{"not_picked":["Potential","Alleviate"],"picked":"Contraction","floor":18},{"not_picked":["Alleviate","Rewind"],"picked":"BestPractice+1","floor":19},{"not_picked":["ShiftingGears","Ricochet"],"picked":"DualDimension","floor":22},{"not_picked":["Unruled","BottledTime+1"],"picked":"Misdirection+1","floor":24},{"not_picked":["Alleviate+1","TimeWarp+1"],"picked":"Misdirection","floor":27}],"player_experience":365116,"relics_obtained":[{"floor":9,"key":"PreservedInsect"},{"floor":26,"key":"Ancient Tea Set"},{"floor":27,"key":"Molten Egg 2"}],"event_choices":[{"damage_healed":0,"gold_gain":75,"player_choice":"Gather Gold","damage_taken":11,"max_hp_gain":0,"max_hp_loss":0,"event_name":"World of Goop","floor":2,"gold_loss":0},{"damage_healed":0,"gold_gain":0,"player_choice":"Entered Light","damage_taken":13,"max_hp_gain":0,"max_hp_loss":0,"event_name":"Shining Light","floor":5,"gold_loss":0,"cards_upgraded":["Strike_S","Strike_S"]},{"damage_healed":0,"gold_gain":0,"player_choice":"Forge","damage_taken":0,"max_hp_gain":0,"max_hp_loss":0,"event_name":"Accursed Blacksmith","floor":11,"gold_loss":0,"cards_upgraded":["DeusExMachina"]},{"damage_healed":0,"gold_gain":0,"player_choice":"Ignored","damage_taken":0,"max_hp_gain":0,"max_hp_loss":0,"event_name":"N\u0027loth","floor":21,"gold_loss":0}],"is_beta":false,"boss_relics":[{"not_picked":["Philosopher\u0027s Stone","Astrolabe"],"picked":"SacredBark"}],"items_purged_floors":[],"is_endless":false,"potions_floor_spawned":[4,10,12,13,14,16,18,19],"killed_by":"3 Cultists","ascension_level":0}}