{"host":"uoshhb7sfln10kpy","time":1610645399,"event":{"mods":["BaseMod","Bestiary","BetterRewards","Curses Come First","Downfall","Marisa£®ÏF”Í°°ƒß¿Ì…≥£©","Minty Spire (QoL Compilation)","Remilia£®¿Ÿ√◊¿Ú—«£©","Replay The Spire","Say the Spire","Shop Mod","StSLib","The Alterego","The Bladedancer","The Bug Knight","The Mystic","UnlockEverythingMod"],"gold_per_floor":[119,129,54,65,78,113,113,288,288,37,37,62,62,72,72,171,171,190,46,46,62,62,96,110,110,110,110,124,159,175,175,175,277,277,295,312,324,199,232,232,250,100,127,139,149,149,149,60,60,60],"floor_reached":51,"language":"ZHS","playtime":2495,"items_purged":["Replay:UnknownCurse","Replay:Hysterical Blindness","Wrath_TH","Parasite"],"score":1047,"play_id":"52135b20-755d-4501-9fe3-d5cf763daee9","local_time":"20210115012959","is_ascension_mode":false,"campfire_choices":[{"data":"Transmutation","floor":7,"key":"SMITH"},{"data":"HollowMod:MantisMark","floor":13,"key":"SMITH"},{"data":"HollowMod:MantisMark","floor":15,"key":"SMITH"},{"data":"Bite","floor":25,"key":"SMITH"},{"data":"Bite","floor":25,"key":"SMITH"},{"data":"Bite","floor":27,"key":"SMITH"},{"data":"HollowMod:Weaversong","floor":27,"key":"SMITH"},{"floor":32,"key":"DIG"},{"data":"HollowMod:Weaversong","floor":40,"key":"SMITH"},{"data":"Bite","floor":40,"key":"SMITH"},{"data":"Replay:SS_forest_2","floor":49,"key":"SMITH"},{"data":"EndlessPower","floor":49,"key":"SMITH"}],"circlet_count":0,"master_deck":["HollowMod:QuickDashStart","HollowMod:QuickDashStart","HollowMod:QuickDashStart","HollowMod:QuickDashStart","HollowMod:FocusHealStart","HollowMod:PogoStrike","HollowMod:FallenFury+1","expansioncontent:StudyTheSpire+1","Transmutation+1","Blind","HollowMod:SoulEater+1","HollowMod:MantisMark+1","HollowMod:MantisMark+1","HollowMod:GoodIntentions","HollowMod:QuirrelsAssistance","Doubt","HollowMod:AwokenDreamNail","HollowMod:DungDefenderAura+1","Bite","Bite+1","Bite+1","Bite+1","Bite+1","HollowMod:SoulStrike","HollowMod:Weaversong+1","HollowMod:HornetsHelp","HollowMod:NewLittleFool","EndlessPower+1","HollowMod:Weaversong+1","CurseOfTheBell","HollowMod:DungDefenderAura+1","HollowMod:CloakDash+1","ReplayTheSpireMod:Splinters","HollowMod:MantisMark+1","HollowMod:MawleksShell+1","HollowMod:MantisMark+1","Doubt","Replay:SS_forest_2+1"],"relics":["HollowMod:VesselMask","ReplayTheSpireMod:CursedCoin","Bag of Preparation","Strawberry","FossilizedHelix","ReplayTheSpireMod:ShopPack","White Beast Statue","Incense Burner","Guide Book","Lizard Tail","Philosopher\u0027s Stone","Happy Flower","Replay:Arrowhead","Toxic Egg 2","HollowMod:LumaflyLanternRelic","PreservedInsect","Calling Bell","Potion Belt","InkBottle","Pocketwatch","Replay:Towering Pillar of Hats","Pen Nib"],"acts_visited":["Exordium","TheCity","TheBeyond"],"potions_floor_usage":[5,12,16,16,23,24,24,28,33,33,41,41,44,44,45,50,50,50],"damage_taken":[{"damage":0,"enemies":"Jaw Worm","floor":1,"turns":4},{"damage":0,"enemies":"2 Louse","floor":2,"turns":2},{"damage":0,"enemies":"Small Slimes","floor":4,"turns":1},{"damage":5,"enemies":"Exordium Wildlife","floor":5,"turns":5},{"damage":0,"enemies":"Lagavulin","floor":6,"turns":6},{"damage":0,"enemies":"3 Sentries","floor":12,"turns":9},{"damage":1,"enemies":"Blue Slaver","floor":14,"turns":4},{"damage":22,"enemies":"The Guardian","floor":16,"turns":9},{"damage":19,"enemies":"Spheric Guardian","floor":18,"turns":4},{"damage":6,"enemies":"Chosen","floor":21,"turns":4},{"damage":36,"enemies":"Replay:Snechameleon","floor":23,"turns":5},{"damage":28,"enemies":"Centurion and Healer","floor":24,"turns":6},{"damage":21,"enemies":"Cultist and Chosen","floor":28,"turns":6},{"damage":0,"enemies":"Book of Stabbing","floor":29,"turns":5},{"damage":12,"enemies":"Snake Plant","floor":30,"turns":3},{"damage":51,"enemies":"Pondfish","floor":33,"turns":8},{"damage":31,"enemies":"3 Darklings","floor":35,"turns":4},{"damage":23,"enemies":"3 Shapes","floor":36,"turns":3},{"damage":17,"enemies":"Spire Growth","floor":37,"turns":5},{"damage":7,"enemies":"Writhing Mass","floor":41,"turns":5},{"damage":10,"enemies":"Jaw Worm Horde","floor":44,"turns":4},{"damage":30,"enemies":"HollowMod:SlobberingHusk","floor":45,"turns":6},{"damage":71,"enemies":"Time Eater","floor":50,"turns":9}],"seed_played":"7405080895735182229","potions_obtained":[{"floor":2,"key":"Fire Potion"},{"floor":5,"key":"Block Potion"},{"floor":12,"key":"FearPotion"},{"floor":14,"key":"AttackPotion"},{"floor":16,"key":"SteroidPotion"},{"floor":18,"key":"DuplicationPotion"},{"floor":21,"key":"Doom Potion"},{"floor":23,"key":"Regen Potion"},{"floor":24,"key":"ColorlessPotion"},{"floor":28,"key":"PowerPotion"},{"floor":29,"key":"Cursed Concoction"},{"floor":33,"key":"Reflective Coating"},{"floor":35,"key":"Reflective Coating"},{"floor":36,"key":"Cursed Concoction"},{"floor":37,"key":"Weak Potion"},{"floor":41,"key":"LiquidMemories"},{"floor":44,"key":"SkillPotion"},{"floor":45,"key":"Fire Potion"}],"is_trial":false,"path_per_floor":["M","M","?","M","M","E","R","?","T","$","?","E","R","M","R","B",null,"M","$","?","M","?","E","M","R","T","R","M","E","M","?","R","B",null,"M","M","M","$","?","R","M","$","T","M","M","?","?","$","R","B",null],"character_chosen":"THE_BUGKNIGHT","items_purchased":["HollowMod:FallenFury","ReplayTheSpireMod:CursedCoin","Bag of Preparation","Strawberry","ReplayTheSpireMod:ShopPack","Guide Book","Happy Flower","Replay:SS_forest_2"],"campfire_rested":0,"item_purchase_floors":[0,0,0,0,0,10,19,48],"current_hp_per_floor":[47,47,52,52,47,47,47,47,47,47,47,57,57,56,56,40,87,68,68,60,60,60,30,39,39,39,39,33,47,45,45,45,22,60,38,18,20,20,20,20,29,29,29,34,19,57,57,57,57,33],"gold":60,"neow_bonus":"","is_daily":false,"chose_seed":false,"campfire_upgraded":11,"win_rate":0.0,"timestamp":1610645399,"path_taken":["M","M","?","M","M","E","R","?","T","$","?","E","R","M","R","BOSS","M","$","?","M","?","E","M","R","T","R","M","E","?","?","R","BOSS","M","M","M","$","?","R","M","$","T","M","M","?","?","$","R","BOSS"],"items_purchased_type":["Card","Relic","Relic","Relic","Relic","Relic","Relic","Card"],"build_version":"2020-12-22","purchased_purges":4,"victory":true,"max_hp_per_floor":[82,82,87,87,87,87,87,87,87,87,87,87,87,87,87,87,87,87,87,60,60,60,60,60,60,60,60,60,60,60,60,60,60,60,60,60,60,60,60,60,60,57,57,57,57,57,57,57,57,57],"card_choices":[{"not_picked":["expansioncontent:Corrupt","Midas Touch"],"picked":"expansioncontent:StudyTheSpire","floor":0},{"not_picked":["expansioncontent:Corrupt","Replay:Sssssssssstrike"],"picked":"Transmutation","floor":0},{"not_picked":["expansioncontent:DarkVoid","Thinking Ahead"],"picked":"Blind","floor":0},{"not_picked":["HollowMod:AbyssShriek","HollowMod:ChannelNail"],"picked":"HollowMod:SoulEater","floor":1},{"not_picked":["HollowMod:InfectedAttack","HollowMod:DashSlash"],"picked":"HollowMod:MantisMark","floor":2},{"not_picked":["HollowMod:TaintedHusks","HollowMod:CycloneSlash"],"picked":"HollowMod:MantisMark","floor":4},{"not_picked":["HollowMod:TaintedHusks","HollowMod:WraithStrike"],"picked":"HollowMod:GoodIntentions","floor":5},{"not_picked":["HollowMod:AbyssShriek","HollowMod:WraithStrike"],"picked":"HollowMod:QuirrelsAssistance","floor":6},{"not_picked":["HollowMod:LifebloodCocoon","HollowMod:NewLittleFool","HollowMod:LifebloodCore"],"picked":"SKIP","floor":12},{"not_picked":["HollowMod:DreamGate","HollowMod:NewGlowingWomb","HollowMod:WraithStrike"],"picked":"SKIP","floor":14},{"not_picked":["HollowMod:Weaversong","HollowMod:SoulMaster"],"picked":"HollowMod:AwokenDreamNail","floor":16},{"not_picked":["HollowMod:BlackTendrils","HollowMod:NewLittleFool"],"picked":"HollowMod:DungDefenderAura+1","floor":18},{"not_picked":["HollowMod:ChannelNail","HollowMod:CornifersMapStart"],"picked":"HollowMod:SoulStrike","floor":21},{"not_picked":["HollowMod:DoubleDash","HollowMod:AbyssShriek"],"picked":"HollowMod:HornetsHelp","floor":23},{"not_picked":["HollowMod:VengefulVoid+1","HollowMod:WraithStrike+1","HollowMod:CoiledNail+1"],"picked":"SKIP","floor":24},{"not_picked":["HollowMod:ChannelNail+1","HollowMod:CycloneSlash","HollowMod:DungDefenderAura+1"],"picked":"SKIP","floor":28},{"not_picked":["HollowMod:GoodIntentions+1","HollowMod:InfectedCysts+1"],"picked":"HollowMod:NewLittleFool","floor":29},{"not_picked":["HollowMod:HeavyBlow","HollowMod:ShadowDash+1","HollowMod:LifebloodCocoon+1"],"picked":"SKIP","floor":30},{"not_picked":["HollowMod:HornetsHelp","HollowMod:SoulMaster"],"picked":"HollowMod:Weaversong","floor":33},{"not_picked":["HollowMod:NewLittleFool+1","HollowMod:HowlingWraiths"],"picked":"HollowMod:DungDefenderAura+1","floor":35},{"not_picked":["HollowMod:HeavyBlow+1","HollowMod:DashSlash"],"picked":"HollowMod:CloakDash+1","floor":36},{"not_picked":["HollowMod:GreatSlash+1","HollowMod:VengefulSpirit","HollowMod:LifebloodCocoon+1"],"picked":"SKIP","floor":37},{"not_picked":["HollowMod:DashSlash","HollowMod:HowlingWraiths"],"picked":"HollowMod:MantisMark+1","floor":39},{"not_picked":["HollowMod:HeavyBlow+1","HollowMod:CoiledNail+1","HollowMod:SoulSplash+1"],"picked":"SKIP","floor":41},{"not_picked":["HollowMod:LifebloodCocoon+1","HollowMod:InfectionAssault+1"],"picked":"HollowMod:MawleksShell+1","floor":44},{"not_picked":["HollowMod:theNailsmith+1","HollowMod:SharpenedNail+1"],"picked":"HollowMod:MantisMark+1","floor":45}],"player_experience":15392,"relics_obtained":[{"floor":6,"key":"White Beast Statue"},{"floor":9,"key":"Incense Burner"},{"floor":12,"key":"Lizard Tail"},{"floor":23,"key":"Replay:Arrowhead"},{"floor":26,"key":"Toxic Egg 2"},{"floor":29,"key":"HollowMod:LumaflyLanternRelic"},{"floor":32,"key":"PreservedInsect"},{"floor":34,"key":"Potion Belt"},{"floor":34,"key":"InkBottle"},{"floor":34,"key":"Pocketwatch"},{"floor":39,"key":"Replay:Towering Pillar of Hats"},{"floor":43,"key":"Pen Nib"}],"event_choices":[{"damage_healed":0,"gold_gain":175,"player_choice":"AGREE","damage_taken":0,"max_hp_gain":0,"max_hp_loss":0,"event_name":"Liars Game","floor":8,"gold_loss":0,"cards_obtained":["Doubt"]},{"damage_healed":0,"gold_gain":0,"player_choice":"Grow","damage_taken":0,"max_hp_gain":0,"max_hp_loss":0,"event_name":"Living Wall","floor":11,"gold_loss":0,"cards_upgraded":["HollowMod:SoulEater"]},{"damage_healed":0,"gold_gain":0,"player_choice":"Became a vampire","damage_taken":0,"max_hp_gain":0,"max_hp_loss":27,"event_name":"Vampires","floor":20,"gold_loss":0,"cards_obtained":["Bite","Bite","Bite","Bite","Bite"]},{"damage_healed":0,"gold_gain":0,"player_choice":"1 cards matched","damage_taken":0,"max_hp_gain":0,"max_hp_loss":0,"event_name":"Match and Keep!","floor":22,"gold_loss":0,"cards_obtained":["HollowMod:Weaversong"]},{"damage_healed":38,"gold_gain":0,"player_choice":"Heal","damage_taken":0,"max_hp_gain":0,"max_hp_loss":0,"event_name":"MindBloom","floor":46,"gold_loss":0,"cards_obtained":["Doubt"]}],"is_beta":false,"boss_relics":[{"not_picked":["ReplayTheSpireMod:DimensionalGlitch","Honey Jar"],"picked":"Philosopher\u0027s Stone"},{"not_picked":["Ring of Chaos","Fusion Hammer"],"picked":"Calling Bell"}],"items_purged_floors":[0,10,38,42],"is_endless":false,"potions_floor_spawned":[2,5,12,14,16,18,21,23,24,28,29,30,33,35,36,37,41,44,45],"ascension_level":0}}