{"host":"d23wowvt3mehu8rg","time":1610663590,"event":{"mods":["BaseMod","Colored Powertips","Dark Map","Highlight Path","Minty Spire (QoL Compilation)","Slay-I"],"gold_per_floor":[110,127,127,127,127,160,160,200,271,304,304,348,348,378,378,502,502,493,493,507,95,110,110,150,150,173,204,237,269,281,328,340,477,489,517,41,60,60,83,126,151,195,221,221,244,262,262,285,285,285,285,285,7,47,47],"floor_reached":56,"language":"ENG","playtime":4777,"items_purged":["Strike_R","Regret"],"score":1375,"play_id":"948a946c-fe8e-4b7f-b69d-e87a88f65b6c","local_time":"20210114233310","is_ascension_mode":true,"campfire_choices":[{"data":"Feed","floor":7,"key":"SMITH"},{"data":"Wild Strike","floor":11,"key":"SMITH"},{"data":"Bash","floor":13,"key":"SMITH"},{"data":"Hemokinesis","floor":15,"key":"SMITH"},{"floor":23,"key":"RECALL"},{"data":"Uppercut","floor":25,"key":"SMITH"},{"data":"Battle Trance","floor":30,"key":"SMITH"},{"data":"Heavy Blade","floor":32,"key":"SMITH"},{"floor":44,"key":"REST"},{"data":"Double Tap","floor":47,"key":"SMITH"},{"floor":49,"key":"REST"},{"data":"Shrug It Off","floor":52,"key":"SMITH"}],"circlet_count":0,"master_deck":["Strike_R","Strike_R","Strike_R","Defend_R","Defend_R","Defend_R","Defend_R","Bash+1","Hemokinesis+1","Wild Strike+1","Feed+1","Ghostly Armor","Shrug It Off+1","Cleave","Battle Trance+1","Wild Strike+1","Uppercut+1","Pain","Rampage+1","Spot Weakness+1","Rage+1","Heavy Blade+1","Double Tap+1","Infernal Blade+1","Rage+1","Rage+1","Metallicize+1","Dropkick+1","True Grit+1","Shockwave+1","Offering","Spot Weakness"],"relics":["Burning Blood","NeowsBlessing","Golden Idol","Orichalcum","Dream Catcher","The Courier","Champion Belt","Unceasing Top","Cursed Key","Centennial Puzzle","Matryoshka","Bottled Lightning","Pen Nib","MawBank","StoneCalendar","Runic Cube","DollysMirror","Happy Flower","Calipers","Ornamental Fan","Blood Vial","Lantern","Toy Ornithopter"],"acts_visited":["Exordium","TheCity","TheBeyond","TheEnding"],"potions_floor_usage":[8,10,12,22,31,33,33,33,40,42,50,50,53,55,55,55],"damage_taken":[{"damage":0,"enemies":"Small Slimes","floor":1,"turns":1},{"damage":0,"enemies":"2 Louse","floor":2,"turns":1},{"damage":0,"enemies":"3 Sentries","floor":6,"turns":2},{"damage":22,"enemies":"Lagavulin","floor":8,"turns":5},{"damage":21,"enemies":"3 Sentries","floor":10,"turns":9},{"damage":14,"enemies":"Gremlin Nob","floor":12,"turns":5},{"damage":18,"enemies":"Slime Boss","floor":16,"turns":10},{"damage":14,"enemies":"2 Thieves","floor":18,"turns":4},{"damage":4,"enemies":"Shell Parasite","floor":20,"turns":2},{"damage":12,"enemies":"Snake Plant","floor":22,"turns":5},{"damage":24,"enemies":"Book of Stabbing","floor":24,"turns":5},{"damage":17,"enemies":"Snecko","floor":27,"turns":4},{"damage":15,"enemies":"Shelled Parasite and Fungi","floor":28,"turns":3},{"damage":10,"enemies":"Snake Plant","floor":29,"turns":2},{"damage":16,"enemies":"Slavers","floor":31,"turns":3},{"damage":41,"enemies":"Automaton","floor":33,"turns":6},{"damage":33,"enemies":"3 Darklings","floor":35,"turns":5},{"damage":0,"enemies":"Orb Walker","floor":37,"turns":2},{"damage":12,"enemies":"Jaw Worm Horde","floor":39,"turns":3},{"damage":38,"enemies":"Nemesis","floor":40,"turns":5},{"damage":19,"enemies":"Spire Growth","floor":41,"turns":3},{"damage":20,"enemies":"Reptomancer","floor":42,"turns":6},{"damage":5,"enemies":"Transient","floor":45,"turns":5},{"damage":16,"enemies":"Maw","floor":46,"turns":6},{"damage":14,"enemies":"Spire Growth","floor":48,"turns":3},{"damage":26,"enemies":"Awakened One","floor":50,"turns":9},{"damage":20,"enemies":"Shield and Spear","floor":54,"turns":4},{"damage":73,"enemies":"The Heart","floor":55,"turns":7}],"seed_played":"-6099668702003276273","potions_obtained":[{"floor":2,"key":"BlessingOfTheForge"},{"floor":8,"key":"Fire Potion"},{"floor":10,"key":"Ancient Potion"},{"floor":12,"key":"Strength Potion"},{"floor":18,"key":"AttackPotion"},{"floor":20,"key":"Fire Potion"},{"floor":24,"key":"Dexterity Potion"},{"floor":31,"key":"PowerPotion"},{"floor":37,"key":"SkillPotion"},{"floor":40,"key":"Dexterity Potion"},{"floor":46,"key":"Strength Potion"},{"floor":48,"key":"Strength Potion"}],"is_trial":false,"path_per_floor":["M","M","?","?","?","E","R","E","T","E","R","E","R","?","R","B",null,"M","?","M","$","M","R","E","R","T","M","M","M","R","E","R","B",null,"M","$","M","?","M","E","M","E","T","R","M","M","R","M","R","B",null,"R","$","E","B",null],"character_chosen":"IRONCLAD","items_purchased":["Battle Trance","Centennial Puzzle","Matryoshka","DollysMirror","Happy Flower","Calipers","Offering","EntropicBrew"],"campfire_rested":2,"item_purchase_floors":[21,21,21,36,36,36,53,53],"current_hp_per_floor":[80,80,80,60,53,59,59,47,47,36,36,32,32,32,32,24,96,88,88,90,90,88,88,74,74,74,67,58,54,54,44,44,9,108,81,81,87,87,85,53,40,26,26,59,62,54,54,48,81,63,112,112,112,98,48],"gold":47,"neow_bonus":"THREE_ENEMY_KILL","is_daily":false,"chose_seed":false,"campfire_upgraded":9,"win_rate":0.0,"timestamp":1610663590,"path_taken":["M","M","?","?","?","E","R","E","T","E","R","E","R","?","R","BOSS","M","?","M","$","M","R","E","R","T","M","M","M","R","E","R","BOSS","M","$","M","?","M","E","M","E","T","R","M","M","R","M","R","BOSS","R","$","E","BOSS"],"items_purchased_type":["Card","Relic","Relic","Relic","Relic","Relic","Card","Potion"],"build_version":"2020-12-22","purchased_purges":2,"victory":true,"max_hp_per_floor":[80,80,80,80,80,80,80,84,84,88,88,92,92,92,92,96,96,96,96,96,96,100,100,104,104,104,108,108,108,108,108,108,108,108,108,108,108,108,112,112,112,112,112,112,112,112,112,112,112,112,112,112,112,112,112],"card_choices":[{"not_picked":["Armaments","Warcry"],"picked":"Hemokinesis","floor":1},{"not_picked":["Warcry","Flame Barrier"],"picked":"Wild Strike","floor":2},{"not_picked":["Searing Blow","Armaments"],"picked":"Feed","floor":6},{"not_picked":["Sword Boomerang","Hemokinesis"],"picked":"Ghostly Armor","floor":8},{"not_picked":["Seeing Red","Dual Wield","Havoc"],"picked":"SKIP","floor":10},{"not_picked":["Seeing Red","Dual Wield","Havoc"],"picked":"SKIP","floor":10},{"not_picked":["Searing Blow","Fire Breathing"],"picked":"Shrug It Off","floor":12},{"not_picked":["Pummel+1","Searing Blow"],"picked":"Cleave","floor":18},{"not_picked":["Flex+1","Body Slam","Sever Soul"],"picked":"SKIP","floor":20},{"not_picked":["Iron Wave","Headbutt"],"picked":"Wild Strike+1","floor":22},{"not_picked":["Shrug It Off","Berserk"],"picked":"Uppercut","floor":24},{"not_picked":["Cleave","Battle Trance"],"picked":"Rampage+1","floor":27},{"not_picked":["Rampage+1","Body Slam"],"picked":"Spot Weakness+1","floor":28},{"not_picked":["Heavy Blade","Flex"],"picked":"Rage+1","floor":29},{"not_picked":["Sentinel","Battle Trance+1"],"picked":"Heavy Blade","floor":31},{"not_picked":["Immolate","Juggernaut"],"picked":"Double Tap","floor":33},{"not_picked":["Twin Strike","Fire Breathing+1"],"picked":"Infernal Blade+1","floor":35},{"not_picked":["Headbutt+1","Iron Wave","Battle Trance"],"picked":"SKIP","floor":37},{"not_picked":["Anger","Fire Breathing+1","Rampage+1"],"picked":"SKIP","floor":39},{"not_picked":["Anger+1","Feel No Pain"],"picked":"Metallicize+1","floor":40},{"not_picked":["Disarm","Reckless Charge","Body Slam"],"picked":"SKIP","floor":41},{"not_picked":["Clash+1","Thunderclap+1","Feed"],"picked":"SKIP","floor":42},{"not_picked":["Cleave","Havoc+1"],"picked":"Dropkick+1","floor":44},{"not_picked":["Shrug It Off+1","Havoc+1"],"picked":"True Grit+1","floor":45},{"not_picked":["Warcry","Body Slam","Thunderclap+1"],"picked":"SKIP","floor":46},{"not_picked":["Flame Barrier","Clash+1","Feel No Pain"],"picked":"SKIP","floor":48},{"not_picked":["Searing Blow","Body Slam"],"picked":"Shockwave+1","floor":49},{"not_picked":["Clash+1","Cleave"],"picked":"Spot Weakness","floor":54}],"player_experience":193336,"relics_obtained":[{"floor":6,"key":"Orichalcum"},{"floor":8,"key":"Dream Catcher"},{"floor":9,"key":"The Courier"},{"floor":10,"key":"Champion Belt"},{"floor":12,"key":"Unceasing Top"},{"floor":24,"key":"Bottled Lightning"},{"floor":26,"key":"Pen Nib"},{"floor":26,"key":"MawBank"},{"floor":31,"key":"StoneCalendar"},{"floor":40,"key":"Ornamental Fan"},{"floor":42,"key":"Blood Vial"},{"floor":43,"key":"Lantern"},{"floor":54,"key":"Toy Ornithopter"}],"event_choices":[{"damage_healed":0,"gold_gain":0,"player_choice":"Ignored","damage_taken":0,"max_hp_gain":0,"max_hp_loss":0,"event_name":"Liars Game","floor":3,"gold_loss":0},{"damage_healed":0,"gold_gain":0,"player_choice":"Take Damage","damage_taken":20,"relics_obtained":["Golden Idol"],"max_hp_gain":0,"max_hp_loss":0,"event_name":"Golden Idol","floor":4,"gold_loss":0},{"cards_removed":["Strike_R"],"damage_healed":0,"gold_gain":0,"player_choice":"Card Removal","damage_taken":7,"max_hp_gain":0,"max_hp_loss":0,"event_name":"Golden Wing","floor":5,"gold_loss":0},{"damage_healed":0,"gold_gain":30,"player_choice":"Searched \u00272\u0027 times","damage_taken":0,"max_hp_gain":0,"max_hp_loss":0,"event_name":"Dead Adventurer","floor":14,"gold_loss":0},{"damage_healed":0,"gold_gain":0,"player_choice":"Ignored","damage_taken":0,"max_hp_gain":0,"max_hp_loss":0,"event_name":"Ghosts","floor":19,"gold_loss":0},{"damage_healed":0,"gold_gain":0,"player_choice":"Copied","damage_taken":0,"max_hp_gain":0,"max_hp_loss":0,"event_name":"Duplicator","floor":38,"gold_loss":0,"cards_obtained":["Rage"]}],"is_beta":false,"boss_relics":[{"not_picked":["Mark of Pain","Ectoplasm"],"picked":"Cursed Key"},{"not_picked":["SacredBark","Calling Bell"],"picked":"Runic Cube"}],"items_purged_floors":[21,53],"is_endless":false,"potions_floor_spawned":[2,8,10,12,18,20,24,31,37,40,46,48,54],"ascension_level":1}}