{"host":"ovxa65d68iy9l57e","time":1610663703,"event":{"mods":["AchievementEnabler","BaseMod","Better Altar","Better Skull","Better Vampires","Colored Map","Curses Come First","Minty Spire (QoL Compilation)","Relic Stats","StSLib"],"gold_per_floor":[116,127,127,127,147,161,192,207,230,242,276,292,321,336,336,434,434,451,467,484,114,114,142,152,183,183,212,212,228,57,71,71,172,172,184,184,198,22,42,42,147,182,182,192,39,56,56,70,70,70,70,70,70,104,104],"floor_reached":56,"language":"SPA","playtime":3140,"items_purged":["Strike_R","Strike_R"],"score":1414,"play_id":"fa1a1bf6-6ed3-4537-9cff-c0d34619757d","local_time":"20210114233503","is_ascension_mode":true,"campfire_choices":[{"data":"Double Tap","floor":15,"key":"SMITH"},{"floor":28,"key":"RECALL"},{"floor":32,"key":"REST"},{"floor":40,"key":"REST"},{"floor":47,"key":"REST"},{"floor":49,"key":"REST"},{"floor":52,"key":"REST"}],"circlet_count":0,"master_deck":["Strike_R","Strike_R","Strike_R","Defend_R","Defend_R+1","Defend_R","Defend_R","Bash","Pummel","Twin Strike","Pommel Strike+1","Impervious+1","Wild Strike","Flex","Seeing Red","Double Tap+1","Reaper","Evolve+1","Sword Boomerang","Feel No Pain+1","Second Wind+1","Spot Weakness","Heavy Blade+1","Limit Break","Inflame+1","Limit Break","Battle Trance+1","Flex","Spot Weakness+1","Master of Strategy","Shame","Shrug It Off+1","Dark Embrace+1"],"relics":["Burning Blood","Vajra","Frozen Egg 2","Happy Flower","Akabeko","Boot","Fusion Hammer","War Paint","MutagenicStrength","Red Skull","PreservedInsect","StrikeDummy","Lantern","Cursed Key","Pantograph","Bag of Preparation","Pen Nib"],"acts_visited":["Exordium","TheCity","TheBeyond","TheEnding"],"potions_floor_usage":[11,14,20,25,31,55,55],"damage_taken":[{"damage":7,"enemies":"Jaw Worm","floor":1,"turns":3},{"damage":7,"enemies":"2 Louse","floor":2,"turns":2},{"damage":1,"enemies":"Cultist","floor":5,"turns":3},{"damage":11,"enemies":"Blue Slaver","floor":6,"turns":4},{"damage":16,"enemies":"Gremlin Nob","floor":7,"turns":3},{"damage":6,"enemies":"Exordium Wildlife","floor":8,"turns":5},{"damage":4,"enemies":"Lots of Slimes","floor":10,"turns":3},{"damage":15,"enemies":"3 Sentries","floor":11,"turns":6},{"damage":9,"enemies":"3 Louse","floor":12,"turns":2},{"damage":16,"enemies":"Gremlin Nob","floor":13,"turns":3},{"damage":0,"enemies":"Gremlin Gang","floor":14,"turns":4},{"damage":38,"enemies":"Slime Boss","floor":16,"turns":9},{"damage":7,"enemies":"3 Byrds","floor":18,"turns":4},{"damage":0,"enemies":"Spheric Guardian","floor":19,"turns":2},{"damage":8,"enemies":"Snecko","floor":20,"turns":3},{"damage":14,"enemies":"Gremlin Leader","floor":23,"turns":5},{"damage":4,"enemies":"Shelled Parasite and Fungi","floor":24,"turns":3},{"damage":14,"enemies":"Book of Stabbing","floor":25,"turns":2},{"damage":5,"enemies":"Slavers","floor":27,"turns":4},{"damage":21,"enemies":"Centurion and Healer","floor":29,"turns":4},{"damage":16,"enemies":"Snake Plant","floor":31,"turns":3},{"damage":60,"enemies":"Automaton","floor":33,"turns":8},{"damage":0,"enemies":"Orb Walker","floor":35,"turns":2},{"damage":12,"enemies":"3 Darklings","floor":37,"turns":3},{"damage":0,"enemies":"Transient","floor":39,"turns":5},{"damage":0,"enemies":"Reptomancer","floor":42,"turns":2},{"damage":0,"enemies":"Writhing Mass","floor":44,"turns":1},{"damage":2,"enemies":"4 Shapes","floor":46,"turns":3},{"damage":0,"enemies":"Transient","floor":48,"turns":4},{"damage":20,"enemies":"Donu and Deca","floor":50,"turns":3},{"damage":1,"enemies":"Shield and Spear","floor":54,"turns":2},{"damage":142,"enemies":"The Heart","floor":55,"turns":7}],"seed_played":"-3704737626064642433","potions_obtained":[{"floor":5,"key":"Swift Potion"},{"floor":7,"key":"PowerPotion"},{"floor":8,"key":"ColorlessPotion"},{"floor":10,"key":"LiquidMemories"},{"floor":13,"key":"ElixirPotion"},{"floor":14,"key":"DistilledChaos"},{"floor":16,"key":"PowerPotion"},{"floor":23,"key":"Dexterity Potion"},{"floor":25,"key":"SneckoOil"},{"floor":33,"key":"FairyPotion"},{"floor":46,"key":"Ancient Potion"}],"is_trial":false,"path_per_floor":["M","M","?","?","M","M","E","M","T","M","E","M","E","M","R","B",null,"M","M","M","$","?","E","M","E","T","E","R","M","$","M","R","B",null,"M","?","M","$","M","R","?","E","T","M","$","M","R","M","R","B",null,"R","$","E","B",null],"character_chosen":"IRONCLAD","items_purchased":["Second Wind","Spot Weakness","War Paint","Inflame+1","Master of Strategy","Bag of Preparation"],"campfire_rested":5,"item_purchase_floors":[21,21,21,30,38,45],"current_hp_per_floor":[79,78,78,80,80,75,65,65,65,67,58,55,45,51,51,19,80,80,80,78,78,78,80,80,72,72,73,73,65,65,68,80,49,80,80,80,80,80,80,80,42,48,48,54,54,80,80,80,80,80,80,80,80,80,29],"gold":104,"neow_bonus":"RANDOM_COMMON_RELIC","is_daily":false,"chose_seed":false,"campfire_upgraded":1,"win_rate":0.0,"timestamp":1610663703,"path_taken":["M","M","?","?","M","M","E","?","T","M","E","M","E","M","R","BOSS","M","M","M","$","?","E","M","E","T","E","R","M","$","M","R","BOSS","M","?","?","$","M","R","?","E","T","M","$","?","R","M","R","BOSS","R","$","E","BOSS"],"items_purchased_type":["Card","Card","Relic","Card","Card","Relic"],"build_version":"2020-12-22","purchased_purges":2,"victory":true,"max_hp_per_floor":[80,80,80,80,80,80,80,80,80,80,80,80,80,80,80,80,80,80,80,80,80,80,80,80,80,80,80,80,80,80,80,80,80,80,80,80,80,80,80,80,80,80,80,80,80,80,80,80,80,80,80,80,80,80,80],"relic_stats":{"Happy Flower":[32],"counters":[32,117],"Pantograph":0,"PreservedInsect":168,"Pen Nib":[1],"Bag of Preparation":[10],"War Paint":["Impervious","Second Wind"],"Boot":[50],"Cursed Key":1,"obtain_stats":[{"Lantern":27,"Happy Flower":9,"Vajra":0,"PreservedInsect":25,"Pen Nib":54,"Bag of Preparation":45,"Frozen Egg 2":7,"War Paint":21,"Boot":13,"Cursed Key":34,"Burning Blood":0,"Akabeko":11,"MutagenicStrength":22,"Pantograph":42,"Fusion Hammer":17,"StrikeDummy":26,"Red Skull":23},{"Lantern":19,"Happy Flower":6,"Vajra":0,"PreservedInsect":18,"Pen Nib":31,"Bag of Preparation":27,"Frozen Egg 2":5,"War Paint":15,"Boot":10,"Cursed Key":22,"Burning Blood":0,"Akabeko":8,"MutagenicStrength":15,"Pantograph":26,"Fusion Hammer":12,"StrikeDummy":18,"Red Skull":16},{"Lantern":70,"Happy Flower":20,"Vajra":0,"PreservedInsect":66,"Pen Nib":110,"Bag of Preparation":98,"Frozen Egg 2":15,"War Paint":56,"Boot":34,"Cursed Key":85,"Burning Blood":0,"Akabeko":29,"MutagenicStrength":56,"Pantograph":97,"Fusion Hammer":47,"StrikeDummy":66,"Red Skull":61}],"Burning Blood":128},"card_choices":[{"not_picked":["True Grit","Wild Strike"],"picked":"Pummel","floor":1},{"not_picked":["Intimidate","Thunderclap","Dark Embrace"],"picked":"SKIP","floor":2},{"not_picked":["Sentinel","Blood for Blood"],"picked":"Twin Strike","floor":5},{"not_picked":["Headbutt","Ghostly Armor"],"picked":"Pommel Strike","floor":6},{"not_picked":["Armaments","Wild Strike"],"picked":"Impervious","floor":7},{"not_picked":["Iron Wave","Sever Soul"],"picked":"Wild Strike","floor":8},{"not_picked":["Dropkick","Armaments"],"picked":"Flex","floor":10},{"not_picked":["Bloodletting","Armaments"],"picked":"Seeing Red","floor":11},{"not_picked":["Searing Blow","Pommel Strike","Armaments"],"picked":"SKIP","floor":12},{"not_picked":["Warcry","Wild Strike"],"picked":"Double Tap","floor":13},{"not_picked":["Warcry","Cleave","Iron Wave"],"picked":"SKIP","floor":14},{"not_picked":["Brutality+1","Corruption+1"],"picked":"Reaper","floor":16},{"not_picked":["Clothesline","Bloodletting+1"],"picked":"Evolve+1","floor":18},{"not_picked":["Headbutt","Intimidate+1"],"picked":"Sword Boomerang","floor":19},{"not_picked":["Blood for Blood","Disarm"],"picked":"Feel No Pain+1","floor":20},{"not_picked":["Searing Blow+1","Whirlwind"],"picked":"Heavy Blade+1","floor":23},{"not_picked":["Pommel Strike","Perfected Strike+1","Thunderclap"],"picked":"SKIP","floor":24},{"not_picked":["Intimidate+1","Shrug It Off"],"picked":"Limit Break","floor":25},{"not_picked":["Blood for Blood","Headbutt+1","Havoc+1"],"picked":"SKIP","floor":27},{"not_picked":["Body Slam","Searing Blow+1","Carnage"],"picked":"SKIP","floor":29},{"not_picked":["Headbutt","Carnage","Dropkick"],"picked":"SKIP","floor":31},{"not_picked":["Reaper","Impervious"],"picked":"Limit Break","floor":33},{"not_picked":["Pommel Strike","Sever Soul+1"],"picked":"Battle Trance+1","floor":35},{"not_picked":["Anger+1","Second Wind+1"],"picked":"Spot Weakness+1","floor":37},{"not_picked":["Searing Blow+1","Blood for Blood","Infernal Blade+1"],"picked":"SKIP","floor":39},{"not_picked":["Uppercut","Wild Strike","Perfected Strike"],"picked":"SKIP","floor":42},{"not_picked":["Ghostly Armor+1","Thunderclap+1","Shockwave"],"picked":"SKIP","floor":44},{"not_picked":["Headbutt+1","Battle Trance"],"picked":"Shrug It Off+1","floor":46},{"not_picked":["Combust+1","Cleave+1"],"picked":"Dark Embrace+1","floor":48},{"not_picked":["Armaments","Shockwave","Reckless Charge"],"picked":"SKIP","floor":54}],"player_experience":278419,"relics_obtained":[{"floor":7,"key":"Frozen Egg 2"},{"floor":9,"key":"Happy Flower"},{"floor":11,"key":"Akabeko"},{"floor":13,"key":"Boot"},{"floor":23,"key":"Red Skull"},{"floor":25,"key":"PreservedInsect"},{"floor":26,"key":"StrikeDummy"},{"floor":27,"key":"Lantern"},{"floor":42,"key":"Pantograph"},{"floor":54,"key":"Pen Nib"}],"event_choices":[{"damage_healed":0,"gold_gain":0,"player_choice":"Ignored","damage_taken":0,"max_hp_gain":0,"max_hp_loss":0,"event_name":"Liars Game","floor":3,"gold_loss":0},{"damage_healed":2,"gold_gain":0,"player_choice":"Full Heal","damage_taken":0,"max_hp_gain":0,"max_hp_loss":0,"event_name":"Wheel of Change","floor":4,"gold_loss":0},{"damage_healed":0,"gold_gain":0,"player_choice":"Inject Mutagens","damage_taken":0,"relics_obtained":["MutagenicStrength"],"max_hp_gain":0,"max_hp_loss":0,"event_name":"Drug Dealer","floor":22,"gold_loss":0},{"damage_healed":0,"gold_gain":0,"player_choice":"Copied","damage_taken":0,"max_hp_gain":0,"max_hp_loss":0,"event_name":"Duplicator","floor":36,"gold_loss":0,"cards_obtained":["Flex"]},{"damage_healed":0,"gold_gain":105,"player_choice":"GO UP UP ","damage_taken":43,"relics_obtained":[],"max_hp_gain":0,"max_hp_loss":0,"event_name":"betterSkull:BetterSkull","floor":41,"gold_loss":0,"cards_upgraded":["Pommel Strike","Defend_R"]}],"is_beta":false,"boss_relics":[{"not_picked":["Tiny House","Black Blood"],"picked":"Fusion Hammer"},{"not_picked":["Black Star","Empty Cage"],"picked":"Cursed Key"}],"items_purged_floors":[21,30],"is_endless":false,"potions_floor_spawned":[5,7,8,10,13,14,16,18,23,25,33,39,46,48],"ascension_level":3}}