{"host":"w4b7hmige5bnqipq","time":1610621656,"event":{"mods":["2.2 Compatiblity","BaseMod","Colored Map","DeckTracker","Keyboard Shortcuts","Minty Spire (QoL Compilation)","Permanent Neow","Rare Cards Sparkle","SuperFastMode","everything is the same but u backflip on backflip","slay the spire mod where everything is the same but ironclad has a cowboy hat"],"gold_per_floor":[119,135,60,78,88,88,88,121,121,121,131,149,149,166,166,245,245,257,59,72,92,92,122,122,137,217,230,230,230,259,277,277,351,351,371,371,390,130,143,175,175,207,254,300,334,346,346,346,346,346,346],"floor_reached":50,"language":"KOR","playtime":1514,"items_purged":["Strike_G","Venomology"],"score":1198,"play_id":"fdc3a7fc-d071-464d-94e0-ad9dcd7463f6","local_time":"20210114195416","is_ascension_mode":true,"campfire_choices":[{"data":"Crippling Poison","floor":6.0,"key":"SMITH"},{"data":"Corpse Explosion","floor":10.0,"key":"SMITH"},{"data":"Noxious Fumes","floor":15.0,"key":"SMITH"},{"floor":24.0,"key":"REST"},{"floor":29.0,"key":"REST"},{"floor":32.0,"key":"REST"},{"floor":41.0,"key":"REST"},{"floor":47,"key":"REST"},{"floor":49,"key":"RECALL"}],"circlet_count":0,"master_deck":["AscendersBane","Strike_G","Strike_G","Strike_G","Strike_G","Defend_G","Defend_G","Defend_G","Defend_G","Defend_G","Survivor","Neutralize","Crippling Poison+1","Riddle With Holes","Deadly Poison","Poisoned Stab","Corpse Explosion+1","Acrobatics","Catalyst","Noxious Fumes+1","PiercingWail","Sadistic Nature","Backflip","Adrenaline","Calculated Gamble+1","Prepared+1","Catalyst","Writhe"],"relics":["Ring of the Snake","Torii","Letter Opener","Runic Pyramid","Oddly Smooth Stone","Ninja Scroll","MealTicket","Sozu","PreservedInsect","HornCleat","InkBottle","Juzu Bracelet","Calipers","Bag of Preparation"],"acts_visited":["Exordium","TheCity","TheBeyond"],"potions_floor_usage":[],"damage_taken":[{"damage":7.0,"enemies":"Cultist","floor":1.0,"turns":5.0},{"damage":1.0,"enemies":"Small Slimes","floor":2.0,"turns":4.0},{"damage":1.0,"enemies":"2 Louse","floor":4.0,"turns":3.0},{"damage":4.0,"enemies":"Gremlin Gang","floor":5.0,"turns":5.0},{"damage":27.0,"enemies":"Gremlin Nob","floor":8.0,"turns":4.0},{"damage":0.0,"enemies":"2 Fungi Beasts","floor":11.0,"turns":3.0},{"damage":2.0,"enemies":"Blue Slaver","floor":12.0,"turns":3.0},{"damage":2.0,"enemies":"Looter","floor":14.0,"turns":3.0},{"damage":9.0,"enemies":"The Guardian","floor":16.0,"turns":6.0},{"damage":17.0,"enemies":"Shell Parasite","floor":18.0,"turns":4.0},{"damage":0.0,"enemies":"3 Byrds","floor":20.0,"turns":3.0},{"damage":2.0,"enemies":"Centurion and Healer","floor":21.0,"turns":4.0},{"damage":16.0,"enemies":"Slavers","floor":23.0,"turns":5.0},{"damage":34.0,"enemies":"Shelled Parasite and Fungi","floor":25.0,"turns":6.0},{"damage":0.0,"enemies":"3 Cultists","floor":27.0,"turns":3.0},{"damage":3.0,"enemies":"Gremlin Leader","floor":30.0,"turns":5.0},{"damage":1.0,"enemies":"Snecko","floor":31.0,"turns":4.0},{"damage":28.0,"enemies":"Champ","floor":33.0,"turns":7.0},{"damage":0.0,"enemies":"Orb Walker","floor":35.0,"turns":3.0},{"damage":21.0,"enemies":"3 Darklings","floor":37.0,"turns":3.0},{"damage":19.0,"enemies":"Transient","floor":39.0,"turns":6.0},{"damage":20.0,"enemies":"Giant Head","floor":40.0,"turns":6.0},{"damage":7.0,"enemies":"Reptomancer","floor":42.0,"turns":4.0},{"damage":2.0,"enemies":"2 Orb Walkers","floor":44.0,"turns":2.0},{"damage":1.0,"enemies":"Nemesis","floor":45.0,"turns":5.0},{"damage":14.0,"enemies":"Spire Growth","floor":46.0,"turns":4.0},{"damage":40,"enemies":"Awakened One","floor":50,"turns":5}],"seed_played":"8874533140315808752","potions_obtained":[{"floor":1.0,"key":"Strength Potion"},{"floor":2.0,"key":"Fire Potion"},{"floor":5.0,"key":"BlessingOfTheForge"},{"floor":12.0,"key":"SkillPotion"},{"floor":16.0,"key":"Explosive Potion"},{"floor":18.0,"key":"Energy Potion"},{"floor":25.0,"key":"BlessingOfTheForge"},{"floor":31.0,"key":"GamblersBrew"}],"is_trial":false,"path_per_floor":["M","M","$","M","M","R","?","E","T","R","M","M","?","M","R","B",null,"M","$","M","M","?","E","R","M","T","M","?","R","E","M","R","B",null,"M","?","M","$","M","E","R","E","T","?","E","M","R","?","R","B"],"character_chosen":"THE_SILENT","items_purchased":["Sadistic Nature","PreservedInsect"],"campfire_rested":5,"item_purchase_floors":[19,38],"current_hp_per_floor":[37,36,36,35,31,31,53,26,26,26,26,24,24,22,22,13,53,36,36,36,34,34,18,37,3,3,3,3,22,19,18,37,9,52,52,52,31,46,27,7,26,19,19,17,16,2,21,34,34,0,0],"gold":346,"neow_bonus":"ONE_RARE_RELIC","is_daily":false,"chose_seed":false,"campfire_upgraded":3,"win_rate":0.0,"timestamp":1610621656,"path_taken":["M","M","?","M","M","R","?","E","T","R","M","M","?","M","R","BOSS","M","$","M","?","?","E","R","M","T","M","?","R","E","M","R","BOSS","M","?","M","$","M","E","R","E","T","?","E","M","R","?","R","BOSS"],"items_purchased_type":["Card","Relic"],"build_version":"2020-12-22","purchased_purges":2,"victory":false,"max_hp_per_floor":[66,66,66,66,66,66,66,66,66,66,66,66,66,66,66,66,66,66,66,66,66,66,66,66,66,66,66,66,66,66,66,66,66,66,66,66,66,66,66,66,66,66,66,66,66,66,66,66,66,66,66],"card_choices":[{"not_picked":["Caltrops","Outmaneuver"],"picked":"Crippling Poison","floor":1.0},{"not_picked":["Quick Slash","Choke"],"picked":"Riddle With Holes","floor":2.0},{"not_picked":["Outmaneuver","Skewer"],"picked":"Deadly Poison","floor":4.0},{"not_picked":["Flechettes","Prepared"],"picked":"Poisoned Stab","floor":5.0},{"not_picked":["Underhanded Strike","Bane"],"picked":"Corpse Explosion","floor":8.0},{"not_picked":["Deadly Poison","Flechettes"],"picked":"Acrobatics","floor":11.0},{"not_picked":["Outmaneuver","Deflect"],"picked":"Catalyst","floor":12.0},{"not_picked":["Concentrate","Outmaneuver"],"picked":"PiercingWail","floor":14.0},{"not_picked":["Corpse Explosion","After Image"],"picked":"Venomology","floor":16.0},{"not_picked":["Quick Slash","Dash","Noxious Fumes"],"picked":"SKIP","floor":18.0},{"not_picked":["Crippling Poison","Acrobatics","Deflect"],"picked":"SKIP","floor":20.0},{"not_picked":["Infinite Blades","Quick Slash","Outmaneuver"],"picked":"SKIP","floor":21.0},{"not_picked":["Slice","Dagger Spray+1"],"picked":"Backflip","floor":23.0},{"not_picked":["Outmaneuver","Distraction","Backflip"],"picked":"SKIP","floor":25.0},{"not_picked":["Flying Knee","Endless Agony","Deadly Poison"],"picked":"SKIP","floor":27.0},{"not_picked":["Dagger Throw","Bane","Setup"],"picked":"SKIP","floor":30.0},{"not_picked":["Concentrate","Deflect"],"picked":"Adrenaline","floor":31.0},{"not_picked":["Cloak And Dagger","Dagger Throw+1"],"picked":"Calculated Gamble","floor":35.0},{"not_picked":["Skewer","Deadly Poison","All Out Attack"],"picked":"SKIP","floor":37.0},{"not_picked":["PiercingWail+1","Choke","Dash"],"picked":"SKIP","floor":39.0},{"not_picked":["Heel Hook+1","Dagger Spray","Deflect"],"picked":"SKIP","floor":40.0},{"not_picked":["Flying Knee","Phantasmal Killer"],"picked":"Prepared+1","floor":42.0},{"not_picked":["Blade Dance","Underhanded Strike"],"picked":"Catalyst","floor":45.0},{"not_picked":["Bane","PiercingWail","Dagger Spray"],"picked":"SKIP","floor":46}],"player_experience":485751,"relics_obtained":[{"floor":8.0,"key":"Letter Opener"},{"floor":23.0,"key":"Oddly Smooth Stone"},{"floor":26.0,"key":"Ninja Scroll"},{"floor":30.0,"key":"MealTicket"},{"floor":40.0,"key":"HornCleat"},{"floor":42.0,"key":"InkBottle"},{"floor":43.0,"key":"Juzu Bracelet"},{"floor":44.0,"key":"Calipers"},{"floor":45.0,"key":"Bag of Preparation"}],"event_choices":[{"damage_healed":22.0,"max_hp_gain":0.0,"max_hp_loss":0.0,"gold_gain":0.0,"event_name":"Big Fish","player_choice":"Banana","floor":7.0,"gold_loss":0.0,"damage_taken":0.0},{"damage_healed":0.0,"max_hp_gain":0.0,"max_hp_loss":0.0,"gold_gain":0.0,"event_name":"Match and Keep!","player_choice":"1 cards matched","floor":13.0,"gold_loss":0.0,"damage_taken":0.0,"cards_obtained":["Noxious Fumes"]},{"damage_healed":0.0,"max_hp_gain":0.0,"max_hp_loss":0.0,"gold_gain":0.0,"event_name":"Cursed Tome","player_choice":"Ignored","floor":22.0,"gold_loss":0.0,"damage_taken":0.0},{"damage_healed":0.0,"max_hp_gain":0.0,"max_hp_loss":0.0,"gold_gain":0.0,"event_name":"The Mausoleum","player_choice":"Ignored","floor":28.0,"gold_loss":0.0,"damage_taken":0.0},{"damage_healed":0.0,"max_hp_gain":0.0,"max_hp_loss":0.0,"gold_gain":0.0,"event_name":"Upgrade Shrine","player_choice":"Upgraded","floor":36.0,"gold_loss":0.0,"damage_taken":0.0,"cards_upgraded":["Calculated Gamble"]},{"damage_healed":0.0,"max_hp_gain":0.0,"max_hp_loss":0.0,"gold_gain":0.0,"event_name":"Mysterious Sphere","player_choice":"Fight","floor":44.0,"gold_loss":0.0,"damage_taken":0.0},{"damage_healed":13,"gold_gain":0,"player_choice":"Writhe","damage_taken":0,"max_hp_gain":0,"max_hp_loss":0,"event_name":"Winding Halls","floor":48,"gold_loss":0,"cards_obtained":["Writhe"]}],"is_beta":false,"boss_relics":[{"not_picked":["Pandora\u0027s Box","Cursed Key"],"picked":"Runic Pyramid"},{"not_picked":["Fusion Hammer","SlaversCollar"],"picked":"Sozu"}],"items_purged_floors":[3,38],"is_endless":false,"potions_floor_spawned":[1,2,5,12,16,18,25,27,31,35,40,46],"killed_by":"Awakened One","ascension_level":20}}