{"host":"jwbw4f4imxd0v0b0","time":1610605316,"event":{"mods":["BaseMod","Colored Map","Highlight Path","Minty Spire (QoL Compilation)","Relic Stats","StSLib"],"gold_per_floor":[110,130,130,143,156,156,167,192,192,203,203,229,229,258,258,357,357,376,475,494,507,507,507,537,548,548,548,548],"floor_reached":27,"language":"ENG","playtime":1729,"items_purged":[],"score":479,"play_id":"f93c007e-f1a4-4980-a17c-e3faa468fd53","local_time":"20210114002156","is_ascension_mode":true,"campfire_choices":[{"data":"Catalyst","floor":6.0,"key":"SMITH"},{"floor":11.0,"key":"REST"},{"data":"Catalyst","floor":13.0,"key":"SMITH"},{"data":"Crippling Poison","floor":15.0,"key":"SMITH"},{"data":"Wraith Form v2","floor":23.0,"key":"SMITH"}],"circlet_count":0,"master_deck":["Strike_G+1","Strike_G","Defend_G","Defend_G","Defend_G","Defend_G","Defend_G","Survivor","Neutralize+1","Crippling Poison+1","Terror","Catalyst+1","Dodge and Roll","Blade Dance","Deadly Poison","Calculated Gamble","Catalyst+1","Crippling Poison+1","Wraith Form v2+1","Concentrate+1","Poisoned Stab+1","Slice+1","Acrobatics","Well Laid Plans","Reflex+1"],"relics":["Ring of the Snake","Calipers","Bronze Scales","Girya","Shuriken","CaptainsWheel","Astrolabe","Whetstone","Strawberry"],"acts_visited":["Exordium","TheCity"],"potions_floor_usage":[],"damage_taken":[{"damage":2.0,"enemies":"Jaw Worm","floor":1.0,"turns":7.0},{"damage":2.0,"enemies":"Cultist","floor":2.0,"turns":4.0},{"damage":10.0,"enemies":"Small Slimes","floor":4.0,"turns":4.0},{"damage":2.0,"enemies":"2 Fungi Beasts","floor":5.0,"turns":4.0},{"damage":4.0,"enemies":"Blue Slaver","floor":7.0,"turns":5.0},{"damage":20.0,"enemies":"3 Sentries","floor":8.0,"turns":13.0},{"damage":5.0,"enemies":"Large Slime","floor":10.0,"turns":5.0},{"damage":10.0,"enemies":"Lagavulin","floor":12.0,"turns":3.0},{"damage":14.0,"enemies":"3 Sentries","floor":14.0,"turns":9.0},{"damage":0.0,"enemies":"The Guardian","floor":16.0,"turns":4.0},{"damage":6.0,"enemies":"Shell Parasite","floor":18.0,"turns":4.0},{"damage":0.0,"enemies":"3 Byrds","floor":20.0,"turns":3.0},{"damage":12.0,"enemies":"Centurion and Healer","floor":21.0,"turns":5.0},{"damage":13.0,"enemies":"Book of Stabbing","floor":24.0,"turns":4.0},{"damage":3,"enemies":"Snake Plant","floor":25,"turns":4},{"damage":27,"enemies":"Slavers","floor":27,"turns":2}],"seed_played":"-3139387759992943237","potions_obtained":[{"floor":7.0,"key":"Block Potion"},{"floor":10.0,"key":"SteroidPotion"},{"floor":12.0,"key":"Swift Potion"},{"floor":14.0,"key":"EntropicBrew"},{"floor":18.0,"key":"DuplicationPotion"},{"floor":22.0,"key":"Dexterity Potion"},{"floor":24,"key":"FearPotion"}],"is_trial":false,"path_per_floor":["M","M","?","M","M","R","M","E","T","M","R","E","R","E","R","B",null,"M","?","M","M","?","R","E","M","T","E"],"character_chosen":"THE_SILENT","items_purchased":[],"campfire_rested":1,"item_purchase_floors":[],"current_hp_per_floor":[61,59,59,49,47,47,43,23,23,18,36,26,26,12,12,12,50,44,44,44,32,32,32,19,16,23,0,0],"gold":548,"neow_bonus":"ONE_RARE_RELIC","is_daily":false,"chose_seed":false,"campfire_upgraded":4,"win_rate":0.0,"timestamp":1610605316,"path_taken":["M","M","?","M","?","R","M","E","T","M","R","E","R","E","R","BOSS","M","?","M","M","?","R","E","?","T","E"],"items_purchased_type":[],"build_version":"2020-12-22","purchased_purges":0,"victory":false,"max_hp_per_floor":[63,63,63,63,63,63,63,63,63,63,63,63,63,63,63,63,63,63,63,63,63,63,63,63,63,70,70,70],"relic_stats":{"counters":[16,80],"Shuriken":[5],"Bronze Scales":[142],"Astrolabe":["Concentrate","Poisoned Stab","Slice"],"Whetstone":["Strike_G","Neutralize"],"obtain_stats":[{"Girya":9,"CaptainsWheel":14,"Calipers":0,"Shuriken":12,"Bronze Scales":8,"Astrolabe":17,"Strawberry":26,"Whetstone":24,"Ring of the Snake":0},{"Girya":6,"CaptainsWheel":9,"Calipers":0,"Shuriken":8,"Bronze Scales":6,"Astrolabe":10,"Strawberry":15,"Whetstone":14,"Ring of the Snake":0},{"Girya":37,"CaptainsWheel":54,"Calipers":0,"Shuriken":45,"Bronze Scales":37,"Astrolabe":58,"Strawberry":78,"Whetstone":74,"Ring of the Snake":0}],"Ring of the Snake":[32]},"card_choices":[{"not_picked":["Acrobatics","Cloak And Dagger"],"picked":"Crippling Poison","floor":1.0},{"not_picked":["Flechettes","Prepared"],"picked":"Terror","floor":2.0},{"not_picked":["Well Laid Plans","Terror"],"picked":"Catalyst","floor":4.0},{"not_picked":["Sucker Punch","Underhanded Strike"],"picked":"Dodge and Roll","floor":5.0},{"not_picked":["Prepared","Distraction"],"picked":"Blade Dance","floor":7.0},{"not_picked":["Flying Knee","Concentrate"],"picked":"Deadly Poison","floor":8.0},{"not_picked":["Flying Knee","Outmaneuver"],"picked":"Calculated Gamble","floor":10.0},{"not_picked":["Riddle With Holes","Quick Slash"],"picked":"Catalyst","floor":12.0},{"not_picked":["Cloak And Dagger","Masterful Stab"],"picked":"Crippling Poison","floor":14.0},{"not_picked":["Malaise","Unload"],"picked":"Wraith Form v2","floor":16.0},{"not_picked":["Outmaneuver","Prepared"],"picked":"Acrobatics","floor":18.0},{"not_picked":["Calculated Gamble","Choke+1","All Out Attack+1"],"picked":"SKIP","floor":20.0},{"not_picked":["Backflip","Infinite Blades+1","Crippling Poison"],"picked":"SKIP","floor":21.0},{"not_picked":["Blur","Dodge and Roll+1"],"picked":"Well Laid Plans","floor":24},{"not_picked":["Acrobatics","All Out Attack+1"],"picked":"Reflex+1","floor":25}],"player_experience":1049437,"relics_obtained":[{"floor":8.0,"key":"Bronze Scales"},{"floor":9.0,"key":"Girya"},{"floor":12.0,"key":"Shuriken"},{"floor":14.0,"key":"CaptainsWheel"},{"floor":24,"key":"Whetstone"},{"floor":26,"key":"Strawberry"}],"event_choices":[{"damage_healed":0.0,"max_hp_gain":0.0,"max_hp_loss":0.0,"gold_gain":0.0,"event_name":"Upgrade Shrine","player_choice":"Upgraded","floor":3.0,"gold_loss":0.0,"damage_taken":0.0,"cards_upgraded":["Crippling Poison"]},{"damage_healed":0.0,"max_hp_gain":0.0,"max_hp_loss":0.0,"gold_gain":99.0,"event_name":"Nest","player_choice":"Stole From Cult","floor":19.0,"gold_loss":0.0,"damage_taken":0.0},{"damage_healed":0.0,"max_hp_gain":0.0,"max_hp_loss":0.0,"gold_gain":0.0,"event_name":"Lab","player_choice":"Got Potions","floor":22.0,"gold_loss":0.0,"damage_taken":0.0}],"is_beta":false,"boss_relics":[{"not_picked":["Empty Cage","Black Star"],"picked":"Astrolabe"}],"items_purged_floors":[],"is_endless":false,"potions_floor_spawned":[7,10,12,14,18,24],"killed_by":"Slavers","ascension_level":9}}