{"host":"miejrq8yypas90n2","time":1610639528,"event":{"mods":["100% Spire Juice","Act Like it!","BaseMod","Colored Powertips","Gensokyo","Marisa£®ÏF”Í°°ƒß¿Ì…≥£©","Minty Spire (QoL Compilation)","Reimu£®≤©¿ˆ¡È√Œ£©","StSLib","The Gatherer"],"gold_per_floor":[118,118,138,151,5,36,36,36,36,54,54,54,15,25,25,25,25],"floor_reached":16,"language":"ZHS","playtime":502,"items_purged":[],"score":105,"play_id":"1d959761-9873-4765-8a34-3e9aa44dc5bb","local_time":"20210114235208","is_ascension_mode":true,"campfire_choices":[{"data":"DependentForm:ReiMu","floor":7.0,"key":"SMITH"},{"data":"Gensokyo:CrescentMoonSlash","floor":11.0,"key":"SMITH"},{"data":"KamiRite:ReiMu","floor":15.0,"key":"SMITH"}],"circlet_count":0,"master_deck":["Strike_Lin:ReiMu","Strike_Lin:ReiMu","Strike_Lin:ReiMu","Strike_Lin:ReiMu","Defend_Lin:ReiMu","Defend_Lin:ReiMu","Defend_Lin:ReiMu","Defend_Lin:ReiMu","Stagnation:ReiMu","CareerPray:ReiMu","DependentForm:ReiMu+1","Gensokyo:CrescentMoonSlash+1","DoubleButterfly:ReiMu","AirStrike:ReiMu","OctopathBindingBorder2:ReiMu","AirManeuver:ReiMu","KamiRite:ReiMu+1"],"relics":["FlyPower:ReiMu","Bow_fan:ReiMu","Happy Flower","Chemical X","StoneCalendar","Prayer Wheel"],"acts_visited":["Gensokyo:Gensokyo"],"potions_floor_usage":[16,16],"damage_taken":[{"damage":3.0,"enemies":"Gensokyo:Python","floor":1.0,"turns":4.0},{"damage":2.0,"enemies":"Gensokyo:2_Kodama","floor":3.0,"turns":4.0},{"damage":1.0,"enemies":"Gensokyo:Gryphon","floor":4.0,"turns":5.0},{"damage":5.0,"enemies":"Gensokyo:Mamizou","floor":6.0,"turns":9.0},{"damage":2.0,"enemies":"Gensokyo:2_Rabbits","floor":10.0,"turns":4.0},{"damage":6.0,"enemies":"Gensokyo:VengefulSpirit","floor":14.0,"turns":5.0},{"damage":53,"enemies":"Gensokyo:Yukari","floor":16,"turns":5}],"seed_played":"5243591027726544293","potions_obtained":[{"floor":1.0,"key":"SteroidPotion"},{"floor":6.0,"key":"Regen Potion"},{"floor":10.0,"key":"SpeedPotion"}],"is_trial":false,"path_per_floor":["M","?","M","M","$","E","R","?","T","M","R","?","$","M","R","B"],"character_chosen":"REIMU","items_purchased":["Chemical X","AirManeuver:ReiMu"],"campfire_rested":0,"item_purchase_floors":[5,13],"current_hp_per_floor":[62,62,60,59,59,54,54,45,45,43,43,43,43,37,37,0,0],"gold":25,"neow_bonus":"RANDOM_COMMON_RELIC","is_daily":false,"chose_seed":false,"campfire_upgraded":3,"win_rate":0.0,"timestamp":1610639528,"path_taken":["M","?","?","M","$","E","R","?","T","M","R","?","?","M","R","BOSS"],"items_purchased_type":["Relic","Card"],"build_version":"2020-12-22","purchased_purges":0,"victory":false,"max_hp_per_floor":[65,65,65,65,65,65,65,65,65,65,65,65,65,65,65,65,65],"card_choices":[{"not_picked":["PayForSelf:ReiMu","AlertArray:ReiMu","Enchanting:ReiMu"],"picked":"SKIP","floor":1.0},{"not_picked":["YinYangSign:ReiMu","WonderfulDomain:ReiMu"],"picked":"CareerPray:ReiMu","floor":3.0},{"not_picked":["SpringWay:ReiMu","ForcedLanding:ReiMu","EmergencyTakeOff:ReiMu"],"picked":"SKIP","floor":4.0},{"not_picked":["Crusade:ReiMu","ShadowOfCrow2:ReiMu"],"picked":"DependentForm:ReiMu","floor":6.0},{"not_picked":["EmergencyTakeOff:ReiMu","SafetyPray:ReiMu"],"picked":"DoubleButterfly:ReiMu","floor":10.0},{"not_picked":["FoulBorder2:ReiMu","CollectionFlower2:ReiMu","Meditation:ReiMu"],"picked":"SKIP","floor":10.0},{"not_picked":["SpreadBorder2:ReiMu","CollectionFlower2:ReiMu"],"picked":"AirStrike:ReiMu","floor":12.0},{"not_picked":["CareerPray:ReiMu","Enchanting:ReiMu"],"picked":"OctopathBindingBorder2:ReiMu","floor":12.0},{"not_picked":["AlertArray:ReiMu","SubAcupoint:ReiMu"],"picked":"KamiRite:ReiMu","floor":14.0},{"not_picked":["AirStrike:ReiMu","OrbThrow:ReiMu","SpreadBorder2:ReiMu"],"picked":"SKIP","floor":14.0}],"player_experience":261881,"relics_obtained":[{"floor":6.0,"key":"StoneCalendar"},{"floor":9.0,"key":"Prayer Wheel"}],"event_choices":[],"is_beta":false,"boss_relics":[],"items_purged_floors":[],"is_endless":false,"potions_floor_spawned":[1,6,10],"killed_by":"Gensokyo:Yukari","ascension_level":1}}