{"host":"tnsigirk6wurdark","time":1610599252,"event":{"mods":["BaseMod","Bestiary","Colored Map","Colored Powertips","Curses Come First","DeckTracker","Highlight Path","Minty Spire (QoL Compilation)","Quick Restart","Relic Sorter","StSLib","Synergy Search"],"gold_per_floor":[117,127,127,138,153,183,183,183,183],"floor_reached":8,"language":"ENG","playtime":1744,"items_purged":[],"score":104,"play_id":"c786f390-d64b-46d8-9750-1440fde4ba4f","local_time":"20210114044052","is_ascension_mode":true,"campfire_choices":[{"data":"Backstab","floor":7,"key":"SMITH"}],"circlet_count":0,"master_deck":["AscendersBane","Strike_G","Strike_G","Strike_G","Strike_G","Strike_G","Defend_G","Defend_G","Defend_G","Defend_G","Defend_G","Survivor","Neutralize","Acrobatics","Poisoned Stab+1","Cloak And Dagger","Deadly Poison","Backstab+1"],"relics":["Ring of the Snake","Vajra"],"acts_visited":["Exordium"],"potions_floor_usage":[],"damage_taken":[{"damage":0,"enemies":"Small Slimes","floor":1,"turns":4},{"damage":11,"enemies":"Cultist","floor":2,"turns":5},{"damage":2,"enemies":"Jaw Worm","floor":4,"turns":4},{"damage":1,"enemies":"2 Fungi Beasts","floor":5,"turns":5},{"damage":30,"enemies":"Lagavulin","floor":6,"turns":6},{"damage":22,"enemies":"3 Sentries","floor":8,"turns":5}],"seed_played":"-2563858052559511686","potions_obtained":[{"floor":2,"key":"GhostInAJar"}],"is_trial":false,"path_per_floor":["M","M","?","M","M","E","R","E"],"character_chosen":"THE_SILENT","items_purchased":[],"campfire_rested":0,"item_purchase_floors":[],"current_hp_per_floor":[65,54,54,52,51,21,21,0,0],"gold":183,"neow_bonus":"TEN_PERCENT_HP_BONUS","is_daily":false,"chose_seed":false,"campfire_upgraded":1,"win_rate":0.0,"timestamp":1610599252,"path_taken":["M","M","?","?","M","E","R","E"],"items_purchased_type":[],"build_version":"2020-12-22","purchased_purges":0,"victory":false,"max_hp_per_floor":[72,72,72,72,72,72,72,72,72],"card_choices":[{"not_picked":["Outmaneuver","Flying Knee"],"picked":"Acrobatics","floor":1},{"not_picked":["Outmaneuver","Expertise","Poisoned Stab"],"picked":"SKIP","floor":2},{"not_picked":["Outmaneuver","Expertise"],"picked":"Poisoned Stab","floor":2},{"not_picked":["Phantasmal Killer","Heel Hook"],"picked":"Cloak And Dagger","floor":4},{"not_picked":["Dagger Throw","Flying Knee"],"picked":"Deadly Poison","floor":5},{"not_picked":["Slice","Outmaneuver"],"picked":"Backstab","floor":6}],"player_experience":741537,"relics_obtained":[{"floor":6,"key":"Vajra"}],"event_choices":[{"damage_healed":0,"gold_gain":0,"player_choice":"Upgraded","damage_taken":0,"max_hp_gain":0,"max_hp_loss":0,"event_name":"Upgrade Shrine","floor":3,"gold_loss":0,"cards_upgraded":["Poisoned Stab"]}],"is_beta":false,"boss_relics":[],"items_purged_floors":[],"is_endless":false,"potions_floor_spawned":[2],"killed_by":"3 Sentries","ascension_level":16}}