{"host":"wonp23fsqqcu31ie","time":1610663465,"event":{"mods":["2.2 Compatiblity","AchievementEnabler","Aspiration","BaseMod","Bestiary","Better Altar","Better Match","Better Sensory Stone","Better Skull","Better Third Choice","BetterRewards","Block Reminder","Colored Map","Colored Powertips","Conspire","Curses Come First","DeckTracker","Displayed Cursed Tome","Downfall","Energized Spire","Evolution","Hermit","Highlight Path","Hubris","Infinite Spire","Marisa????????","Minty Spire (QoL Compilation)","Permanent Neow","Prisma Mod","Quick Restart","Rare Cards Sparkle","Relic Stats","Replay The Spire","Robot Space Explorer","Shade Mod","Shop Mod","StSLib","SuperFastMode","The Animator","The Bug Knight","The Construct","The Cursed","The Disciple","The Dragon Tamer","The Gatherer","The Hierophant","The Marked","The Necromancer","The Poker Player","The Runesmith","The Saiyan","The Servant 0.9.4","TheBandit"],"gold_per_floor":[118,118,38,56,56,82,101,101,125,125,140,140,140,195,195,293,293,310,59,59,59,78,78,78,78,101,101,132,132,142,167,167,167,167],"floor_reached":33,"language":"ENG","playtime":856,"items_purged":[],"score":304,"play_id":"dcb4788a-73b0-4ed9-aef4-a6fc54a5b0a2","local_time":"20210115093105","is_ascension_mode":false,"campfire_choices":[{"data":"Infernal Blade","floor":8,"key":"SMITH"},{"data":"HollowMod:MantisMark","floor":10,"key":"SMITH"},{"data":"HollowMod:QuickDashStart","floor":15,"key":"SMITH"},{"data":"HollowMod:LifebloodCore","floor":23,"key":"SMITH"},{"data":"HollowMod:DesolateDive","floor":29,"key":"SMITH"},{"floor":32,"key":"REST"}],"circlet_count":0,"master_deck":["HollowMod:CycloneSlash","HollowMod:NailStrikeStart","HollowMod:NailStrikeStart","HollowMod:NailStrikeStart","HollowMod:QuickDashStart+1","HollowMod:QuickDashStart","HollowMod:QuickDashStart","HollowMod:QuickDashStart","HollowMod:FocusHealStart","HollowMod:PogoStrike","HollowMod:MantisMark+1","HollowMod:SoulShaman","Infernal Blade+1","HollowMod:QuirrelsAssistance","HollowMod:RecoilStrike","HollowMod:SharpenedNail","HollowMod:LifebloodCore+1","HollowMod:MantisMark","HollowMod:HowlingWraiths+1","infinitespire:Punishment+1","HollowMod:DesolateDive+1","HollowMod:InfectedCysts","HollowMod:InfectedAttack"],"relics":["HollowMod:VesselMask","EVO:Axolotl","Nunchaku","Replay:Rubber Ducky","infinitespire:BottledMercury","infinitespire:Cupcake","MerchantsRug","Vajra","Bloody Idol","aspiration:FetidBarrel","Mummified Hand","Oddly Smooth Stone","HollowMod:KingsBrand","infinitespire:FocusingShard"],"acts_visited":["Exordium","TheCity"],"potions_floor_usage":[6,14,16,31,31],"damage_taken":[{"damage":1,"enemies":"Cultist","floor":1,"turns":3},{"damage":0,"enemies":"2 Louse","floor":4,"turns":2},{"damage":30,"enemies":"Gremlin Nob","floor":6,"turns":4},{"damage":1,"enemies":"Jaw Worm","floor":7,"turns":2},{"damage":5,"enemies":"Looter","floor":11,"turns":3},{"damage":45,"enemies":"HollowMod:FalseKnight","floor":16,"turns":8},{"damage":6,"enemies":"Spheric Guardian","floor":18,"turns":4},{"damage":0,"enemies":"Chosen","floor":22,"turns":3},{"damage":10,"enemies":"Nightmare","floor":28,"turns":8},{"damage":14,"enemies":"Centurion and Healer","floor":30,"turns":3},{"damage":19,"enemies":"conspire:SneckoGhost","floor":31,"turns":5},{"damage":73,"enemies":"hubris:MusketHawk","floor":33,"turns":6}],"seed_played":"1086992625963969244","potions_obtained":[{"floor":4,"key":"PowerPotion"},{"floor":6,"key":"SteroidPotion"},{"floor":7,"key":"sneckomod:MuddlingPotion"},{"floor":14,"key":"Fruit Juice"},{"floor":22,"key":"Flashbang"},{"floor":28,"key":"Dexterity Potion"}],"is_trial":false,"path_per_floor":["M","?","$","M","$","E","M","R","T","R","M","T","$","?","R","B",null,"M","$","?","$","M","R","AVR","T","T","?","NM","R","M","E","R","B"],"character_chosen":"THE_BUGKNIGHT","items_purchased":["HollowMod:SoulShaman","MerchantsRug","Vajra","HollowMod:MantisMark"],"campfire_rested":1,"item_purchase_floors":[3,19,19,19],"current_hp_per_floor":[74,85,85,85,85,55,54,54,54,54,55,55,55,60,60,21,90,84,84,39,39,44,44,44,44,49,49,50,50,41,33,60,0,0],"gold":167,"neow_bonus":"NOSTALGIA","is_daily":false,"chose_seed":false,"campfire_upgraded":5,"win_rate":0.0,"timestamp":1610663465,"path_taken":["M","?","?","?","$","E","M","R","T","R","M","?","$","?","R","BOSS","M","$","?","$","M","R","AVR","?","T","?","NM","R","M","E","R","BOSS"],"items_purchased_type":["Card","Relic","Relic","Card"],"build_version":"2020-12-22","purchased_purges":0,"victory":false,"max_hp_per_floor":[75,85,85,85,85,85,85,85,85,85,85,85,85,90,90,90,90,90,90,90,90,90,90,90,90,90,90,90,90,90,90,90,90,90],"relic_stats":{"Nunchaku":[11],"counters":[12,51],"Mummified Hand":[0],"Bloody Idol":25,"obtain_stats":[{"infinitespire:BottledMercury":14,"MerchantsRug":19,"aspiration:Nostalgia":0,"aspiration:FetidBarrel":24,"Vajra":19,"Oddly Smooth Stone":26,"HollowMod:VesselMask":0,"infinitespire:FocusingShard":31,"EVO:Axolotl":0,"HollowMod:KingsBrand":28,"Replay:Rubber Ducky":9,"Nunchaku":6,"Replay:M_SmolderingBlood":0,"Mummified Hand":25,"Bloody Idol":20,"infinitespire:Cupcake":17},{"infinitespire:BottledMercury":5,"MerchantsRug":7,"aspiration:Nostalgia":0,"aspiration:FetidBarrel":8,"Vajra":7,"Oddly Smooth Stone":8,"HollowMod:VesselMask":0,"infinitespire:FocusingShard":11,"EVO:Axolotl":0,"HollowMod:KingsBrand":9,"Replay:Rubber Ducky":4,"Nunchaku":3,"Replay:M_SmolderingBlood":0,"Mummified Hand":8,"Bloody Idol":7,"infinitespire:Cupcake":6},{"infinitespire:BottledMercury":14,"MerchantsRug":26,"aspiration:Nostalgia":0,"aspiration:FetidBarrel":29,"Vajra":26,"Oddly Smooth Stone":29,"HollowMod:VesselMask":0,"infinitespire:FocusingShard":45,"EVO:Axolotl":0,"HollowMod:KingsBrand":37,"Replay:Rubber Ducky":11,"Nunchaku":9,"Replay:M_SmolderingBlood":0,"Mummified Hand":29,"Bloody Idol":26,"infinitespire:Cupcake":22}]},"card_choices":[{"not_picked":["HollowMod:BaldurShell","HollowMod:InfectedAttack"],"picked":"HollowMod:MantisMark","floor":1},{"not_picked":["BowlingBash","HollowMod:InfectedAttack"],"picked":"Infernal Blade","floor":4},{"not_picked":["HollowMod:DashSlash","HollowMod:CycloneSlash"],"picked":"HollowMod:QuirrelsAssistance","floor":6},{"not_picked":["Uppercut","FollowUp"],"picked":"HollowMod:RecoilStrike","floor":7},{"not_picked":["HollowMod:SharpenedShadows","HollowMod:ShadowDash","Tantrum"],"picked":"SKIP","floor":11},{"not_picked":["HollowMod:DoubleDash","HollowMod:InfectedCysts"],"picked":"HollowMod:SharpenedNail","floor":14},{"not_picked":["HollowMod:theNailsmith","Bludgeon"],"picked":"HollowMod:LifebloodCore","floor":16},{"not_picked":["HollowMod:TaintedHusks","HollowMod:MothsMistake","HollowMod:InfectedAttack+1"],"picked":"SKIP","floor":18},{"not_picked":["HollowMod:InfectedAttack+1","HollowMod:SharpenedNail"],"picked":"HollowMod:HowlingWraiths+1","floor":22},{"not_picked":["HollowMod:SharpenedNail","HollowMod:QuirrelsAssistance+1"],"picked":"HollowMod:DesolateDive","floor":28},{"not_picked":["HollowMod:NewLittleFool","HollowMod:FallenFury"],"picked":"HollowMod:InfectedCysts","floor":30},{"not_picked":["HollowMod:SoulVessel","HollowMod:SoulShaman"],"picked":"HollowMod:InfectedAttack","floor":31}],"player_experience":522380,"relics_obtained":[{"floor":6,"key":"Nunchaku"},{"floor":9,"key":"Replay:Rubber Ducky"},{"floor":14,"key":"infinitespire:BottledMercury"},{"floor":25,"key":"Mummified Hand"},{"floor":26,"key":"Oddly Smooth Stone"},{"floor":28,"key":"HollowMod:KingsBrand"},{"floor":31,"key":"infinitespire:FocusingShard"}],"event_choices":[{"cards_removed":["HollowMod:MidwifesHunger"],"damage_healed":1,"gold_gain":0,"player_choice":"Offered Rare","damage_taken":0,"max_hp_gain":10,"max_hp_loss":0,"event_name":"Bonfire Elementals","floor":2,"gold_loss":0},{"damage_healed":0,"gold_gain":0,"player_choice":" Idol ","damage_taken":45,"relics_obtained":["Bloody Idol"],"max_hp_gain":84,"max_hp_loss":39,"event_name":"betterAltar:BetterAltar","floor":20,"potions_obtained":[],"relics_lost":[],"gold_loss":0},{"damage_healed":0,"gold_gain":0,"player_choice":"Forge","damage_taken":0,"max_hp_gain":0,"max_hp_loss":0,"event_name":"Accursed Blacksmith","floor":27,"gold_loss":0,"cards_upgraded":["infinitespire:Punishment"]}],"is_beta":false,"boss_relics":[{"not_picked":["energizedSpire:MagnifyingGlass","Velvet Choker"],"picked":"infinitespire:Cupcake"}],"items_purged_floors":[],"is_endless":true,"potions_floor_spawned":[4,6,7,22,28],"killed_by":"hubris:MusketHawk","ascension_level":0}}