{"host":"s2ap0bnrs90y0f0j","time":1610592171,"event":{"mods":["BaseMod","Minty Spire (QoL Compilation)","StSLib","TheArtist","TheBandit"],"gold_per_floor":[113,113,113,25,43,43,77,77,104,119,144,144,22,38,38,134,134,148,175,175,191,191,191,220,220,246,246,246,261,261,261,261],"floor_reached":30,"language":"ENG","playtime":1478,"items_purged":[],"score":313,"play_id":"4ac09094-879d-43ef-aa3d-d1e3138f11bf","local_time":"20210113214251","is_ascension_mode":true,"campfire_choices":[{"data":"wariomod:WhirlwindBurst","floor":6.0,"key":"SMITH"},{"data":"wariomod:BoomBoom","floor":12.0,"key":"SMITH"},{"data":"wariomod:SilenceBombs","floor":15.0,"key":"SMITH"},{"floor":23.0,"key":"REST"},{"floor":25.0,"key":"REST"}],"circlet_count":0,"master_deck":["wariomod:Strike","wariomod:Strike","wariomod:Strike+1","wariomod:Defend","wariomod:Defend+1","wariomod:Defend","wariomod:Step","wariomod:Leap","wariomod:SimpleShield","wariomod:Immortalize","wariomod:SmackSlam","wariomod:WhirlwindBurst+1","wariomod:EndlessBlast","wariomod:BoomBoom+1","wariomod:Leapslam","wariomod:BodyBlock","wariomod:SilenceBombs+1","wariomod:BoomBoom","wariomod:WhirlwindBurst","wariomod:PoisonBombs","CurseOfTheBell","wariomod:SmallSprint+1","wariomod:Boomsmack+1","wariomod:BoomBoom","wariomod:Bomblaster"],"relics":["wariomod:TheHat","Bronze Scales","Strawberry","Centennial Puzzle","Calling Bell","Akabeko","Pear","Calipers","Red Mask","Omamori","Orichalcum"],"acts_visited":["Exordium","TheCity"],"potions_floor_usage":[27],"damage_taken":[{"damage":3.0,"enemies":"Small Slimes","floor":1.0,"turns":3.0},{"damage":0.0,"enemies":"Cultist","floor":5.0,"turns":3.0},{"damage":25.0,"enemies":"Lagavulin","floor":7.0,"turns":8.0},{"damage":0.0,"enemies":"Jaw Worm","floor":10.0,"turns":3.0},{"damage":14.0,"enemies":"Gremlin Nob","floor":11.0,"turns":4.0},{"damage":5.0,"enemies":"Red Slaver","floor":14.0,"turns":4.0},{"damage":26.0,"enemies":"Hexaghost","floor":16.0,"turns":12.0},{"damage":33.0,"enemies":"Chosen","floor":18.0,"turns":5.0},{"damage":21.0,"enemies":"Masked Bandits","floor":19.0,"turns":5.0},{"damage":28.0,"enemies":"2 Thieves","floor":21.0,"turns":4.0},{"damage":48.0,"enemies":"Book of Stabbing","floor":24.0,"turns":7.0},{"damage":0,"enemies":"Slavers","floor":27,"turns":1},{"damage":32,"enemies":"Centurion and Healer","floor":29,"turns":6},{"damage":35,"enemies":"Book of Stabbing","floor":30,"turns":5}],"seed_played":"2058366228713197857","potions_obtained":[{"floor":5.0,"key":"GamblersBrew"},{"floor":10.0,"key":"SkillPotion"},{"floor":11.0,"key":"Ancient Potion"},{"floor":14.0,"key":"Dexterity Potion"},{"floor":19.0,"key":"Swift Potion"},{"floor":21.0,"key":"ColorlessPotion"},{"floor":24.0,"key":"SmokeBomb"}],"is_trial":false,"path_per_floor":["M","?","?","$","M","R","E","?","T","M","E","R","$","M","R","B",null,"M","?","$","M","$","R","E","R","T","E","?","M","E"],"character_chosen":"THE_BANDIT","items_purchased":["wariomod:Immortalize","wariomod:SmackSlam","wariomod:SilenceBombs","wariomod:BoomBoom"],"campfire_rested":2,"item_purchase_floors":[4,4,13,13],"current_hp_per_floor":[77,61,66,66,66,66,41,41,48,48,34,34,34,29,29,3,102,69,48,48,20,20,50,2,32,32,32,66,34,0,0,0],"gold":261,"neow_bonus":"REMOVE_CARD","is_daily":false,"chose_seed":false,"campfire_upgraded":3,"win_rate":0.0,"timestamp":1610592171,"path_taken":["M","?","?","$","M","R","E","?","T","?","E","R","$","M","R","BOSS","M","?","$","M","$","R","E","R","T","E","?","M","E"],"items_purchased_type":["Card","Card","Card","Card"],"build_version":"2020-12-22","purchased_purges":0,"victory":false,"max_hp_per_floor":[80,80,85,85,85,85,85,85,92,92,92,92,92,92,92,92,102,102,102,102,102,102,102,102,102,102,102,102,102,102,102,102],"card_choices":[{"not_picked":["wariomod:BlastDash","wariomod:DiceyMove"],"picked":"wariomod:SimpleShield","floor":1.0},{"not_picked":["wariomod:SpaceSwap","wariomod:Goblast"],"picked":"wariomod:WhirlwindBurst","floor":5.0},{"not_picked":["wariomod:SpaceSwap","wariomod:ShipSmash"],"picked":"wariomod:EndlessBlast","floor":7.0},{"not_picked":["wariomod:AwfulLook","wariomod:Smackflip"],"picked":"wariomod:Leapslam","floor":10.0},{"not_picked":["wariomod:ChargeForth","wariomod:ShipSmash"],"picked":"wariomod:BodyBlock","floor":11.0},{"not_picked":["wariomod:EndlessBlast","wariomod:HappyHop"],"picked":"wariomod:WhirlwindBurst","floor":14.0},{"not_picked":["wariomod:KeyFinisher","wariomod:SpacialMastery"],"picked":"wariomod:PoisonBombs","floor":16.0},{"not_picked":["wariomod:ThatsNotAll","wariomod:Bombshield"],"picked":"wariomod:SmallSprint+1","floor":18.0},{"not_picked":["wariomod:SelfImprison","wariomod:WipeClean"],"picked":"wariomod:Boomsmack+1","floor":19.0},{"not_picked":["wariomod:DoubleDash+1","wariomod:CursedSpaces"],"picked":"wariomod:BoomBoom","floor":21.0},{"not_picked":["wariomod:TheGrandJourney","wariomod:SelfImprison","wariomod:HastyRush"],"picked":"SKIP","floor":24.0},{"not_picked":["wariomod:DeepDig+1","wariomod:Leapslam"],"picked":"wariomod:Bomblaster","floor":29}],"player_experience":659536,"relics_obtained":[{"floor":7.0,"key":"Bronze Scales"},{"floor":9.0,"key":"Strawberry"},{"floor":11.0,"key":"Centennial Puzzle"},{"floor":17.0,"key":"Akabeko"},{"floor":17.0,"key":"Pear"},{"floor":17.0,"key":"Calipers"},{"floor":19.0,"key":"Red Mask"},{"floor":24.0,"key":"Omamori"},{"floor":26.0,"key":"Orichalcum"}],"event_choices":[{"damage_healed":0.0,"max_hp_gain":0.0,"max_hp_loss":0.0,"gold_gain":0.0,"event_name":"Shining Light","player_choice":"Entered Light","floor":2.0,"gold_loss":0.0,"damage_taken":16.0,"cards_upgraded":["wariomod:Strike","wariomod:Defend"]},{"damage_healed":0.0,"max_hp_gain":5.0,"max_hp_loss":0.0,"gold_gain":0.0,"event_name":"Big Fish","player_choice":"Donut","floor":3.0,"gold_loss":0.0,"damage_taken":0.0},{"damage_healed":0.0,"max_hp_gain":0.0,"max_hp_loss":0.0,"gold_gain":0.0,"cards_transformed":["wariomod:Strike"],"event_name":"Transmorgrifier","player_choice":"Transformed","floor":8.0,"gold_loss":0.0,"damage_taken":0.0,"cards_obtained":["wariomod:BoomBoom"]},{"damage_healed":0.0,"max_hp_gain":0.0,"max_hp_loss":0.0,"gold_gain":0.0,"event_name":"Masked Bandits","player_choice":"Fought Bandits","floor":19.0,"gold_loss":0.0,"damage_taken":0.0},{"damage_healed":34,"gold_gain":0,"player_choice":"Heal","damage_taken":0,"max_hp_gain":0,"max_hp_loss":0,"event_name":"The Library","floor":28,"gold_loss":0}],"is_beta":false,"boss_relics":[{"not_picked":["Fusion Hammer","Pandora\u0027s Box"],"picked":"Calling Bell"}],"items_purged_floors":[],"is_endless":false,"potions_floor_spawned":[5,10,11,14,18,19,21,24],"killed_by":"Book of Stabbing","ascension_level":1}}