{"host":"61xbmbtf5zrn7rzc","time":1610606090,"event":{"mods":["BaseMod","Challenge The Spire","Hubris","Infinite Spire","Minty Spire (QoL Compilation)","Replay The Spire","StSLib","SuperFastMode"],"gold_per_floor":[115,115,133,143,143,143,174,174,174,174,174,249,264,291,291,390,440,453,453,468,60,71,106,106,106,106,196,227,247,247,279,279,383,383,394,394,409,509,529,529,596,596,674,674,724,824,824,913,913,1067,1067,1138,1212,525,525,525,573,638,638,638,713,593,656,656,736,736,840,840,883,883,983,1062,1062,1137,1137,426,494,586,586,586,660,703,703,817,817,857,922,326,340,384,384,437,674,674,674,674,751,751,828,828,982,982,1060,1170,1170,1259,1259,1259,1349,1471,1496,1625,1625,1743,1902,1301,1301,1487,1487,1592,1592,1707,1707,1707,1707,1847,1847,1847],"floor_reached":127,"language":"ENG","playtime":5663,"items_purged":["Shame","Strike_R","infinitespire:Starlight+1","Languid"],"score":3437,"play_id":"62d9878e-0f75-4f53-bc30-878dddd97ed9","local_time":"20210114013450","is_ascension_mode":true,"campfire_choices":[{"data":"Inflame","floor":6,"key":"SMITH"},{"data":"Neutralize","floor":10,"key":"SMITH"},{"floor":15,"key":"REST"},{"data":"infinitespire:Collect","floor":25,"key":"SMITH"},{"data":"Limit Break","floor":32,"key":"SMITH"},{"floor":40,"key":"RECALL"},{"data":"infinitespire:Collect","floor":42,"key":"SMITH"},{"data":"infinitespire:Starlight","floor":44,"key":"SMITH"},{"data":"ReplayTheSpireMod:Chaos Vortex","floor":47,"key":"SMITH"},{"data":"Brutality","floor":49,"key":"SMITH"},{"data":"Rupture","floor":64,"key":"SMITH"},{"floor":66,"key":"DIG"},{"data":"hubris:Rewind","floor":75,"key":"SMITH"},{"data":"Demon Form","floor":80,"key":"SMITH"},{"data":"Life Link","floor":83,"key":"SMITH"},{"floor":91,"key":"DIG"},{"data":"Rupture","floor":96,"key":"SMITH"},{"data":"infinitespire:UltimateForm","floor":100,"key":"SMITH"},{"floor":108,"key":"DIG"},{"floor":113,"key":"DIG"},{"floor":117,"key":"DIG"},{"data":"Rupture","floor":125,"key":"SMITH"}],"circlet_count":0,"master_deck":["Defend_R+1","Inflame+1","ReplayTheSpireMod:Stacked+1","Survivor","Neutralize+1","Replay:Undeath\u0027s Touch+1","Hemogenesis+1","ReplayTheSpireMod:Stacked+1","Hemokinesis+1","infinitespire:Collect+1","Disarm+1","infinitespire:Collect+1","ReplayTheSpireMod:Muscle Training+1","Necronomicurse","Limit Break+1","Brutality+1","ReplayTheSpireMod:Chaos Vortex+1","Spot Weakness+1","Heavy Blade+1","Berserk","Rupture+1","Life Link+1","HandOfGreed+1","Twin Strike+1","Fire Breathing","Demon Form+1","hubris:Rewind+1","ReplayTheSpireMod:Limb From Limb+1","ReplayTheSpireMod:Limb From Limb+1","Feed+1","Rupture+1","infinitespire:UltimateForm+1","Offering+1","Pot Of Greed","Pot Of Greed","Pot Of Greed","Rupture+1"],"relics":["Burning Blood","infinitespire:PuzzleCube","hubris:Towel","Replay:Ringing Soul","Mummified Hand","Juzu Bracelet","Molten Egg 2","Tiny House","DollysMirror","Replay:WaspNest","ReplayTheSpireMod:Ninjato","Necronomicon","Counterbalance","King of Hearts","Ooze Armor","infinitespire:EvilPickle","infinitespire:Lucky Rock","infinitespire:ShieldingShard","Pondfish Scales","Charon\u0027s Ashes","Smiling Mask","Kintsugi","hubris:OldNail","Letter Opener","Spirit Poop","hubris:ToyBattleship","NlothsMask","Bottled Lightning","Replay:Bottled Eggs","HornCleat","SacredBark","WingedGreaves","Matryoshka","Lantern","Sling","Shovel","infinitespire:Beetle Shell","Gremlin Horn","Du-Vu Doll","hubris:PeanutButter","hubris:BottledHeart","Singing Bowl","Bag of Marbles","Philosopher\u0027s Stone","Blue Candle","Brimstone","Replay:Bandana","infinitespire:FocusingShard","infinitespire:BottledMercury","ReplayTheSpireMod:Shallot","Vajra","Nunchaku","infinitespire:Satchel","Durian","hubris:SlimyHat","Potion Belt","Medical Kit","Garlic","War Paint","BranchBurnRelic","Grinning Jar","Busted Crown","ReplayTheSpireMod:Ring of Addiction","White Beast Statue","hubris:EmptyBottle","Ring of Fury","hubris:SphereOfDissonance"],"acts_visited":["Exordium","TheCity","TheBeyond","Exordium","TheCity","TheBeyond","Exordium","TheCity"],"potions_floor_usage":[14,14,18,33,46,46,50,78,78,101,118,122],"damage_taken":[{"damage":8,"enemies":"2 Louse","floor":1,"turns":3},{"damage":6,"enemies":"Jaw Worm","floor":3,"turns":5},{"damage":0,"enemies":"Small Slimes","floor":4,"turns":3},{"damage":10,"enemies":"Replay:BlueRogue","floor":7,"turns":7},{"damage":13,"enemies":"Gremlin Gang","floor":13,"turns":8},{"damage":41,"enemies":"3 Sentries","floor":14,"turns":11},{"damage":44,"enemies":"The Guardian","floor":16,"turns":19},{"damage":42,"enemies":"3 Byrds","floor":18,"turns":8},{"damage":17,"enemies":"Spheric Guardian","floor":20,"turns":4},{"damage":12,"enemies":"Snake Plant","floor":22,"turns":5},{"damage":26,"enemies":"Replay:Snechameleon","floor":23,"turns":6},{"damage":19,"enemies":"Nightmare","floor":28,"turns":8},{"damage":7,"enemies":"3 Cultists","floor":29,"turns":6},{"damage":41,"enemies":"Gremlin Leader","floor":31,"turns":6},{"damage":11,"enemies":"Pondfish","floor":33,"turns":7},{"damage":20,"enemies":"3 Shapes","floor":35,"turns":6},{"damage":10,"enemies":"Orb Walker","floor":37,"turns":3},{"damage":30,"enemies":"Maw","floor":39,"turns":6},{"damage":17,"enemies":"Nightmare","floor":41,"turns":6},{"damage":9,"enemies":"Mind Bloom Boss Battle","floor":45,"turns":5},{"damage":18,"enemies":"infinitespire:Three Voidlings","floor":46,"turns":4},{"damage":40,"enemies":"Nightmare_Alpha","floor":46,"turns":8},{"damage":27,"enemies":"Nemesis","floor":48,"turns":7},{"damage":9,"enemies":"Time Eater","floor":50,"turns":4},{"damage":0,"enemies":"Small Slimes","floor":52,"turns":1},{"damage":0,"enemies":"Jaw Worm","floor":53,"turns":3},{"damage":0,"enemies":"Gremlin Nob","floor":57,"turns":3},{"damage":0,"enemies":"Cultist","floor":58,"turns":2},{"damage":2,"enemies":"Lagavulin","floor":61,"turns":3},{"damage":0,"enemies":"Lots of Slimes","floor":63,"turns":3},{"damage":0,"enemies":"Exordium Wildlife","floor":65,"turns":1},{"damage":6,"enemies":"Fading Forest","floor":67,"turns":7},{"damage":16,"enemies":"Shell Parasite","floor":69,"turns":3},{"damage":0,"enemies":"3 Byrds","floor":72,"turns":3},{"damage":38,"enemies":"Replay:Snechameleon","floor":74,"turns":2},{"damage":6,"enemies":"Colosseum Slavers","floor":78,"turns":2},{"damage":0,"enemies":"Colosseum Nobs","floor":78,"turns":1},{"damage":0,"enemies":"Slavers","floor":81,"turns":2},{"damage":0,"enemies":"Book of Stabbing","floor":82,"turns":4},{"damage":0,"enemies":"hubris:MusketHawk","floor":84,"turns":3},{"damage":0,"enemies":"3 Darklings","floor":86,"turns":5},{"damage":0,"enemies":"Orb Walker","floor":87,"turns":1},{"damage":0,"enemies":"Writhing Mass","floor":89,"turns":1},{"damage":0,"enemies":"Transient","floor":90,"turns":4},{"damage":0,"enemies":"4 Shapes","floor":92,"turns":1},{"damage":0,"enemies":"Nemesis","floor":97,"turns":3},{"damage":0,"enemies":"Writhing Mass","floor":99,"turns":3},{"damage":0,"enemies":"Replay:Hell Engine","floor":101,"turns":2},{"damage":0,"enemies":"Small Slimes","floor":103,"turns":1},{"damage":0,"enemies":"Jaw Worm","floor":104,"turns":1},{"damage":0,"enemies":"2 Louse","floor":106,"turns":1},{"damage":0,"enemies":"3 Sentries","floor":109,"turns":2},{"damage":0,"enemies":"Lagavulin","floor":110,"turns":2},{"damage":0,"enemies":"Gremlin Nob","floor":112,"turns":1},{"damage":0,"enemies":"Blue Slaver","floor":114,"turns":1},{"damage":0,"enemies":"Gremlin Gang","floor":115,"turns":1},{"damage":0,"enemies":"Slime Boss","floor":118,"turns":2},{"damage":0,"enemies":"Spheric Guardian","floor":120,"turns":2},{"damage":0,"enemies":"2 Thieves","floor":122,"turns":2},{"damage":0,"enemies":"Gremlin Leader","floor":126,"turns":2}],"seed_played":"1653341620933968603","potions_obtained":[{"floor":4,"key":"Venom Potion"},{"floor":13,"key":"Explosive Potion"},{"floor":14,"key":"BloodPotion"},{"floor":17,"key":"AttackPotion"},{"floor":23,"key":"SpeedPotion"},{"floor":28,"key":"Dexterity Potion"},{"floor":29,"key":"SpeedPotion"},{"floor":35,"key":"FearPotion"},{"floor":39,"key":"Fire Potion"},{"floor":45,"key":"Weak Potion"},{"floor":46,"key":"Explosive Potion"},{"floor":48,"key":"SkillPotion"},{"floor":53,"key":"Cursed Concoction"},{"floor":58,"key":"FearPotion"},{"floor":63,"key":"Languid Potion"},{"floor":74,"key":"Strength Potion"},{"floor":82,"key":"Strength Potion"},{"floor":84,"key":"BloodPotion"},{"floor":87,"key":"ColorlessPotion"},{"floor":89,"key":"DuplicationPotion"},{"floor":93,"key":"Ancient Potion"},{"floor":101,"key":"Elixir"},{"floor":109,"key":"Swift Potion"},{"floor":112,"key":"Block Potion"},{"floor":115,"key":"Ancient Potion"},{"floor":118,"key":"Swift Potion"},{"floor":121,"key":"Milkshake"},{"floor":121,"key":"Languid Potion"},{"floor":126,"key":"DistilledChaos"}],"is_trial":false,"path_per_floor":["M","?","M","M","?","R","E","?","T","R","?","?","M","E","R","B",null,"M","AVR","M","$","M","E","?","R","T","?","NM","M","?","E","R","B",null,"M","?","M","?","M","R","NM","R","T","R","?","?","R","E","R","B",null,"M","M","$","?","?","E","M","?","T","E","$","M","R","M","R","B",null,"M","?","?","M","?","E","R","$","T","?","?","R","E","E","R","B",null,"M","M","$","M","M","R","M","?","T","?","R","E","AVR","M","R","B",null,"M","M","?","M","?","R","?","E","T","E","R","M","M","$","R","B",null,"M","?","M","?","?","R","E","?"],"character_chosen":"IRONCLAD","items_purchased":["DollysMirror","Replay:WaspNest","hubris:OldNail","Life Link","HandOfGreed+1","Letter Opener","Twin Strike+1","Fire Breathing","DistilledChaos","Lantern","Sling","Shovel","Blue Candle","Brimstone","Replay:Bandana","Medical Kit","Garlic","War Paint"],"campfire_rested":1,"item_purchase_floors":[21,21,54,54,54,54,62,62,76,76,76,76,88,88,88,116,116,116],"current_hp_per_floor":[78,60,60,66,66,66,62,65,65,65,65,54,47,31,56,21,97,72,75,82,85,103,97,84,84,84,72,91,115,91,97,97,126,126,122,122,126,126,126,126,126,126,126,126,126,110,110,129,129,129,138,141,141,144,144,144,144,144,144,144,144,147,147,147,147,147,150,153,153,156,156,156,156,127,127,127,127,148,1,1,1,1,1,1,1,1,1,1,1,1,1,1,1,1,1,1,1,1,1,1,1,1,1,1,1,1,1,1,1,1,1,1,1,1,1,1,1,1,1,1,1,1,1,1,1,1,0,0],"gold":1847,"neow_bonus":"REMOVE_CARD","is_daily":false,"chose_seed":false,"campfire_upgraded":15,"win_rate":0.0,"timestamp":1610606090,"path_taken":["M","?","M","M","?","R","E","?","T","R","?","?","M","E","R","BOSS","M","AVR","M","$","M","E","?","R","T","?","NM","M","?","E","R","BOSS","M","?","M","?","M","R","NM","R","T","R","?","?","R","E","R","BOSS","M","M","$","?","?","E","M","?","T","E","?","M","R","M","R","BOSS","M","?","?","M","?","E","R","$","T","?","?","R","E","E","R","BOSS","M","M","$","M","M","R","M","?","T","?","R","E","AVR","M","R","BOSS","M","M","?","M","?","R","?","E","T","E","R","M","M","$","R","BOSS","M","?","M","?","?","R","E","?"],"items_purchased_type":["Relic","Relic","Relic","Card","Card","Relic","Card","Card","Potion","Relic","Relic","Relic","Relic","Relic","Relic","Relic","Relic","Relic"],"build_version":"2020-12-22","purchased_purges":4,"victory":false,"max_hp_per_floor":[80,80,80,80,80,80,80,83,83,83,83,83,83,86,86,89,97,100,103,106,109,112,112,115,115,115,115,115,115,120,123,123,126,126,126,126,126,126,126,126,126,126,126,126,126,129,129,132,132,135,138,141,141,144,144,144,144,144,144,144,144,147,147,147,147,147,150,153,153,156,156,156,156,159,159,159,159,159,1,1,1,1,1,1,1,1,1,1,1,1,1,1,1,1,1,1,1,1,1,1,1,1,1,1,1,1,1,1,1,1,1,1,1,1,1,1,1,1,1,1,1,1,1,1,1,1,1,1],"card_choices":[{"not_picked":["Heavy Blade","Twin Strike"],"picked":"Inflame","floor":1},{"not_picked":["Reckless Charge","Iron Wave","Headbutt"],"picked":"SKIP","floor":3},{"not_picked":["Life Link","Burning Pact"],"picked":"ReplayTheSpireMod:Stacked","floor":4},{"not_picked":["Headbutt","True Grit","Barricade"],"picked":"SKIP","floor":7},{"not_picked":["hubris:ReadiedAction","Abandon","Clothesline"],"picked":"SKIP","floor":13},{"not_picked":["infinitespire:OneForAll+1","Perfected Strike+1"],"picked":"Replay:Undeath\u0027s Touch+1","floor":14},{"not_picked":["Immolate+1","Demonic Infusion"],"picked":"Hemogenesis+1","floor":16},{"not_picked":["Body Slam+1","Havoc"],"picked":"ReplayTheSpireMod:Stacked","floor":17},{"not_picked":["Sever Soul+1","True Grit"],"picked":"Hemokinesis+1","floor":18},{"not_picked":["ReplayTheSpireMod:Strike From Hell+1","Flex"],"picked":"Disarm","floor":20},{"not_picked":["Thunderclap+1","Armaments"],"picked":"ReplayTheSpireMod:Muscle Training+1","floor":22},{"not_picked":["Searing Blow+1","Headbutt+1","Power Through+1"],"picked":"SKIP","floor":23},{"not_picked":["Warcry","Anger+1","Clothesline+1"],"picked":"SKIP","floor":28},{"not_picked":["Cleave+1","Bloodletting","Heavy Blade+1"],"picked":"SKIP","floor":29},{"not_picked":["Havoc","Thunderclap+1"],"picked":"Limit Break","floor":31},{"not_picked":["Replay:Many Hands","Double Tap"],"picked":"Brutality","floor":33},{"not_picked":["ReplayTheSpireMod:Stacked+1","Shockwave","Armaments"],"picked":"SKIP","floor":35},{"not_picked":["Cleave+1","Run Through+1","Twin Strike+1"],"picked":"SKIP","floor":37},{"not_picked":["Iron Wave+1","Havoc+1","True Grit+1"],"picked":"SKIP","floor":39},{"not_picked":["Abandon+1","Clash+1","ReplayTheSpireMod:Corrosion Curse+1"],"picked":"SKIP","floor":41},{"not_picked":["infinitespire:NeuralNetwork","ReplayTheSpireMod:Haul"],"picked":"ReplayTheSpireMod:Chaos Vortex","floor":46},{"not_picked":["Havoc+1","Abandon+1"],"picked":"Spot Weakness+1","floor":46},{"not_picked":["Sever Soul+1","ReplayTheSpireMod:Limb From Limb+1"],"picked":"Heavy Blade+1","floor":48},{"not_picked":["Limit Break","Eclipse"],"picked":"Berserk","floor":50},{"not_picked":["Combust","Defy Death"],"picked":"Rupture","floor":52},{"not_picked":["ReplayTheSpireMod:Strike From Hell+1","Run Through+1","Anger+1"],"picked":"SKIP","floor":53},{"not_picked":["Sentinel","Perfected Strike+1","Ghostly Armor"],"picked":"SKIP","floor":57},{"not_picked":["hubris:ReadiedAction","Iron Wave+1","True Grit"],"picked":"SKIP","floor":58},{"not_picked":["True Grit","Disarm","Headbutt+1"],"picked":"SKIP","floor":61},{"not_picked":["Cleave+1","Flame Barrier","Burning Pact"],"picked":"SKIP","floor":63},{"not_picked":["Pommel Strike+1","Replay:Many Hands","Wild Strike+1"],"picked":"SKIP","floor":65},{"not_picked":["Brutality","Fiend Fire+1"],"picked":"Demon Form","floor":67},{"not_picked":["infinitespire:SevenWalls","ReplayTheSpireMod:??????????????????????"],"picked":"hubris:Rewind","floor":68},{"not_picked":["Ghostly Armor","Armaments","True Grit"],"picked":"SKIP","floor":69},{"not_picked":["Headbutt+1","Clash+1","Battle Trance"],"picked":"SKIP","floor":72},{"not_picked":["Pommel Strike+1","Wild Strike+1"],"picked":"ReplayTheSpireMod:Limb From Limb+1","floor":74},{"not_picked":["Warcry+1","Perfected Strike+1","Seeing Red+1"],"picked":"Singing Bowl","floor":81},{"not_picked":["Iron Wave+1","Twin Strike+1"],"picked":"ReplayTheSpireMod:Limb From Limb+1","floor":82},{"not_picked":["Replay:Many Hands","Corruption"],"picked":"Feed+1","floor":84},{"not_picked":["Anger+1","Carnage+1","Feel No Pain"],"picked":"Singing Bowl","floor":86},{"not_picked":["Anger+1","Clash+1","ReplayTheSpireMod:Limb From Limb+1"],"picked":"Singing Bowl","floor":87},{"not_picked":["Flex","Wild Strike+1"],"picked":"Rupture","floor":89},{"not_picked":["Flex+1","Cleave+1","Abandon+1"],"picked":"Singing Bowl","floor":90},{"not_picked":["Corruption","Headbutt+1","Whirlwind+1"],"picked":"Singing Bowl","floor":92},{"not_picked":["Second Wind+1","Entrench+1","Fire Breathing"],"picked":"Singing Bowl","floor":93},{"not_picked":["Defy Death+1","Bloodletting+1","Perfected Strike+1"],"picked":"Singing Bowl","floor":97},{"not_picked":["Body Slam+1","Perfected Strike+1","True Grit+1"],"picked":"Singing Bowl","floor":99},{"not_picked":["Juggernaut","Brutality","Bludgeon+1"],"picked":"Singing Bowl","floor":101},{"not_picked":["Havoc","Power Through","Flex"],"picked":"Singing Bowl","floor":103},{"not_picked":["ReplayTheSpireMod:Strike From Hell+1","Perfected Strike+1"],"picked":"Offering","floor":104},{"not_picked":["Dual Wield","Perfected Strike+1","Iron Wave+1"],"picked":"Singing Bowl","floor":106},{"not_picked":["Anger+1","Pommel Strike+1","Heavy Blade+1"],"picked":"Singing Bowl","floor":109},{"not_picked":["Power Through","Replay:Undeath\u0027s Touch+1","hubris:ReadiedAction"],"picked":"Singing Bowl","floor":110},{"not_picked":["Headbutt+1","Iron Wave+1","Feel No Pain"],"picked":"Singing Bowl","floor":112},{"not_picked":["Flame Barrier","Headbutt+1","Carnage+1"],"picked":"Singing Bowl","floor":114},{"not_picked":["Searing Blow+1","True Grit","Metallicize"],"picked":"Singing Bowl","floor":115},{"not_picked":["Offering","Brutality","hubris:StunningStrike+1"],"picked":"Singing Bowl","floor":118},{"not_picked":["ReplayTheSpireMod:Strike From Hell+1"],"picked":"Singing Bowl","floor":120},{"not_picked":["Clothesline+1"],"picked":"Singing Bowl","floor":122},{"not_picked":["Iron Wave+1"],"picked":"Singing Bowl","floor":126}],"player_experience":109805,"relics_obtained":[{"floor":7,"key":"Replay:Ringing Soul"},{"floor":9,"key":"Mummified Hand"},{"floor":14,"key":"Molten Egg 2"},{"floor":23,"key":"ReplayTheSpireMod:Ninjato"},{"floor":24,"key":"Necronomicon"},{"floor":28,"key":"Counterbalance"},{"floor":31,"key":"King of Hearts"},{"floor":41,"key":"infinitespire:Lucky Rock"},{"floor":43,"key":"infinitespire:ShieldingShard"},{"floor":45,"key":"Pondfish Scales"},{"floor":46,"key":"Charon\u0027s Ashes"},{"floor":48,"key":"Smiling Mask"},{"floor":57,"key":"hubris:ToyBattleship"},{"floor":60,"key":"Bottled Lightning"},{"floor":61,"key":"Replay:Bottled Eggs"},{"floor":66,"key":"HornCleat"},{"floor":74,"key":"Matryoshka"},{"floor":77,"key":"infinitespire:Beetle Shell"},{"floor":77,"key":"Gremlin Horn"},{"floor":78,"key":"Du-Vu Doll"},{"floor":78,"key":"hubris:PeanutButter"},{"floor":81,"key":"Singing Bowl"},{"floor":82,"key":"Bag of Marbles"},{"floor":91,"key":"infinitespire:FocusingShard"},{"floor":93,"key":"infinitespire:BottledMercury"},{"floor":94,"key":"ReplayTheSpireMod:Shallot"},{"floor":97,"key":"Vajra"},{"floor":108,"key":"Nunchaku"},{"floor":110,"key":"Durian"},{"floor":111,"key":"hubris:SlimyHat"},{"floor":112,"key":"Potion Belt"},{"floor":113,"key":"Dead Branch"},{"floor":117,"key":"Grinning Jar"},{"floor":121,"key":"ReplayTheSpireMod:Ring of Addiction"},{"floor":121,"key":"White Beast Statue"},{"floor":121,"key":"hubris:EmptyBottle"},{"floor":121,"key":"Ring of Fury"},{"floor":126,"key":"hubris:SphereOfDissonance"}],"event_choices":[{"damage_healed":0,"gold_gain":0,"player_choice":"Success","damage_taken":18,"relics_obtained":["infinitespire:PuzzleCube"],"max_hp_gain":0,"max_hp_loss":0,"event_name":"Scrap Ooze","floor":2,"gold_loss":0},{"damage_healed":0,"gold_gain":0,"player_choice":"Gave Potion","damage_taken":0,"relics_obtained":["Juzu Bracelet"],"max_hp_gain":0,"max_hp_loss":0,"event_name":"WeMeetAgain","floor":11,"gold_loss":0},{"damage_healed":0,"gold_gain":75,"player_choice":"Gather Gold","damage_taken":11,"max_hp_gain":0,"max_hp_loss":0,"event_name":"World of Goop","floor":12,"gold_loss":0},{"damage_healed":0,"gold_gain":0,"player_choice":"Obtained Book","damage_taken":16,"max_hp_gain":0,"max_hp_loss":0,"event_name":"Cursed Tome","floor":24,"gold_loss":0},{"damage_healed":0,"gold_gain":90,"player_choice":"GOLD ","damage_taken":12,"max_hp_gain":0,"max_hp_loss":0,"event_name":"Knowing Skull","floor":27,"potions_obtained":[],"gold_loss":0,"cards_obtained":[]},{"damage_healed":0,"gold_gain":0,"player_choice":"Shed Blood","damage_taken":29,"max_hp_gain":5,"max_hp_loss":0,"event_name":"Forgotten Altar","floor":30,"gold_loss":0},{"damage_healed":0,"gold_gain":0,"player_choice":"Upgraded","damage_taken":0,"max_hp_gain":0,"max_hp_loss":0,"event_name":"Upgrade Shrine","floor":36,"gold_loss":0,"cards_upgraded":["Disarm"]},{"damage_healed":0,"gold_gain":100,"player_choice":"Pray","damage_taken":0,"max_hp_gain":0,"max_hp_loss":0,"event_name":"Golden Shrine","floor":38,"gold_loss":0},{"damage_healed":0,"gold_gain":0,"player_choice":"Fight","damage_taken":0,"max_hp_gain":0,"max_hp_loss":0,"event_name":"MindBloom","floor":45,"gold_loss":0},{"damage_healed":0,"gold_gain":0,"player_choice":"Ignored","damage_taken":0,"max_hp_gain":0,"max_hp_loss":0,"event_name":"Liars Game","floor":55,"gold_loss":0},{"cards_removed":["Injury"],"damage_healed":0,"gold_gain":0,"player_choice":"Offered Curse","damage_taken":0,"relics_obtained":["Spirit Poop"],"max_hp_gain":0,"max_hp_loss":0,"event_name":"Bonfire Elementals","floor":56,"gold_loss":0},{"damage_healed":0,"gold_gain":0,"player_choice":"Trade","damage_taken":0,"relics_obtained":["NlothsMask"],"max_hp_gain":0,"max_hp_loss":0,"event_name":"FaceTrader","floor":59,"gold_loss":0},{"damage_healed":0,"gold_gain":100,"player_choice":"Pray","damage_taken":0,"max_hp_gain":0,"max_hp_loss":0,"event_name":"Golden Shrine","floor":71,"gold_loss":0},{"damage_healed":0,"gold_gain":0,"player_choice":"Ignored","damage_taken":0,"max_hp_gain":0,"max_hp_loss":0,"event_name":"Ghosts","floor":73,"gold_loss":0},{"damage_healed":0,"gold_gain":0,"player_choice":"Fight","damage_taken":0,"max_hp_gain":0,"max_hp_loss":0,"event_name":"Colosseum","floor":78,"gold_loss":0},{"damage_healed":0,"gold_gain":0,"player_choice":"Fought Nobs","damage_taken":0,"max_hp_gain":0,"max_hp_loss":0,"event_name":"Colosseum","floor":78,"gold_loss":0},{"cards_removed":["Defend_R"],"damage_healed":0,"gold_gain":0,"player_choice":"Removed Skill","damage_taken":0,"max_hp_gain":0,"max_hp_loss":0,"event_name":"Falling","floor":95,"gold_loss":0},{"damage_healed":0,"gold_gain":0,"player_choice":"Fled","damage_taken":0,"max_hp_gain":0,"max_hp_loss":0,"event_name":"Scrap Ooze","floor":105,"gold_loss":0},{"damage_healed":0,"gold_gain":0,"player_choice":"Upgraded","damage_taken":0,"max_hp_gain":0,"max_hp_loss":0,"event_name":"Upgrade Shrine","floor":107,"gold_loss":0,"cards_upgraded":["Offering"]},{"damage_healed":0,"gold_gain":30,"player_choice":"Searched \u00273\u0027 times","damage_taken":0,"relics_obtained":["infinitespire:Satchel"],"max_hp_gain":0,"max_hp_loss":0,"event_name":"Dead Adventurer","floor":109,"gold_loss":0},{"damage_healed":0,"gold_gain":0,"player_choice":"Shed Blood","damage_taken":0,"max_hp_gain":5,"max_hp_loss":0,"event_name":"Forgotten Altar","floor":123,"gold_loss":0},{"damage_healed":0,"gold_gain":0,"player_choice":"Read","damage_taken":0,"max_hp_gain":0,"max_hp_loss":0,"event_name":"The Library","floor":124,"gold_loss":0,"cards_obtained":["Rupture"]}],"is_beta":false,"boss_relics":[{"not_picked":["Mark of Pain","Empty Cage"],"picked":"Tiny House"},{"not_picked":["infinitespire:Burning Sword","Electric Blood"],"picked":"Ooze Armor"},{"not_picked":["Busted Crown","Replay:Ancient Bell"],"picked":"Kintsugi"},{"not_picked":["hubris:RunicObelisk","Calling Bell"],"picked":"SacredBark"},{"not_picked":["hubris:CrackedHourglass","Honey Jar"],"picked":"Philosopher\u0027s Stone"},{"not_picked":["hubris:BlackHole","Runic Pyramid","Replay:Drink Me"]},{"not_picked":["Sozu","Empty Cage"],"picked":"Busted Crown"}],"items_purged_floors":[54,76,88,116],"is_endless":true,"potions_floor_spawned":[4,13,14,23,28,29,35,39,45,46,48,53,57,58,63,74,78,82,84,87,89,101,106,109,110,112,115,118,122,126],"ascension_level":3}}