{"host":"krqozg1tp0zpuvz3","time":1610630688,"event":{"mods":["AchievementEnabler","BaseMod","Colored Map","DeckTracker","Keyboard Shortcuts","Minty Spire (QoL Compilation)","Permanent Neow","Relic Stats","Shop Mod","SuperFastMode"],"gold_per_floor":[122,134,146,174,201,231,258,270,282,294,321,346,358,382,394,482,494,524,586,614,626,657,669,681,693,705,749,761,773,453,463,463,536,536,555,455,455,455,455],"floor_reached":38,"language":"KOR","playtime":2190,"items_purged":["Decay","Strike_B"],"score":753,"play_id":"4fc1c5fc-b979-4128-a30f-94dcb49c439f","local_time":"20210114222448","is_ascension_mode":true,"campfire_choices":[{"data":"Sunder","floor":8.0,"key":"SMITH"},{"data":"Zap","floor":10.0,"key":"SMITH"},{"data":"Sweeping Beam","floor":13.0,"key":"SMITH"},{"data":"Double Energy","floor":15.0,"key":"SMITH"},{"floor":23.0,"key":"REST"},{"data":"Double Energy","floor":25.0,"key":"SMITH"},{"floor":29,"key":"REST"},{"floor":32,"key":"REST"}],"circlet_count":0,"master_deck":["AscendersBane","Strike_B","Strike_B","Defend_B","Defend_B","Defend_B","Zap+1","Dualcast+1","Compile Driver","Sunder+1","Conserve Battery","Sweeping Beam+1","Cold Snap","Undo","Steam","BootSequence","Double Energy+1","Creative AI","Beam Cell","Double Energy+1","Go for the Eyes","Reinforced Body","Hologram","Turbo+1","Defragment","Beam Cell","Hologram","Thunder Strike","Ball Lightning"],"relics":["Cracked Core","MawBank","Ancient Tea Set","Runic Pyramid","Strawberry","Blood Vial","Pen Nib","Cursed Key"],"acts_visited":["Exordium","TheCity","TheBeyond"],"potions_floor_usage":[31,38,38],"damage_taken":[{"damage":4.0,"enemies":"Small Slimes","floor":1.0,"turns":3.0},{"damage":1.0,"enemies":"Cultist","floor":4.0,"turns":3.0},{"damage":2.0,"enemies":"Jaw Worm","floor":5.0,"turns":3.0},{"damage":5.0,"enemies":"Large Slime","floor":6.0,"turns":5.0},{"damage":0.0,"enemies":"2 Fungi Beasts","floor":7.0,"turns":2.0},{"damage":0.0,"enemies":"Looter","floor":11.0,"turns":1.0},{"damage":2.0,"enemies":"Red Slaver","floor":12.0,"turns":3.0},{"damage":0.0,"enemies":"2 Fungi Beasts","floor":14.0,"turns":3.0},{"damage":38.0,"enemies":"Hexaghost","floor":16.0,"turns":8.0},{"damage":4.0,"enemies":"2 Thieves","floor":18.0,"turns":3.0},{"damage":8.0,"enemies":"Spheric Guardian","floor":20.0,"turns":4.0},{"damage":2.0,"enemies":"Snecko","floor":22.0,"turns":5.0},{"damage":31,"enemies":"Gremlin Leader","floor":27,"turns":9},{"damage":13,"enemies":"Snake Plant","floor":31,"turns":6},{"damage":138,"enemies":"Automaton","floor":33,"turns":14},{"damage":0,"enemies":"Orb Walker","floor":35,"turns":3},{"damage":75,"enemies":"Awakened One","floor":38,"turns":3}],"seed_played":"-6228774489660912265","potions_obtained":[{"floor":4.0,"key":"FairyPotion"},{"floor":5.0,"key":"Dexterity Potion"},{"floor":7.0,"key":"Explosive Potion"},{"floor":14.0,"key":"CultistPotion"},{"floor":22.0,"key":"Block Potion"},{"floor":31,"key":"Explosive Potion"},{"floor":35,"key":"EssenceOfDarkness"}],"is_trial":false,"path_per_floor":["M","?","?","M","M","M","M","R","T","R","M","M","R","M","R","B",null,"M","?","M","$","M","R","?","R","T","E","?","R","$","M","R","B",null,"M","$","?","B"],"character_chosen":"DEFECT","items_purchased":["Defragment","Beam Cell","Pen Nib"],"campfire_rested":3,"item_purchase_floors":[30,30,30],"current_hp_per_floor":[60,60,60,59,57,52,52,52,52,52,52,50,50,50,50,12,56,52,52,44,44,42,63,63,63,70,39,39,62,62,51,74,23,64,66,66,66,0,0],"gold":455,"neow_bonus":"RANDOM_COMMON_RELIC","is_daily":false,"chose_seed":false,"campfire_upgraded":5,"win_rate":0.0,"timestamp":1610630688,"path_taken":["M","?","?","M","M","M","M","R","T","R","M","?","R","M","R","BOSS","M","?","M","$","M","R","?","R","T","E","?","R","$","M","R","BOSS","M","$","?","BOSS"],"items_purchased_type":["Card","Card","Relic"],"build_version":"2020-12-22","purchased_purges":2,"victory":false,"max_hp_per_floor":[71,71,71,71,71,71,71,71,71,71,71,71,71,71,71,71,71,71,71,71,71,71,71,71,71,78,78,78,78,78,78,78,78,78,78,78,78,78,78],"relic_stats":{"Blood Vial":8,"counters":[17,78],"Pen Nib":[5],"MawBank":360,"Cursed Key":0,"obtain_stats":[{"Blood Vial":27,"Strawberry":26,"Pen Nib":30,"Cracked Core":0,"MawBank":0,"Ancient Tea Set":9,"Cursed Key":34,"Runic Pyramid":17},{"Blood Vial":13,"Strawberry":12,"Pen Nib":13,"Cracked Core":0,"MawBank":0,"Ancient Tea Set":5,"Cursed Key":15,"Runic Pyramid":9},{"Blood Vial":52,"Strawberry":43,"Pen Nib":52,"Cracked Core":0,"MawBank":0,"Ancient Tea Set":16,"Cursed Key":72,"Runic Pyramid":31}]},"card_choices":[{"not_picked":["Stack","Force Field"],"picked":"Compile Driver","floor":1.0},{"not_picked":["Rebound","Gash"],"picked":"Conserve Battery","floor":4.0},{"not_picked":["Streamline","Fusion"],"picked":"Sweeping Beam","floor":5.0},{"not_picked":["Reboot","Conserve Battery"],"picked":"Cold Snap","floor":6.0},{"not_picked":["Compile Driver","Steam Power"],"picked":"Undo","floor":7.0},{"not_picked":["Compile Driver","Scrape"],"picked":"Steam","floor":11.0},{"not_picked":["Redo","Turbo"],"picked":"BootSequence","floor":12.0},{"not_picked":["Steam","Stack"],"picked":"Double Energy","floor":14.0},{"not_picked":["Rainbow","Hyperbeam"],"picked":"Creative AI","floor":16.0},{"not_picked":["Sweeping Beam","Cold Snap"],"picked":"Beam Cell","floor":18.0},{"not_picked":["Beam Cell","Gash"],"picked":"Double Energy","floor":20.0},{"not_picked":["Rebound","Beam Cell"],"picked":"Go for the Eyes","floor":22.0},{"not_picked":["Self Repair","Go for the Eyes"],"picked":"Turbo+1","floor":27},{"not_picked":["Cold Snap+1","Sweeping Beam"],"picked":"Hologram","floor":31},{"not_picked":["All For One","Reboot"],"picked":"Thunder Strike","floor":33},{"not_picked":["Hologram+1","Loop"],"picked":"Ball Lightning","floor":35}],"player_experience":287942,"relics_obtained":[{"floor":9.0,"key":"Ancient Tea Set"},{"floor":26.0,"key":"Strawberry"},{"floor":27,"key":"Blood Vial"}],"event_choices":[{"damage_healed":0.0,"max_hp_gain":0.0,"max_hp_loss":0.0,"gold_gain":0.0,"event_name":"Living Wall","player_choice":"Grow","floor":2.0,"gold_loss":0.0,"damage_taken":0.0,"cards_upgraded":["Dualcast"]},{"damage_healed":0.0,"max_hp_gain":0.0,"max_hp_loss":0.0,"gold_gain":0.0,"event_name":"Match and Keep!","player_choice":"1 cards matched","floor":3.0,"gold_loss":0.0,"damage_taken":0.0,"cards_obtained":["Sunder"]},{"damage_healed":0.0,"max_hp_gain":0.0,"max_hp_loss":0.0,"gold_gain":50.0,"event_name":"Nest","player_choice":"Stole From Cult","floor":19.0,"gold_loss":0.0,"damage_taken":0.0},{"damage_healed":0.0,"max_hp_gain":0.0,"max_hp_loss":0.0,"gold_gain":0.0,"cards_transformed":["Strike_B","Defend_B"],"event_name":"Drug Dealer","player_choice":"Became Test Subject","floor":24.0,"gold_loss":0.0,"damage_taken":0.0,"cards_obtained":["Reinforced Body","Hologram"]},{"damage_healed":0,"gold_gain":0,"player_choice":"Smashed Altar","damage_taken":0,"max_hp_gain":0,"max_hp_loss":0,"event_name":"Forgotten Altar","floor":28,"gold_loss":0,"cards_obtained":["Decay"]},{"damage_healed":0,"gold_gain":0,"player_choice":"Took Portal","damage_taken":0,"max_hp_gain":0,"max_hp_loss":0,"event_name":"SecretPortal","floor":37,"gold_loss":0}],"is_beta":false,"boss_relics":[{"not_picked":["SlaversCollar","Busted Crown"],"picked":"Runic Pyramid"},{"not_picked":["FrozenCore","Fusion Hammer"],"picked":"Cursed Key"}],"items_purged_floors":[30,36],"is_endless":false,"potions_floor_spawned":[4,5,7,11,14,22,31,35],"killed_by":"Awakened One","ascension_level":19}}