{"host":"swphzoo6hmc78epl","time":1610603074,"event":{"mods":["BaseMod","Highlight Path","Minty Spire (QoL Compilation)","Quick Restart"],"gold_per_floor":[117,117,192,192,212,212,212,243,314,145,178,228,246,258,258,356,356,375,460,435,105,254,283,283,314,314,328,345,378,378,411,411,516,516,529,579,629,432,446,471,535,562,588,617,629,679,951,1051,1051,1051,1051,1051,596,621,621],"floor_reached":56,"language":"ENG","playtime":4608,"items_purged":["Pain","Strike_B","Strike_B","Defend_B"],"score":1420,"play_id":"7c14f5f3-061b-481b-a18d-661c8d06fb8a","local_time":"20210114004434","is_ascension_mode":true,"campfire_choices":[{"data":"Ball Lightning","floor":6.0,"key":"SMITH"},{"data":"Hologram","floor":15.0,"key":"SMITH"},{"data":"Rainbow","floor":24.0,"key":"SMITH"},{"data":"Static Discharge","floor":30.0,"key":"SMITH"},{"data":"Defragment","floor":32.0,"key":"SMITH"},{"floor":49,"key":"RECALL"},{"data":"Creative AI","floor":52,"key":"SMITH"}],"circlet_count":0,"master_deck":["Strike_B+1","Defend_B","Defend_B+1","Zap","Dualcast","Ball Lightning+1","Rebound","Self Repair","Hologram+1","Beam Cell","Sweeping Beam","Hologram","Compile Driver","Rainbow+1","Conserve Battery","Ball Lightning+1","Defragment+1","Cold Snap","Static Discharge+1","Go for the Eyes+1","Creative AI+1","Chaos+1","Defragment+1","Capacitor","Hello World+1","Cold Snap+1","Redo+1","Storm+1"],"relics":["Cracked Core","NeowsBlessing","WarpedTongs","SsserpentHead","Torii","Mercury Hourglass","Bag of Preparation","Letter Opener","Sozu","Red Mask","OrangePellets","White Beast Statue","Lantern","Kunai","Potion Belt","Bronze Scales","Philosopher\u0027s Stone","Akabeko","PreservedInsect","Sundial","Emotion Chip","TheAbacus","Vajra","Centennial Puzzle"],"acts_visited":["Exordium","TheCity","TheBeyond","TheEnding"],"potions_floor_usage":[],"damage_taken":[{"damage":0.0,"enemies":"2 Louse","floor":1.0,"turns":1.0},{"damage":0.0,"enemies":"Cultist","floor":5.0,"turns":1.0},{"damage":0.0,"enemies":"Lagavulin","floor":8.0,"turns":1.0},{"damage":16.0,"enemies":"Gremlin Nob","floor":11.0,"turns":4.0},{"damage":0.0,"enemies":"Jaw Worm","floor":13.0,"turns":2.0},{"damage":0.0,"enemies":"Exordium Thugs","floor":14.0,"turns":2.0},{"damage":14.0,"enemies":"The Guardian","floor":16.0,"turns":10.0},{"damage":13.0,"enemies":"3 Byrds","floor":18.0,"turns":3.0},{"damage":17.0,"enemies":"Masked Bandits","floor":19.0,"turns":5.0},{"damage":0.0,"enemies":"Gremlin Leader","floor":23.0,"turns":6.0},{"damage":21.0,"enemies":"Slavers","floor":25.0,"turns":5.0},{"damage":1.0,"enemies":"2 Thieves","floor":27.0,"turns":3.0},{"damage":1.0,"enemies":"Shelled Parasite and Fungi","floor":28.0,"turns":4.0},{"damage":13.0,"enemies":"Gremlin Leader","floor":29.0,"turns":6.0},{"damage":8.0,"enemies":"Book of Stabbing","floor":31.0,"turns":4.0},{"damage":18.0,"enemies":"Champ","floor":33.0,"turns":8.0},{"damage":0.0,"enemies":"Orb Walker","floor":35.0,"turns":2.0},{"damage":0.0,"enemies":"3 Darklings","floor":39.0,"turns":3.0},{"damage":7.0,"enemies":"Nemesis","floor":40.0,"turns":5.0},{"damage":0.0,"enemies":"Transient","floor":41.0,"turns":5.0},{"damage":0,"enemies":"Giant Head","floor":42,"turns":9},{"damage":7,"enemies":"Reptomancer","floor":44,"turns":5},{"damage":3,"enemies":"4 Shapes","floor":45,"turns":2},{"damage":8,"enemies":"Mind Bloom Boss Battle","floor":48,"turns":4},{"damage":62,"enemies":"Donu and Deca","floor":50,"turns":5},{"damage":13,"enemies":"Shield and Spear","floor":54,"turns":4},{"damage":39,"enemies":"The Heart","floor":55,"turns":6}],"seed_played":"-9029889984876168872","potions_obtained":[{"floor":8.0,"key":"SmokeBomb"},{"floor":11.0,"key":"FocusPotion"},{"floor":13.0,"key":"Weak Potion"},{"floor":16.0,"key":"AttackPotion"}],"is_trial":false,"path_per_floor":["M","?","?","?","M","R","?","E","T","$","E","T","M","M","R","B",null,"M","?","?","$","?","E","R","E","T","M","M","E","R","E","R","B",null,"M","?","?","$","M","E","M","E","T","E","M","?","?","?","R","B",null,"R","$","E","B",null],"character_chosen":"DEFECT","items_purchased":["Self Repair","Hologram","Beam Cell","OrangePellets","Defragment","Capacitor","TheAbacus","Vajra"],"campfire_rested":0,"item_purchase_floors":[10,10,10,21,21,38,53,53],"current_hp_per_floor":[75,60,49,49,49,49,49,49,49,49,40,40,47,47,47,40,75,69,59,59,59,59,66,66,55,55,61,67,64,64,63,63,55,75,75,75,75,75,75,75,75,75,75,75,72,71,71,70,70,15,71,71,71,58,26],"gold":621,"neow_bonus":"THREE_ENEMY_KILL","is_daily":false,"chose_seed":false,"campfire_upgraded":6,"win_rate":0.0,"timestamp":1610603074,"path_taken":["M","?","?","?","?","R","?","E","T","?","E","?","M","M","R","BOSS","M","?","?","$","?","E","R","E","T","M","M","E","R","E","R","BOSS","M","?","?","$","M","E","?","E","T","E","M","?","?","?","R","BOSS","R","$","E","BOSS"],"items_purchased_type":["Card","Card","Card","Relic","Card","Card","Relic","Relic"],"build_version":"2020-12-22","purchased_purges":4,"victory":true,"max_hp_per_floor":[75,75,75,75,75,75,75,75,75,75,75,75,75,75,75,75,75,75,75,75,75,75,75,75,75,75,75,75,75,75,75,75,75,75,75,75,75,75,75,75,75,75,75,75,75,71,71,71,71,71,71,71,71,71,71],"card_choices":[{"not_picked":["Sunder","Heatsinks"],"picked":"Ball Lightning","floor":1.0},{"not_picked":["Conserve Battery","Double Energy","Redo"],"picked":"SKIP","floor":5.0},{"not_picked":["Fusion","Compile Driver"],"picked":"Rebound","floor":8.0},{"not_picked":["Ball Lightning","Seek"],"picked":"Sweeping Beam","floor":11.0},{"not_picked":["Double Energy","Rebound"],"picked":"Hologram","floor":13.0},{"not_picked":["Rebound","Turbo"],"picked":"Compile Driver","floor":14.0},{"not_picked":["Machine Learning","Buffer"],"picked":"Rainbow","floor":16.0},{"not_picked":["Double Energy","Darkness"],"picked":"Conserve Battery","floor":18.0},{"not_picked":["Turbo","Reinforced Body"],"picked":"Ball Lightning+1","floor":19.0},{"not_picked":["Stack","Reinforced Body","Hologram"],"picked":"SKIP","floor":23.0},{"not_picked":["Reinforced Body","Go for the Eyes+1"],"picked":"Cold Snap","floor":25.0},{"not_picked":["Force Field+1","Ball Lightning","Tempest"],"picked":"SKIP","floor":27.0},{"not_picked":["Coolheaded","Hologram"],"picked":"Static Discharge","floor":28.0},{"not_picked":["Reprogram","Fusion"],"picked":"Go for the Eyes+1","floor":29.0},{"not_picked":["Tempest","Beam Cell","Defragment"],"picked":"SKIP","floor":31.0},{"not_picked":["Reboot","Amplify"],"picked":"Creative AI","floor":33.0},{"not_picked":["Turbo+1","Compile Driver"],"picked":"Chaos+1","floor":35.0},{"not_picked":["Steam","Heatsinks+1"],"picked":"Hello World+1","floor":39.0},{"not_picked":["Leap","Gash"],"picked":"Cold Snap+1","floor":40.0},{"not_picked":["Gash","Ball Lightning","Cold Snap+1"],"picked":"SKIP","floor":41.0},{"not_picked":["Turbo","Leap","Redo"],"picked":"SKIP","floor":42},{"not_picked":["BootSequence+1","Self Repair+1"],"picked":"Redo+1","floor":44},{"not_picked":["Hello World","Hyperbeam"],"picked":"Storm+1","floor":45},{"not_picked":["Compile Driver","Turbo+1","Chill"],"picked":"SKIP","floor":54}],"player_experience":768539,"relics_obtained":[{"floor":8.0,"key":"Torii"},{"floor":9.0,"key":"Mercury Hourglass"},{"floor":11.0,"key":"Bag of Preparation"},{"floor":12.0,"key":"Letter Opener"},{"floor":19.0,"key":"Red Mask"},{"floor":23.0,"key":"White Beast Statue"},{"floor":25.0,"key":"Lantern"},{"floor":26.0,"key":"Kunai"},{"floor":29.0,"key":"Potion Belt"},{"floor":31.0,"key":"Bronze Scales"},{"floor":40.0,"key":"Akabeko"},{"floor":42,"key":"PreservedInsect"},{"floor":44,"key":"Sundial"},{"floor":48,"key":"Emotion Chip"},{"floor":54,"key":"Centennial Puzzle"}],"event_choices":[{"damage_healed":0.0,"max_hp_gain":0.0,"max_hp_loss":0.0,"gold_gain":0.0,"event_name":"Shining Light","player_choice":"Entered Light","floor":2.0,"gold_loss":0.0,"damage_taken":15.0,"cards_upgraded":["Defend_B","Strike_B"]},{"damage_healed":0.0,"max_hp_gain":0.0,"max_hp_loss":0.0,"gold_gain":75.0,"event_name":"World of Goop","player_choice":"Gather Gold","floor":3.0,"gold_loss":0.0,"damage_taken":11.0},{"damage_healed":0.0,"max_hp_gain":0.0,"max_hp_loss":0.0,"gold_gain":0.0,"event_name":"Accursed Blacksmith","player_choice":"Rummage","floor":4.0,"gold_loss":0.0,"damage_taken":0.0,"relics_obtained":["WarpedTongs"],"cards_obtained":["Pain"]},{"damage_healed":0.0,"max_hp_gain":0.0,"max_hp_loss":0.0,"gold_gain":0.0,"event_name":"FaceTrader","player_choice":"Trade","floor":7.0,"gold_loss":0.0,"damage_taken":0.0,"relics_obtained":["SsserpentHead"]},{"damage_healed":0.0,"max_hp_gain":0.0,"max_hp_loss":0.0,"gold_gain":0.0,"event_name":"Masked Bandits","player_choice":"Fought Bandits","floor":19.0,"gold_loss":0.0,"damage_taken":0.0},{"cards_removed":["Strike_B"],"damage_healed":0.0,"max_hp_gain":0.0,"max_hp_loss":0.0,"gold_gain":0.0,"event_name":"Beggar","player_choice":"Gave Gold","floor":20.0,"gold_loss":75.0,"damage_taken":0.0},{"damage_healed":0.0,"max_hp_gain":0.0,"max_hp_loss":0.0,"gold_gain":99.0,"event_name":"Nest","player_choice":"Stole From Cult","floor":22.0,"gold_loss":0.0,"damage_taken":0.0},{"cards_removed":["Defend_B"],"damage_healed":0.0,"max_hp_gain":0.0,"max_hp_loss":0.0,"gold_gain":0.0,"event_name":"Falling","player_choice":"Removed Skill","floor":36.0,"gold_loss":0.0,"damage_taken":0.0},{"damage_healed":0.0,"max_hp_gain":0.0,"max_hp_loss":0.0,"gold_gain":0.0,"event_name":"Duplicator","player_choice":"Copied","floor":37.0,"gold_loss":0.0,"damage_taken":0.0,"cards_obtained":["Defragment"]},{"damage_healed":0,"gold_gain":0,"player_choice":"Max HP","damage_taken":0,"max_hp_gain":0,"max_hp_loss":4,"event_name":"Winding Halls","floor":46,"gold_loss":0},{"damage_healed":0,"gold_gain":222,"player_choice":"Wore Mask","damage_taken":0,"max_hp_gain":0,"max_hp_loss":0,"event_name":"Tomb of Lord Red Mask","floor":47,"gold_loss":0},{"damage_healed":0,"gold_gain":0,"player_choice":"Fight","damage_taken":0,"max_hp_gain":0,"max_hp_loss":0,"event_name":"MindBloom","floor":48,"gold_loss":0}],"is_beta":false,"boss_relics":[{"not_picked":["Ectoplasm","Fusion Hammer"],"picked":"Sozu"},{"not_picked":["Tiny House","Runic Dome"],"picked":"Philosopher\u0027s Stone"}],"items_purged_floors":[10,21,38,53],"is_endless":false,"potions_floor_spawned":[8,11,13,16,19,23,25,27,28,29,31,33,35,39,40,41,42,44,45,48,54],"ascension_level":1}}