{"host":"7zf4clf2edgxyvhi","time":1610665338,"event":{"mods":["2.2 Compatiblity","Act Like it!","Ascension Reborn","Aspiration","Bard","BaseMod","Beaked The Cultist","Block Reminder","CatGirl Mod","Chat Monstrosity","Colored Map","Colored Powertips","Conspire","Defective Defect","Dio Mod","Downfall","Duelist Mod","Energized Spire","Fireblade Mod","GifTheSpireLib","Googly Eyes","GungeonMod","Hallownest","Hermit","Hubris","Infinite Spire","Mari Mod (Legacy)","Mari\u0027s V1 Patch","Marked Mod","Minty Spire (QoL Compilation)","Pale of the Ancients","Permanent Neow","Quarter Circle Forward PUNCH!","Quick Restart","RatMod","Relic Stats","Replay The Spire","Reworked Bosses","Shop Mod","ShortenTheSpire","Small Relic Pack","Spicy Shops","Spikes Relics","StSLib","Stuff the Spire","SuperFastMode","TestMod","The Accelerator","The Animator","The Blackbeard","The Bladedancer","The Bug Knight","The Construct","The Cursed","The Disciple","The Factory","The Ghost of Christmas Present","The IronCluck","The Jungle","The Necromancer","The Runesmith","The Wild Card","TheHeartMod","Trackpad","slay the spire mod where everything is the same but ironclad has a cowboy hat","vexMod","???Mod??????Boss"],"gold_per_floor":[99,109,129,145,145,145,145,145,145,145,145,155,172,186,186,197,217,312,312,237,247,264,264,284,299,299,299,299,299,299,314,324,424,491,593,593,593,643,661,661,661,661,661,727,746,746,746,763,873,907,450,375,425,492,638,638,638,638],"floor_reached":57,"language":"ENG","playtime":6240,"items_purged":["Guardian:Defend_Guardian"],"score":846,"play_id":"0a55ae86-d1e2-485c-8b4f-863cfd6e2503","local_time":"20210114180218","is_ascension_mode":true,"campfire_choices":[{"data":"Guardian:Harden","floor":8.0,"key":"SMITH"},{"floor":15.0,"key":"RECALL"},{"data":"Guardian:FloatingOrbs","floor":27.0,"key":"SMITH"},{"floor":29.0,"key":"REST"},{"data":"Guardian:GuardianWhirl","floor":37.0,"key":"SMITH"},{"data":"ReplayTheSpireMod:??????????????????????","floor":47.0,"key":"SMITH"},{"floor":52.0,"key":"REST"}],"circlet_count":0,"master_deck":["Guardian:Strike_Guardian","Guardian:Strike_Guardian","Guardian:Strike_Guardian","Guardian:Strike_Guardian","Guardian:Defend_Guardian","Guardian:CurlUp","Guardian:TwinSlam+1","Guardian:Harden+1","Guardian:RollAttack","Guardian:ChargeUp+1","Guardian:PiercingHide","Guardian:RollAttack","Guardian:ChargeUp","Guardian:Reroute","Guardian:StasisStrike","Guardian:PrismaticBarrier+1","Guardian:StasisStrike","PlatinumSkin","Guardian:ChargeCore","Guardian:GuardianWhirl+1","Guardian:FloatingOrbs+1","infinitespire:NeuralNetwork","Guardian:ChargeUp","Guardian:TemporalStrike","Guardian:StasisField","Guardian:BronzeOrb","ReplayTheSpireMod:??????????????????????+1","Guardian:WalkerClaw+1","Guardian:PolyBeam+1","Guardian:PrimingBeam+1","Guardian:PiercingHide+1","Guardian:EvasiveProtocol","Guardian:PolyBeam","Replay:BasicMightCard","Guardian:VentSteam","testmod-ChaoticCore","Guardian:RevengeProtocol"],"relics":["Guardian:ModeShifterPlus","testmod-TestBox","testmod-Register","testmod-OneHitWonder","downfall:HeartBlessingRed","Bottled Lightning","relicPack:KazumaCape","qcfpunch:Unceasing_Flame","downfall:CloakOfManyFaces","CultistMask","FaceOfCleric","NlothsMask","GremlinMask","SsserpentHead","Sandwich","vexMod:TimeEaterHat","aspiration:Lifesprig","BargainBundle","aspiration:FrozenJewel","downfall:HeartBlessingGreen","theFactory:ChargeChargeCharge","paleoftheancients:Timepiece","paleoftheancients:KeyRelic","Ice Cream","Spirit Poop"],"acts_visited":["Exordium","TheCity","TheCity","theFactory:Factory"],"potions_floor_usage":[56,57],"damage_taken":[{"damage":3.0,"enemies":"Cultist","floor":2.0,"turns":4.0},{"damage":0.0,"enemies":"Small Slimes","floor":3.0,"turns":3.0},{"damage":0.0,"enemies":"Jaw Worm","floor":4.0,"turns":5.0},{"damage":5.0,"enemies":"2 Fungi Beasts","floor":12.0,"turns":2.0},{"damage":7.0,"enemies":"Gremlin Gang","floor":13.0,"turns":5.0},{"damage":1.0,"enemies":"2 Fungi Beasts","floor":14.0,"turns":2.0},{"damage":16.0,"enemies":"3 Louse","floor":16.0,"turns":2.0},{"damage":0.0,"enemies":"Red Slaver","floor":17.0,"turns":3.0},{"damage":12.0,"enemies":"downfall:Silent","floor":18.0,"turns":8.0},{"damage":4.0,"enemies":"Shell Parasite","floor":21.0,"turns":4.0},{"damage":0.0,"enemies":"Chosen","floor":22.0,"turns":5.0},{"damage":4.0,"enemies":"Snake Plant","floor":24.0,"turns":4.0},{"damage":2.0,"enemies":"Snecko","floor":25.0,"turns":5.0},{"damage":8.0,"enemies":"conspire:HollyBat","floor":31.0,"turns":7.0},{"damage":0.0,"enemies":"Cultist and Chosen","floor":32.0,"turns":5.0},{"damage":10.0,"enemies":"downfall:FaceTrader","floor":33.0,"turns":7.0},{"damage":11.0,"enemies":"3 Cultists","floor":34.0,"turns":4.0},{"damage":16.0,"enemies":"downfall:Ironclad","floor":35.0,"turns":8.0},{"damage":1.0,"enemies":"theFactory:2_Experiment_Personnel","floor":39.0,"turns":5.0},{"damage":0.0,"enemies":"theFactory:BigBot","floor":44.0,"turns":4.0},{"damage":20.0,"enemies":"theFactory:Personnel_and_Big_Bot","floor":45.0,"turns":4.0},{"damage":0.0,"enemies":"theFactory:DecayingSentinel","floor":48.0,"turns":4.0},{"damage":15.0,"enemies":"theFactory:Orbs_and_Orb_Walker","floor":49.0,"turns":4.0},{"damage":12.0,"enemies":"theFactory:Manservantes","floor":50.0,"turns":7.0},{"damage":0.0,"enemies":"downfall:FleeingMerchant","floor":51.0,"turns":4.0},{"damage":21.0,"enemies":"theFactory:6_Mini-Bots","floor":54.0,"turns":2.0},{"damage":0.0,"enemies":"downfall:Defect","floor":55.0,"turns":6.0},{"damage":91,"enemies":"downfall:Defect","floor":56,"turns":6},{"damage":129,"enemies":"paleoftheancients:N","floor":57,"turns":11}],"seed_played":"4803248137306562004","potions_obtained":[{"floor":3.0,"key":"DistilledChaos"},{"floor":12.0,"key":"hexamod:EctoCoolerPotion"},{"floor":20.0,"key":"infinitespire:BlackPotion"},{"floor":20.0,"key":"testmod-TimePotion"},{"floor":48.0,"key":"Toxic Potion"}],"is_trial":false,"path_per_floor":["R_BF","M","M","M","?","?","T","R","?","PTL","PTL","M","M","M","R","M","M","B",null,"R_BF","M","M","?","M","M","T","R","?","R","AVR","M","M","?","M","B",null,"R","?","M","AVR","PTL","PTL","PTL","M","M","T","R","M","M","E","$","R","?","M","B","M","B"],"character_chosen":"GUARDIAN","items_purchased":["BargainBundle","Guardian:EvasiveProtocol","Guardian:PolyBeam","Replay:BasicMightCard","Guardian:Gem_Cyan","aspiration:FrozenJewel","Guardian:VentSteam","testmod-ChaoticCore"],"campfire_rested":2,"item_purchase_floors":[51,51,51,51,51,51,51,51],"current_hp_per_floor":[80,77,77,77,77,77,77,77,77,77,77,72,65,64,64,48,48,36,80,80,76,76,76,72,70,70,70,49,73,73,65,65,55,45,30,82,82,82,82,82,82,82,82,84,65,65,65,66,52,46,47,73,73,53,91,92,0,0],"gold":638,"neow_bonus":"UPGRADE_CARD","is_daily":false,"chose_seed":false,"campfire_upgraded":4,"win_rate":0.0,"timestamp":1610665338,"path_taken":["R_BF","M","M","M","?","?","T","R","?","PTL","PTL","M","M","M","R","?","M","BOSS","R_BF","M","M","?","M","?","T","R","?","R","AVR","M","M","?","M","BOSS","R","?","M","AVR","PTL","PTL","PTL","M","M","T","R","M","?","E","?","R","?","M","BOSS","M","BOSS"],"items_purchased_type":["Relic","Card","Card","Card","Card","Relic","Card","Card"],"build_version":"2020-12-22","purchased_purges":1,"victory":false,"max_hp_per_floor":[80,80,80,80,80,80,80,80,80,80,80,80,80,80,80,80,80,80,80,80,80,80,80,80,80,80,80,80,80,80,80,80,80,81,82,82,82,82,83,83,83,83,83,84,85,85,85,86,87,88,89,89,89,90,91,92,92,92],"relic_stats":{"SsserpentHead":200,"FaceOfCleric":12,"counters":[29,140],"obtain_stats":[{"Ice Cream":55,"aspiration:Lifesprig":50,"Guardian:ModeShifterPlus":19,"Spirit Poop":55,"GremlinMask":33,"downfall:HeartBlessingGreen":52,"DemoMod:GlassGuonStoneRelic":17,"qcfpunch:Unceasing_Flame":30,"SsserpentHead":33,"FaceOfCleric":33,"downfall:CloakOfManyFaces":33,"BargainBundle":51,"paleoftheancients:KeyRelic":55,"testmod-TestBox":0,"downfall:HeartBlessingRed":20,"testmod-Register":0,"Guardian:ModeShifter":0,"vexMod:TimeEaterHat":40,"theFactory:ChargeChargeCharge":53,"aspiration:FrozenJewel":51,"Sandwich":36,"paleoftheancients:Timepiece":55,"relicPack:KazumaCape":30,"CultistMask":33,"Bottled Lightning":26,"testmod-OneHitWonder":7,"NlothsMask":33},{"Ice Cream":27,"aspiration:Lifesprig":24,"Guardian:ModeShifterPlus":9,"Spirit Poop":27,"GremlinMask":16,"downfall:HeartBlessingGreen":25,"DemoMod:GlassGuonStoneRelic":8,"qcfpunch:Unceasing_Flame":13,"SsserpentHead":16,"FaceOfCleric":16,"downfall:CloakOfManyFaces":16,"BargainBundle":25,"paleoftheancients:KeyRelic":27,"testmod-TestBox":0,"downfall:HeartBlessingRed":9,"testmod-Register":0,"Guardian:ModeShifter":0,"vexMod:TimeEaterHat":19,"theFactory:ChargeChargeCharge":25,"aspiration:FrozenJewel":25,"Sandwich":18,"paleoftheancients:Timepiece":27,"relicPack:KazumaCape":13,"CultistMask":16,"Bottled Lightning":13,"testmod-OneHitWonder":3,"NlothsMask":16},{"Ice Cream":123,"aspiration:Lifesprig":111,"Guardian:ModeShifterPlus":34,"Spirit Poop":123,"GremlinMask":71,"downfall:HeartBlessingGreen":115,"DemoMod:GlassGuonStoneRelic":26,"qcfpunch:Unceasing_Flame":52,"SsserpentHead":71,"FaceOfCleric":71,"downfall:CloakOfManyFaces":71,"BargainBundle":115,"paleoftheancients:KeyRelic":123,"testmod-TestBox":0,"downfall:HeartBlessingRed":34,"testmod-Register":0,"Guardian:ModeShifter":0,"vexMod:TimeEaterHat":88,"theFactory:ChargeChargeCharge":115,"aspiration:FrozenJewel":115,"Sandwich":83,"paleoftheancients:Timepiece":123,"relicPack:KazumaCape":52,"CultistMask":71,"Bottled Lightning":52,"testmod-OneHitWonder":12,"NlothsMask":71}]},"card_choices":[{"not_picked":["Guardian:Suspension","Guardian:Repulse"],"picked":"Guardian:Harden","floor":2.0},{"not_picked":["Guardian:Suspension","Guardian:PolyBeam"],"picked":"Guardian:Gem_Lightblue","floor":3.0},{"not_picked":["Guardian:TemporalStrike","Guardian:GuardianWhirl"],"picked":"Guardian:RollAttack","floor":4.0},{"not_picked":["Guardian:PrimingBeam","Guardian:Gem_Lightblue"],"picked":"Guardian:PiercingHide","floor":12.0},{"not_picked":["Guardian:Emergency","Guardian:Gem_White"],"picked":"Guardian:RollAttack","floor":13.0},{"not_picked":["Guardian:RefractedBeam","Guardian:TimeCapacitor"],"picked":"Guardian:ChargeUp","floor":14.0},{"not_picked":["Guardian:RollAttack","Guardian:Planning"],"picked":"Guardian:Reroute","floor":16.0},{"not_picked":["Guardian:Harden","Guardian:Repulse"],"picked":"Guardian:Gem_Green","floor":17.0},{"not_picked":["Guardian:ConstructionForm","Guardian:HyperBeam_Guardian"],"picked":"Guardian:StasisStrike","floor":18.0},{"not_picked":["Guardian:Emergency","Guardian:PiercingHide"],"picked":"Guardian:Gem_Red","floor":21.0},{"not_picked":["Guardian:PrimingBeam","Guardian:Gem_Green"],"picked":"Guardian:PrismaticBarrier+1","floor":22.0},{"not_picked":["Guardian:Reroute","Guardian:ExploitGems"],"picked":"Guardian:Gem_Lightblue","floor":24.0},{"not_picked":["Guardian:Gem_Green","Guardian:WalkerClaw"],"picked":"Guardian:FloatingOrbs","floor":25.0},{"not_picked":["infinitespire:Starlight","infinitespire:DeathsTouch"],"picked":"infinitespire:NeuralNetwork","floor":28.0},{"not_picked":["Guardian:TemporalStrike","Guardian:Suspension+1"],"picked":"Guardian:Gem_Fragmented","floor":31.0},{"not_picked":["Guardian:Gem_Green","Guardian:PiercingHide"],"picked":"Guardian:Gem_Purple","floor":32.0},{"not_picked":["Guardian:DecasProtection","Guardian:CrystalBeam"],"picked":"Guardian:ChargeUp","floor":33.0},{"not_picked":["Guardian:Gem_Synthetic","Guardian:DecasProtection"],"picked":"Guardian:TemporalStrike","floor":34.0},{"not_picked":["Guardian:AncientConstruct","Guardian:SphericShield"],"picked":"Guardian:StasisField","floor":35.0},{"not_picked":["Guardian:WalkerClaw","Guardian:TemporalShield+1"],"picked":"Guardian:BronzeOrb","floor":39.0},{"not_picked":["Guardian:Repulse+1","Guardian:Gem_Fragmented"],"picked":"Guardian:Gem_Red","floor":44.0},{"not_picked":["Guardian:PrimingBeam","Guardian:Clone"],"picked":"Guardian:Gem_Green","floor":45.0},{"not_picked":["Guardian:Gem_White","Guardian:Recover"],"picked":"Guardian:WalkerClaw+1","floor":48.0},{"not_picked":["Guardian:ShieldSpikes+1","Guardian:TemporalShield+1"],"picked":"Guardian:PolyBeam+1","floor":49.0},{"not_picked":["Guardian:CrystalBeam+1","Guardian:ExploitGems"],"picked":"Guardian:PrimingBeam+1","floor":50.0},{"not_picked":["Guardian:RollAttack","Guardian:Incinerate+1"],"picked":"Guardian:PiercingHide+1","floor":51.0},{"not_picked":["Guardian:Incinerate","Guardian:PrismaticBarrier","Guardian:DecasProtection+1"],"picked":"SKIP","floor":54.0},{"not_picked":["Guardian:ConstructionForm","Guardian:HyperBeam_Guardian"],"picked":"Guardian:RevengeProtocol","floor":55.0}],"player_experience":590810,"relics_obtained":[{"floor":7.0,"key":"testmod-OneHitWonder"},{"floor":26.0,"key":"Bottled Lightning"},{"floor":33.0,"key":"downfall:CloakOfManyFaces"},{"floor":50.0,"key":"aspiration:Lifesprig"}],"event_choices":[{"cards_removed":["Guardian:Defend_Guardian"],"damage_healed":0.0,"max_hp_gain":0.0,"max_hp_loss":0.0,"gold_gain":0.0,"event_name":"Bonfire Elementals","player_choice":"Offered Basic","floor":9.0,"gold_loss":0.0,"damage_taken":0.0},{"damage_healed":0.0,"max_hp_gain":0.0,"max_hp_loss":0.0,"gold_gain":0.0,"event_name":"Lab","player_choice":"Got Potions","floor":20.0,"gold_loss":0.0,"damage_taken":0.0}],"is_beta":false,"boss_relics":[{"not_picked":["conspire:SpecialSausage","energizedSpire:RedRose"],"picked":"Guardian:ModeShifterPlus"},{"not_picked":["conspire:SeveredTorchhead","aspiration:PoetsPen_weak"],"picked":"Sandwich"}],"items_purged_floors":[51],"is_endless":false,"potions_floor_spawned":[3,12,16,21,22,25,33,34,48,49,50,55],"killed_by":"paleoftheancients:N","ascension_level":0}}