{"host":"cjhtzh7tp54jdfyv","time":1610612069,"event":{"mods":["AchievementEnabler","BaseMod","Colored Map","Colored Powertips","Curses Come First","DeckTracker","Filter the Spire","Minty Spire (QoL Compilation)","RNG Fix","Relic Sorter","Relic Stats","StSLib","UnlockEverythingMod","ojb\u0027s Better Paths Mod","ojb\u0027s Info Mod"],"gold_per_floor":[118,0,17,31,47,82,82,116,116,147,165,184,84,84,84,160,160,172,47,73,89,101,128,128,162,162,12,24,24,59,69,69,146,146,157,171,171,182,201,201,228,245,298,310,340,368,205,230,230,230,230,230,230,30,57,57],"floor_reached":57,"language":"ENG","playtime":3515,"items_purged":["Defend_P","Defend_P","Defend_P","Defend_P","Strike_P","Strike_P"],"score":3257,"play_id":"b7b64f6c-8074-4fdb-a9c9-90a8d802d41a","local_time":"20210114031429","is_ascension_mode":true,"campfire_choices":[{"data":"Eruption","floor":7.0,"key":"SMITH"},{"data":"Conclude","floor":15.0,"key":"SMITH"},{"data":"Adaptation","floor":24.0,"key":"SMITH"},{"data":"MentalFortress","floor":32.0,"key":"SMITH"},{"floor":40.0,"key":"RECALL"},{"data":"Tantrum","floor":44.0,"key":"SMITH"},{"data":"Vigilance","floor":49.0,"key":"SMITH"},{"data":"EmptyFist","floor":53.0,"key":"SMITH"}],"circlet_count":0,"master_deck":["AscendersBane","Strike_P","Strike_P","Eruption+1","Vigilance+1","EmptyFist+1","Conclude+1","BowlingBash","Tantrum+1","InnerPeace+1","Vault+1","Adaptation+1","MentalFortress+1"],"relics":["SlaversCollar","Strawberry","Happy Flower","Toxic Egg 2","Orichalcum","VioletLotus","Red Mask","Sundial","Akabeko","TeardropLocket","Boot","Runic Pyramid","Blue Candle","MawBank","FossilizedHelix","Bag of Marbles"],"acts_visited":["Exordium","TheCity","TheBeyond","TheEnding"],"potions_floor_usage":[],"damage_taken":[{"damage":5.0,"enemies":"2 Louse","floor":1.0,"turns":4.0},{"damage":0.0,"enemies":"Small Slimes","floor":3.0,"turns":2.0},{"damage":0.0,"enemies":"Cultist","floor":4.0,"turns":3.0},{"damage":7.0,"enemies":"Looter","floor":5.0,"turns":4.0},{"damage":0.0,"enemies":"Gremlin Nob","floor":6.0,"turns":2.0},{"damage":0.0,"enemies":"Lagavulin","floor":8.0,"turns":3.0},{"damage":17.0,"enemies":"3 Sentries","floor":10.0,"turns":3.0},{"damage":0.0,"enemies":"2 Fungi Beasts","floor":11.0,"turns":3.0},{"damage":14.0,"enemies":"Gremlin Gang","floor":12.0,"turns":3.0},{"damage":20.0,"enemies":"Hexaghost","floor":16.0,"turns":6.0},{"damage":19.0,"enemies":"Shell Parasite","floor":18.0,"turns":4.0},{"damage":4.0,"enemies":"Masked Bandits","floor":20.0,"turns":2.0},{"damage":0.0,"enemies":"Chosen","floor":21.0,"turns":3.0},{"damage":5.0,"enemies":"Snake Plant","floor":22.0,"turns":4.0},{"damage":0.0,"enemies":"Gremlin Leader","floor":23.0,"turns":3.0},{"damage":14.0,"enemies":"Slavers","floor":25.0,"turns":3.0},{"damage":0.0,"enemies":"3 Cultists","floor":28.0,"turns":3.0},{"damage":2.0,"enemies":"Book of Stabbing","floor":30.0,"turns":3.0},{"damage":0.0,"enemies":"Centurion and Healer","floor":31.0,"turns":2.0},{"damage":16.0,"enemies":"Collector","floor":33.0,"turns":6.0},{"damage":0.0,"enemies":"Orb Walker","floor":35.0,"turns":2.0},{"damage":0.0,"enemies":"3 Shapes","floor":36.0,"turns":1.0},{"damage":0.0,"enemies":"Writhing Mass","floor":38.0,"turns":5.0},{"damage":0.0,"enemies":"3 Darklings","floor":39.0,"turns":3.0},{"damage":0.0,"enemies":"Giant Head","floor":41.0,"turns":3.0},{"damage":0.0,"enemies":"Sphere and 2 Shapes","floor":42.0,"turns":2.0},{"damage":0.0,"enemies":"Maw","floor":45.0,"turns":4.0},{"damage":0.0,"enemies":"Writhing Mass","floor":46.0,"turns":5.0},{"damage":4.0,"enemies":"Mind Bloom Boss Battle","floor":48.0,"turns":3.0},{"damage":0.0,"enemies":"Awakened One","floor":50.0,"turns":3.0},{"damage":0.0,"enemies":"Time Eater","floor":51.0,"turns":6.0},{"damage":0.0,"enemies":"Shield and Spear","floor":55.0,"turns":2.0},{"damage":15,"enemies":"The Heart","floor":56,"turns":7}],"seed_played":"5154955300988975688","potions_obtained":[{"floor":3.0,"key":"PowerPotion"},{"floor":6.0,"key":"Fruit Juice"},{"floor":10.0,"key":"BottledMiracle"},{"floor":20.0,"key":"Explosive Potion"},{"floor":21.0,"key":"AttackPotion"},{"floor":29.0,"key":"DistilledChaos"},{"floor":36.0,"key":"PowerPotion"},{"floor":46.0,"key":"SteroidPotion"},{"floor":55.0,"key":"SkillPotion"}],"is_trial":false,"path_per_floor":["M","$","M","M","M","E","R","E","T","E","M","M","$","?","R","B",null,"M","$","?","M","M","E","R","E","T","$","M","?","E","M","R","B",null,"M","M","$","M","M","R","E","M","T","R","M","M","$","?","R","B","B",null,"R","$","E","B",null],"character_chosen":"WATCHER","items_purchased":["Conclude"],"campfire_rested":0,"item_purchase_floors":[2],"current_hp_per_floor":[56,56,56,56,49,56,56,56,56,39,39,25,25,25,25,5,58,39,39,40,40,35,35,35,21,21,21,21,21,19,19,19,3,61,61,61,61,61,61,61,61,61,61,61,61,61,61,57,57,57,57,74,74,74,74,59],"gold":57,"neow_bonus":"BOSS_RELIC","is_daily":false,"chose_seed":false,"campfire_upgraded":7,"win_rate":0.0,"timestamp":1610612069,"path_taken":["M","$","M","M","M","E","R","E","T","E","M","M","$","?","R","BOSS","M","$","?","M","M","E","R","E","T","$","M","?","E","M","R","BOSS","M","M","$","M","M","R","E","M","T","R","M","M","$","?","R","BOSS","BOSS","R","$","E","BOSS"],"items_purchased_type":["Card"],"build_version":"2020-12-22","purchased_purges":6,"victory":true,"max_hp_per_floor":[68,68,68,68,68,75,75,75,75,75,75,75,75,75,75,75,75,75,75,80,80,80,80,80,80,80,80,80,80,80,80,80,80,80,80,80,80,80,80,80,80,80,80,80,80,80,80,80,80,80,80,80,80,80,80,80],"relic_stats":{"Happy Flower":[31],"counters":[33,112],"Sundial":[96],"Blue Candle":[0],"VioletLotus":[151],"Orichalcum":[150],"Boot":[676],"MawBank":48,"obtain_stats":[{"Happy Flower":8,"Blue Candle":41,"TeardropLocket":26,"Orichalcum":10,"Boot":30,"MawBank":43,"Akabeko":25,"SlaversCollar":0,"Sundial":23,"Strawberry":6,"VioletLotus":17,"Red Mask":20,"Bag of Marbles":55,"PureWater":0,"Toxic Egg 2":9,"FossilizedHelix":48,"Runic Pyramid":34},{"Happy Flower":6,"Blue Candle":25,"TeardropLocket":16,"Orichalcum":7,"Boot":18,"MawBank":26,"Akabeko":16,"SlaversCollar":0,"Sundial":15,"Strawberry":5,"VioletLotus":10,"Red Mask":12,"Bag of Marbles":32,"PureWater":0,"Toxic Egg 2":6,"FossilizedHelix":29,"Runic Pyramid":20},{"Happy Flower":18,"Blue Candle":80,"TeardropLocket":52,"Orichalcum":21,"Boot":58,"MawBank":82,"Akabeko":52,"SlaversCollar":0,"Sundial":49,"Strawberry":15,"VioletLotus":33,"Red Mask":39,"Bag of Marbles":105,"PureWater":0,"Toxic Egg 2":18,"FossilizedHelix":94,"Runic Pyramid":66}]},"card_choices":[{"not_picked":["Consecrate","FollowUp"],"picked":"EmptyFist","floor":1.0},{"not_picked":["FlyingSleeves","SashWhip","ClearTheMind"],"picked":"SKIP","floor":3.0},{"not_picked":["Crescendo","Devotion","Consecrate"],"picked":"SKIP","floor":4.0},{"not_picked":["Crescendo","Devotion","Consecrate"],"picked":"SKIP","floor":4.0},{"not_picked":["Evaluate","CrushJoints","Protect"],"picked":"SKIP","floor":5.0},{"not_picked":["CrushJoints","FlyingSleeves"],"picked":"BowlingBash","floor":6.0},{"not_picked":["Crescendo","Conclude"],"picked":"Tantrum","floor":8.0},{"not_picked":["BowlingBash","SpiritShield+1"],"picked":"InnerPeace+1","floor":10.0},{"not_picked":["CrushJoints","Evaluate+1","FlyingSleeves"],"picked":"SKIP","floor":11.0},{"not_picked":["Establishment","Halt+1","Study"],"picked":"SKIP","floor":12.0},{"not_picked":["SpiritShield+1","Ragnarok"],"picked":"Vault+1","floor":16.0},{"not_picked":["Consecrate+1","JustLucky+1"],"picked":"Adaptation","floor":18.0},{"not_picked":["WaveOfTheHand+1","FlurryOfBlows","ThirdEye+1"],"picked":"SKIP","floor":21.0},{"not_picked":["FlyingSleeves","SignatureMove","Vengeance+1"],"picked":"SKIP","floor":22.0},{"not_picked":["Collect+1","Evaluate+1","Pray+1"],"picked":"SKIP","floor":23.0},{"not_picked":["SandsOfTime","Evaluate+1"],"picked":"MentalFortress","floor":25.0},{"not_picked":["EmptyBody+1","CutThroughFate","Prostrate+1"],"picked":"SKIP","floor":28.0},{"not_picked":["ThirdEye+1","SashWhip","FollowUp"],"picked":"SKIP","floor":30.0},{"not_picked":["Swivel+1","FlurryOfBlows+1","Halt+1"],"picked":"SKIP","floor":31.0},{"not_picked":["Swivel+1","DeceiveReality+1","Nirvana"],"picked":"SKIP","floor":35.0},{"not_picked":["FollowUp","SashWhip","Fasting2"],"picked":"SKIP","floor":36.0},{"not_picked":["CrushJoints+1","Wallop","JustLucky"],"picked":"SKIP","floor":38.0},{"not_picked":["Swivel+1","FlurryOfBlows+1","PathToVictory+1"],"picked":"SKIP","floor":39.0},{"not_picked":["EmptyBody+1","LikeWater+1","SashWhip+1"],"picked":"SKIP","floor":41.0},{"not_picked":["Study+1","CutThroughFate","FlurryOfBlows"],"picked":"SKIP","floor":42.0},{"not_picked":["Sanctity+1","Fasting2","WaveOfTheHand+1"],"picked":"SKIP","floor":45.0},{"not_picked":["CrushJoints+1","DeusExMachina+1","TalkToTheHand"],"picked":"SKIP","floor":46.0},{"not_picked":["MentalFortress","WaveOfTheHand+1","CrushJoints"],"picked":"SKIP","floor":55.0}],"player_experience":4522026,"relics_obtained":[{"floor":6.0,"key":"Strawberry"},{"floor":8.0,"key":"Happy Flower"},{"floor":9.0,"key":"Toxic Egg 2"},{"floor":10.0,"key":"Orichalcum"},{"floor":20.0,"key":"Red Mask"},{"floor":23.0,"key":"Sundial"},{"floor":25.0,"key":"Akabeko"},{"floor":26.0,"key":"TeardropLocket"},{"floor":30.0,"key":"Boot"},{"floor":41.0,"key":"Blue Candle"},{"floor":43.0,"key":"MawBank"},{"floor":48.0,"key":"FossilizedHelix"},{"floor":55.0,"key":"Bag of Marbles"}],"event_choices":[{"damage_healed":0.0,"max_hp_gain":0.0,"max_hp_loss":0.0,"gold_gain":0.0,"event_name":"Liars Game","player_choice":"Ignored","floor":14.0,"gold_loss":0.0,"damage_taken":0.0},{"damage_healed":0.0,"max_hp_gain":0.0,"max_hp_loss":0.0,"gold_gain":0.0,"event_name":"Masked Bandits","player_choice":"Fought Bandits","floor":20.0,"gold_loss":0.0,"damage_taken":0.0},{"damage_healed":0.0,"max_hp_gain":0.0,"max_hp_loss":0.0,"gold_gain":0.0,"event_name":"Lab","player_choice":"Got Potions","floor":29.0,"gold_loss":0.0,"damage_taken":0.0},{"damage_healed":0.0,"max_hp_gain":0.0,"max_hp_loss":0.0,"gold_gain":0.0,"event_name":"MindBloom","player_choice":"Fight","floor":48.0,"gold_loss":0.0,"damage_taken":0.0}],"is_beta":false,"boss_relics":[{"not_picked":["Runic Dome","Fusion Hammer"],"picked":"VioletLotus"},{"not_picked":["Velvet Choker","Cursed Key"],"picked":"Runic Pyramid"}],"items_purged_floors":[2,13,19,27,47,54],"is_endless":false,"potions_floor_spawned":[3,6,10,20,21,23,25,36,41,42,46,55],"ascension_level":20}}