{"host":"ecaj4hn004xnnrw9","time":1610633317,"event":{"mods":["AchievementEnabler","BaseMod","Better Third Choice","Hermit","Hubris","Infinite Spire","Jorbs\u0027s Wanderer Trilogy","Minty Spire (QoL Compilation)","Quick Restart","Shop Mod","StSLib","The Construct","The Jungle","The Runesmith"],"gold_per_floor":[367,367,243,255,272,272,304,315,315,341,341,373,386,286,286,286,286],"floor_reached":16,"language":"ENG","playtime":340,"items_purged":["Strike_P","Strike_P"],"score":152,"play_id":"ed828ec9-88df-411c-8c03-9ba0e0984861","local_time":"20210114140837","is_ascension_mode":true,"campfire_choices":[{"data":"Eruption","floor":6,"key":"SMITH"},{"data":"Wallop","floor":11,"key":"SMITH"},{"data":"Vigilance","floor":15,"key":"SMITH"}],"circlet_count":0,"master_deck":["Strike_P","Defend_P","Defend_P","Defend_P","Defend_P","Eruption+1","Vigilance+1","Wallop+1","SashWhip","FlyingSleeves","FlurryOfBlows","BowlingBash","FearNoEvil+1","TalkToTheHand+1"],"relics":["PureWater","Tiny Chest","Molten Egg 2"],"acts_visited":["Exordium"],"potions_floor_usage":[10,12],"damage_taken":[{"damage":0,"enemies":"Small Slimes","floor":1,"turns":2},{"damage":0,"enemies":"Cultist","floor":4,"turns":3},{"damage":1,"enemies":"Jaw Worm","floor":5,"turns":3},{"damage":0,"enemies":"Gremlin Nob","floor":7,"turns":3},{"damage":0,"enemies":"Red Slaver","floor":8,"turns":3},{"damage":5,"enemies":"Lagavulin","floor":10,"turns":5},{"damage":5,"enemies":"3 Sentries","floor":12,"turns":6},{"damage":8,"enemies":"2 Fungi Beasts","floor":13,"turns":2},{"damage":0,"enemies":"The Guardian","floor":16,"turns":1}],"seed_played":"7400040941586770847","potions_obtained":[{"floor":4,"key":"Strength Potion"},{"floor":5,"key":"Weak Potion"},{"floor":10,"key":"Swift Potion"}],"is_trial":false,"path_per_floor":["M","?","$","M","M","R","E","M","T","E","R","E","M","$","R","B"],"character_chosen":"WATCHER","items_purchased":["SashWhip"],"campfire_rested":0,"item_purchase_floors":[3],"current_hp_per_floor":[51,51,51,51,50,50,50,50,50,45,45,40,32,32,32,32,32],"gold":286,"neow_bonus":"TWO_FIFTY_GOLD","is_daily":false,"chose_seed":false,"campfire_upgraded":3,"win_rate":0.0,"timestamp":1610633317,"path_taken":["M","?","$","?","M","R","E","M","T","E","R","E","M","$","R","BOSS"],"items_purchased_type":["Card"],"build_version":"2020-12-22","purchased_purges":2,"victory":false,"max_hp_per_floor":[72,72,72,72,72,72,72,72,72,72,72,72,72,72,72,72,72],"card_choices":[{"not_picked":["EmptyFist","CutThroughFate"],"picked":"Wallop","floor":1},{"not_picked":["Prostrate","Evaluate"],"picked":"FlyingSleeves","floor":4},{"not_picked":["FlyingSleeves","BowlingBash"],"picked":"FlurryOfBlows","floor":5},{"not_picked":["ReachHeaven","EmptyBody"],"picked":"BowlingBash","floor":7},{"not_picked":["Halt","WindmillStrike","Evaluate"],"picked":"SKIP","floor":8},{"not_picked":["ConjureBlade","CutThroughFate","BowlingBash"],"picked":"SKIP","floor":10},{"not_picked":["BattleHymn","SashWhip+1"],"picked":"FearNoEvil+1","floor":12},{"not_picked":["ClearTheMind","Prostrate"],"picked":"TalkToTheHand+1","floor":13}],"player_experience":339921,"relics_obtained":[{"floor":10,"key":"Tiny Chest"},{"floor":12,"key":"Molten Egg 2"}],"event_choices":[{"cards_removed":["Strike_P"],"damage_healed":0,"gold_gain":0,"player_choice":"Card Removal","damage_taken":0,"max_hp_gain":0,"max_hp_loss":0,"event_name":"Wheel of Change","floor":2,"gold_loss":0}],"is_beta":false,"boss_relics":[],"items_purged_floors":[3,14],"is_endless":false,"potions_floor_spawned":[4,5,10],"killed_by":"The Guardian","ascension_level":1}}