{"host":"y193d0agu1dp5x1y","time":1610644653,"event":{"mods":["AchievementEnabler","BaseMod","Googly Eyes","Minty Spire (QoL Compilation)"],"gold_per_floor":[119,119,119,119,130,130,147,147,147,22,42,57,16,26,26,122,172,183,282,40,40,55,55,55,55,103,116,128,139,157,157,157],"floor_reached":31,"language":"ENG","playtime":1053,"items_purged":["Dualcast"],"score":229,"play_id":"533654d1-fdc6-4fed-813f-9082052c6e8c","local_time":"20210114111733","is_ascension_mode":false,"campfire_choices":[{"data":"Hello World","floor":6.0,"key":"SMITH"},{"data":"Leap","floor":8.0,"key":"SMITH"},{"data":"Ball Lightning","floor":15,"key":"SMITH"},{"data":"Seek","floor":23,"key":"SMITH"},{"data":"Loop","floor":25,"key":"SMITH"}],"circlet_count":0,"master_deck":["Strike_B","Strike_B","Strike_B+1","Strike_B+1","Defend_B","Defend_B","Defend_B","Defend_B+1","Zap+1","Hello World+1","Leap+1","Ball Lightning+1","Hologram","Seek+1","Lockon","Beam Cell+1","Hologram+1","Finesse+1","Loop+1","Storm","Conserve Battery+1","Chaos+1"],"relics":["Cracked Core","NeowsBlessing","MealTicket","White Beast Statue","Tiny House","Toxic Egg 2","MutagenicStrength","Boot"],"acts_visited":["TheCity"],"potions_floor_usage":[14,16,18,18,30,30],"damage_taken":[{"damage":0.0,"enemies":"2 Louse","floor":1.0,"turns":1.0},{"damage":0.0,"enemies":"Jaw Worm","floor":5.0,"turns":1.0},{"damage":0.0,"enemies":"Cultist","floor":7.0,"turns":1.0},{"damage":0,"enemies":"2 Fungi Beasts","floor":11,"turns":3},{"damage":4,"enemies":"Blue Slaver","floor":12,"turns":3},{"damage":5,"enemies":"Looter","floor":14,"turns":3},{"damage":2,"enemies":"Slime Boss","floor":16,"turns":7},{"damage":0,"enemies":"Spheric Guardian","floor":18,"turns":3},{"damage":12,"enemies":"Shell Parasite","floor":22,"turns":4},{"damage":12,"enemies":"Cultist and Chosen","floor":27,"turns":5},{"damage":21,"enemies":"Sentry and Sphere","floor":28,"turns":4},{"damage":15,"enemies":"3 Cultists","floor":29,"turns":5},{"damage":5,"enemies":"Chosen and Byrds","floor":30,"turns":3},{"damage":46,"enemies":"Slavers","floor":31,"turns":4}],"seed_played":"6003154556087222897","potions_obtained":[{"floor":5.0,"key":"PotionOfCapacity"},{"floor":7.0,"key":"Energy Potion"},{"floor":11,"key":"PowerPotion"},{"floor":14,"key":"DistilledChaos"},{"floor":16,"key":"LiquidBronze"},{"floor":17,"key":"Fire Potion"},{"floor":18,"key":"Explosive Potion"},{"floor":22,"key":"SteroidPotion"},{"floor":29,"key":"FairyPotion"}],"is_trial":false,"path_per_floor":["M","?","?","T","M","R","M","R","T","$","M","M","?","M","R","B",null,"M","?","$","?","M","R","?","R","T","M","M","M","M","E"],"character_chosen":"DEFECT","items_purchased":["Ball Lightning","Toxic Egg 2"],"campfire_rested":0,"item_purchase_floors":[10,20],"current_hp_per_floor":[75,60,60,60,60,60,60,60,60,75,75,71,71,66,66,64,80,80,80,80,80,68,68,68,68,68,56,35,20,15,0,0],"gold":157,"neow_bonus":"THREE_ENEMY_KILL","is_daily":false,"chose_seed":false,"campfire_upgraded":5,"win_rate":0.0,"timestamp":1610644653,"path_taken":["M","?","?","?","M","R","M","R","T","$","?","M","?","M","R","BOSS","M","?","$","?","M","R","?","R","T","M","M","?","M","E"],"items_purchased_type":["Card","Relic"],"build_version":"2020-12-22","purchased_purges":1,"victory":false,"max_hp_per_floor":[75,75,75,75,75,75,75,75,75,75,75,75,75,75,75,75,80,80,80,80,80,80,80,80,80,80,80,80,80,80,80,80],"card_choices":[{"not_picked":["Rebound","Turbo","Cold Snap"],"picked":"SKIP","floor":1.0},{"not_picked":["Coolheaded","Chaos"],"picked":"Hello World","floor":5.0},{"not_picked":["Coolheaded","Stack"],"picked":"Leap","floor":7.0},{"not_picked":["Rainbow","Storm","Reinforced Body"],"picked":"SKIP","floor":11},{"not_picked":["Coolheaded","Skim","Fusion"],"picked":"SKIP","floor":12},{"not_picked":["Stack","Sweeping Beam"],"picked":"Hologram","floor":14},{"not_picked":["Hyperbeam","Reboot"],"picked":"Seek","floor":16},{"not_picked":["Blizzard","Leap"],"picked":"Lockon","floor":17},{"not_picked":["Force Field","Lockon+1"],"picked":"Beam Cell+1","floor":18},{"not_picked":["Coolheaded+1","Lockon+1"],"picked":"Hologram+1","floor":22},{"not_picked":["Reprogram+1","Turbo+1"],"picked":"Storm","floor":27},{"not_picked":["Stack+1","Streamline","Coolheaded+1"],"picked":"SKIP","floor":28},{"not_picked":["Hologram+1","Leap+1"],"picked":"Conserve Battery+1","floor":29},{"not_picked":["Stack+1","Hello World"],"picked":"Chaos+1","floor":30}],"player_experience":80355,"relics_obtained":[{"floor":4.0,"key":"MealTicket"},{"floor":9.0,"key":"White Beast Statue"},{"floor":26,"key":"Boot"}],"event_choices":[{"damage_healed":0.0,"max_hp_gain":0.0,"max_hp_loss":0.0,"gold_gain":0.0,"event_name":"Shining Light","player_choice":"Entered Light","floor":2.0,"gold_loss":0.0,"damage_taken":15.0,"cards_upgraded":["Strike_B","Strike_B"]},{"damage_healed":0.0,"max_hp_gain":0.0,"max_hp_loss":0.0,"gold_gain":0.0,"event_name":"Living Wall","player_choice":"Grow","floor":3.0,"gold_loss":0.0,"damage_taken":0.0,"cards_upgraded":["Zap"]},{"damage_healed":0,"gold_gain":0,"player_choice":"Left Gold","damage_taken":0,"max_hp_gain":0,"max_hp_loss":0,"event_name":"World of Goop","floor":13,"gold_loss":41},{"damage_healed":0,"gold_gain":99,"player_choice":"Stole From Cult","damage_taken":0,"max_hp_gain":0,"max_hp_loss":0,"event_name":"Nest","floor":19,"gold_loss":0},{"damage_healed":0,"gold_gain":0,"player_choice":"Inject Mutagens","damage_taken":0,"relics_obtained":["MutagenicStrength"],"max_hp_gain":0,"max_hp_loss":0,"event_name":"Drug Dealer","floor":21,"gold_loss":0},{"damage_healed":0,"gold_gain":0,"player_choice":"2 cards matched","damage_taken":0,"max_hp_gain":0,"max_hp_loss":0,"event_name":"Match and Keep!","floor":24,"gold_loss":0,"cards_obtained":["Finesse","Loop"]}],"is_beta":false,"boss_relics":[{"not_picked":["FrozenCore","Snecko Eye"],"picked":"Tiny House"}],"items_purged_floors":[10],"is_endless":false,"potions_floor_spawned":[5,7,11,12,14,16,18,22,27,28,29,30],"killed_by":"Slavers","ascension_level":0}}