{"host":"7uuqqk35leady37t","time":1610615425,"event":{"mods":["BaseMod","Colored Map","Colored Powertips","Marisa£®ÏF”Í°°ƒß¿Ì…≥£©","Minty Spire (QoL Compilation)","Relic Stats","Remilia£®¿Ÿ√◊¿Ú—«£©","Replay The Spire","Robot Space Explorer","StSLib","The Bug Knight","The Servant 0.9.4","UnlockEverythingMod","Waifu the Spire","Yuri Mod","[IsaacMod]“‘»ˆº‚À˛"],"gold_per_floor":[117,130,145,157,123,123,139,139,166,215,299,350,374,447,447,625,625,609,612,634,601,593,593,557,525,571,447,447,416,431,431,510,355,355,393,345,359,404,404],"floor_reached":38,"language":"ZHS","playtime":1141,"items_purged":[],"score":692,"play_id":"a3fd28b7-134d-485e-be66-0a3a5ac66b13","local_time":"20210114171025","is_ascension_mode":true,"campfire_choices":[{"data":"WitchOfGreed","floor":6.0,"key":"SMITH"},{"data":"WitchOfGreed","floor":8.0,"key":"SMITH"},{"floor":15.0,"key":"REST"},{"floor":23,"key":"RECALL"}],"circlet_count":0,"master_deck":["Strike_MRS","Strike_MRS","Strike_MRS","Strike_MRS","Defend_MRS+1","Defend_MRS","Defend_MRS","Defend_MRS","MasterSpark","UpSweep","GrandCross","MysteriousBeam","UnstableBomb","WitchOfGreed+1","WitchOfGreed+1","MillisecondPulsars","LuminesStrike","WitchOfGreed","LuminesStrike","ChargingUp","BinaryStars","CasketOfStar","MagicAbsorber","EarthLightRay","GrandCross","MilkyWay+1","DoubleSpark","NonDirectionalLaser","MachineGunSpark+1","PulseMagic","Languid","DoubleSpark","PowerUp+1","ManaRampage","CurseOfTheBell","TreasureHunter","PowerUp","WitchOfGreed+1","WitchOfGreed"],"relics":["MiniHakkero","HushsDoor","TuHaoJin","NeowsBlessing","Replay:Bandana","Blue Doll","StoneCalendar","Replay:Ancient Bell","Replay:Rubber Ducky","HollowMod:StagPassRelic","TheBean","DeadEye"],"acts_visited":["Exordium","TheCity","TheBeyond"],"potions_floor_usage":[20,21,24],"damage_taken":[{"damage":0.0,"enemies":"Cultist","floor":1.0,"turns":1.0},{"damage":0.0,"enemies":"2 Louse","floor":2.0,"turns":1.0},{"damage":0.0,"enemies":"Jaw Worm","floor":3.0,"turns":1.0},{"damage":15.0,"enemies":"Looter","floor":4.0,"turns":3.0},{"damage":0.0,"enemies":"Lagavulin","floor":7.0,"turns":3.0},{"damage":0.0,"enemies":"Gremlin Nob","floor":10.0,"turns":2.0},{"damage":16.0,"enemies":"Red Slaver","floor":11.0,"turns":3.0},{"damage":15.0,"enemies":"Exordium Thugs","floor":12.0,"turns":2.0},{"damage":0.0,"enemies":"Looter","floor":13.0,"turns":1.0},{"damage":19.0,"enemies":"2 Fungi Beasts","floor":14.0,"turns":3.0},{"damage":14.0,"enemies":"Hexaghost","floor":16.0,"turns":7.0},{"damage":0.0,"enemies":"Spheric Guardian","floor":18.0,"turns":2.0},{"damage":0,"enemies":"2 Thieves","floor":19,"turns":1},{"damage":0,"enemies":"3 Cultists","floor":20,"turns":2},{"damage":0,"enemies":"Centurion and Healer","floor":21,"turns":1},{"damage":0,"enemies":"Snake Plant","floor":22,"turns":2},{"damage":0,"enemies":"Snecko","floor":24,"turns":1},{"damage":0,"enemies":"Replay:Snechameleon","floor":25,"turns":2},{"damage":0,"enemies":"Book of Stabbing","floor":27,"turns":1},{"damage":0,"enemies":"Cultist and Chosen","floor":29,"turns":1},{"damage":0,"enemies":"Snake Plant","floor":30,"turns":1},{"damage":0,"enemies":"Collector","floor":33,"turns":1},{"damage":0,"enemies":"3 Shapes","floor":35,"turns":1},{"damage":0,"enemies":"Orb Walker","floor":36,"turns":1},{"damage":0,"enemies":"Jaw Worm Horde","floor":37,"turns":1},{"damage":12,"enemies":"Sphere and 2 Shapes","floor":38,"turns":1}],"seed_played":"-5624444468473185642","potions_obtained":[{"floor":2.0,"key":"Explosive Potion"},{"floor":7.0,"key":"LifebloodPotion"},{"floor":10.0,"key":"SkillPotion"},{"floor":10.0,"key":"Cursed Concoction"},{"floor":12.0,"key":"FearPotion"},{"floor":12.0,"key":"Fire Potion"},{"floor":13.0,"key":"Death Potion"},{"floor":16.0,"key":"GamblersBrew"},{"floor":16.0,"key":"Venom Potion"},{"floor":18,"key":"SkillPotion"},{"floor":20,"key":"Fruit Juice"},{"floor":20,"key":"GamblersBrew"},{"floor":21,"key":"Fruit Juice"},{"floor":21,"key":"Energy Potion"},{"floor":24,"key":"Swift Potion"},{"floor":27,"key":"Toxic Potion"},{"floor":29,"key":"Reflective Coating"},{"floor":33,"key":"StarNLove"}],"is_trial":false,"path_per_floor":["M","M","M","M","$","R","E","R","T","E","M","M","M","M","R","B",null,"M","M","M","M","M","R","M","E","T","E","?","M","M","?","R_BF","B",null,"M","M","M","M"],"character_chosen":"MARISA","items_purchased":["WitchOfGreed","Damocles","CasketOfStar","GuppysTail","TreasureHunter"],"campfire_rested":1,"item_purchase_floors":[5,17,17,34,34],"current_hp_per_floor":[75,75,75,60,60,60,60,60,60,60,44,29,29,10,32,18,61,61,61,66,71,71,71,71,71,71,71,71,71,71,71,71,71,57,57,57,57,0,0],"gold":404,"neow_bonus":"THREE_ENEMY_KILL","is_daily":false,"chose_seed":false,"campfire_upgraded":2,"win_rate":0.0,"timestamp":1610615425,"path_taken":["M","M","M","M","$","R","E","R","T","E","M","M","M","M","R","BOSS","M","M","?","M","M","R","M","E","T","E","?","M","M","?","R_BF","BOSS","M","M","M","M"],"items_purchased_type":["Card","Relic","Card","Relic","Card"],"build_version":"2020-12-22","purchased_purges":0,"victory":false,"max_hp_per_floor":[75,75,75,75,75,75,75,75,75,75,75,75,75,75,75,75,61,61,61,66,71,71,71,71,71,71,71,71,71,71,71,71,71,57,57,57,57,57,57],"relic_stats":{"counters":[26,46],"StoneCalendar":[0],"obtain_stats":[{"ReplayFunnel":35,"Damocles":17,"ReplayTheSpireMod:Ring of Exchange":28,"GuppysTail":34,"Torii":27,"Blue Doll":9,"StoneCalendar":10,"DeadEye":21,"HollowMod:StagPassRelic":19,"Replay:Rubber Ducky":18,"Replay:Bandana":7,"TheBean":20,"PokeGo":30,"Sundial":27,"TuHaoJin":0,"HandmadeGrimoire":29,"Replay:Bottled Flurry":37,"KeepersGift":0,"HollowMod:LifeEnderRelic":24,"ReplayTheSpireMod:Ninjato":36,"NeowsBlessing":0,"Counterbalance":34,"BookOfRevelations":25,"Replay:Ancient Bell":17,"Orichalcum":34,"War Paint":35,"Calling Bell":34,"Bottled Flame":22,"Onion Ring":34,"MiniHakkero":0,"ReplayTheSpireMod:Ring of Challenge":28,"HushsDoor":0,"Meat on the Bone":25},{"ReplayFunnel":23,"Damocles":11,"ReplayTheSpireMod:Ring of Exchange":19,"GuppysTail":22,"Torii":19,"Blue Doll":5,"StoneCalendar":6,"DeadEye":15,"HollowMod:StagPassRelic":13,"Replay:Rubber Ducky":12,"Replay:Bandana":5,"TheBean":14,"PokeGo":21,"Sundial":19,"TuHaoJin":0,"HandmadeGrimoire":20,"Replay:Bottled Flurry":25,"KeepersGift":0,"HollowMod:LifeEnderRelic":17,"ReplayTheSpireMod:Ninjato":24,"NeowsBlessing":0,"Counterbalance":22,"BookOfRevelations":18,"Replay:Ancient Bell":11,"Orichalcum":22,"War Paint":23,"Calling Bell":22,"Bottled Flame":16,"Onion Ring":22,"MiniHakkero":0,"ReplayTheSpireMod:Ring of Challenge":19,"HushsDoor":0,"Meat on the Bone":18},{"ReplayFunnel":43,"Damocles":27,"ReplayTheSpireMod:Ring of Exchange":39,"GuppysTail":42,"Torii":39,"Blue Doll":9,"StoneCalendar":11,"DeadEye":33,"HollowMod:StagPassRelic":30,"Replay:Rubber Ducky":29,"Replay:Bandana":9,"TheBean":32,"PokeGo":41,"Sundial":39,"TuHaoJin":0,"HandmadeGrimoire":40,"Replay:Bottled Flurry":45,"KeepersGift":0,"HollowMod:LifeEnderRelic":36,"ReplayTheSpireMod:Ninjato":44,"NeowsBlessing":0,"Counterbalance":42,"BookOfRevelations":38,"Replay:Ancient Bell":27,"Orichalcum":42,"War Paint":43,"Calling Bell":42,"Bottled Flame":35,"Onion Ring":42,"MiniHakkero":0,"ReplayTheSpireMod:Ring of Challenge":39,"HushsDoor":0,"Meat on the Bone":38}]},"card_choices":[{"not_picked":[],"picked":"ChaosCard","floor":0.0},{"not_picked":["GravityBeat","MysteriousBeam"],"picked":"GrandCross","floor":1.0},{"not_picked":["Acceleration","Orbital"],"picked":"MysteriousBeam","floor":2.0},{"not_picked":["MeteoricShower","Singularity"],"picked":"UnstableBomb","floor":3.0},{"not_picked":["GalacticHalo","SporeBomb"],"picked":"Bomb","floor":4.0},{"not_picked":["WitchLeyline","FairyDestructionRay"],"picked":"MillisecondPulsars","floor":7.0},{"not_picked":["MilkyWay","GalacticHalo"],"picked":"LuminesStrike","floor":10.0},{"not_picked":["SporeBomb","FairyDestructionRay"],"picked":"WitchOfGreed","floor":11.0},{"not_picked":["ShootTheMoon","Orbital"],"picked":"LuminesStrike","floor":12.0},{"not_picked":["SuperPerseids","SporeBomb","FairyDestructionRay"],"picked":"SKIP","floor":13.0},{"not_picked":["Acceleration","ShootingEcho"],"picked":"ChargingUp","floor":14.0},{"not_picked":["MillisecondPulsars","AbsoluteMagnitude"],"picked":"BinaryStars","floor":16.0},{"not_picked":["SporeBomb","DragonMeteor+1"],"picked":"MagicAbsorber","floor":18},{"not_picked":["MagicAbsorber+1","GalacticHalo"],"picked":"EarthLightRay","floor":19},{"not_picked":["Singularity","NonDirectionalLaser"],"picked":"GrandCross","floor":20},{"not_picked":["OpenUniverse","6A"],"picked":"MilkyWay+1","floor":21},{"not_picked":["DC","GalacticHalo"],"picked":"DoubleSpark","floor":22},{"not_picked":["GravityBeat","StarBarrage"],"picked":"NonDirectionalLaser","floor":24},{"not_picked":["WitchLeyline+1","DoubleSpark+1"],"picked":"MachineGunSpark+1","floor":25},{"not_picked":["ShootingEcho","AsteroidBelt"],"picked":"PulseMagic","floor":27},{"not_picked":["WitchLeyline+1","MagicChant"],"picked":"DoubleSpark","floor":29},{"not_picked":["RefractionSpark","ShootTheMoon"],"picked":"PowerUp","floor":30},{"not_picked":["FinalSpark","MaximisePower"],"picked":"ManaRampage","floor":33},{"not_picked":["MysteriousBeam","IllusionStar+1"],"picked":"PowerUp","floor":35},{"not_picked":["DoubleSpark","GravityBeat+1"],"picked":"WitchOfGreed+1","floor":36},{"not_picked":["EnergyRecoil","StarDustReverie"],"picked":"WitchOfGreed","floor":37}],"player_experience":56418,"relics_obtained":[{"floor":7.0,"key":"Replay:Bandana"},{"floor":9.0,"key":"Blue Doll"},{"floor":10.0,"key":"StoneCalendar"},{"floor":18,"key":"Replay:Rubber Ducky"},{"floor":19,"key":"HollowMod:StagPassRelic"},{"floor":20,"key":"TheBean"},{"floor":21,"key":"DeadEye"},{"floor":22,"key":"Bottled Flame"},{"floor":24,"key":"HollowMod:LifeEnderRelic"},{"floor":25,"key":"Meat on the Bone"},{"floor":25,"key":"BookOfRevelations"},{"floor":27,"key":"Torii"},{"floor":27,"key":"Sundial"},{"floor":28,"key":"ReplayTheSpireMod:Ring of Challenge"},{"floor":28,"key":"ReplayTheSpireMod:Ring of Exchange"},{"floor":29,"key":"HandmadeGrimoire"},{"floor":30,"key":"PokeGo"},{"floor":34,"key":"Orichalcum"},{"floor":34,"key":"Onion Ring"},{"floor":34,"key":"Counterbalance"},{"floor":35,"key":"ReplayFunnel"},{"floor":35,"key":"War Paint"},{"floor":36,"key":"ReplayTheSpireMod:Ninjato"},{"floor":37,"key":"Replay:Bottled Flurry"}],"event_choices":[],"is_beta":false,"boss_relics":[{"not_picked":["Ectoplasm","Replay:Wanted Poster"],"picked":"Replay:Ancient Bell"},{"not_picked":[]},{"not_picked":["Coffee Dripper","ReplayTheSpireMod:CursedCoin"],"picked":"Calling Bell"},{"not_picked":[]}],"items_purged_floors":[],"is_endless":false,"potions_floor_spawned":[2,10,12,14,16,19,20,21,29,33,35],"killed_by":"Sphere and 2 Shapes","ascension_level":1}}