{"host":"tom9euzqew4po1rs","time":1610639105,"event":{"mods":["BaseMod","Curses Come First","Downfall","Minty Spire (QoL Compilation)","Quick Restart","Rare Cards Sparkle","Replay The Spire","StSLib","The Cursed"],"gold_per_floor":[99,117,117,117,23,36,36,55,68,94,105,105,205,205,215,215,215],"floor_reached":16,"language":"ENG","playtime":622,"items_purged":[],"score":107,"play_id":"8627d5d7-b102-4b3e-b04d-cd52ebdfe108","local_time":"20210114104505","is_ascension_mode":true,"campfire_choices":[{"floor":1,"key":"RECALL"},{"floor":12,"key":"REST"}],"circlet_count":0,"master_deck":["TheCursedMod:Strike_TheCursed","TheCursedMod:Strike_TheCursed","TheCursedMod:Strike_TheCursed","TheCursedMod:Strike_TheCursed","TheCursedMod:Defend_TheCursed","TheCursedMod:CursedWand","TheCursedMod:CleanUpWorkshop","TheCursedMod:Dregs","TheCursedMod:CircleOfCorruption","champ:StanceDance","TheCursedMod:ReleasedKnowledge","ReplayTheSpireMod:Muscle Training","Anger","expansioncontent:DecasProtection","Backflip","Steam"],"relics":["Empty Cage","PrismaticShard","Letter Opener","Replay:Ringing Soul"],"acts_visited":["Exordium"],"potions_floor_usage":[5,8,10,15],"damage_taken":[{"damage":5,"enemies":"2 Louse","floor":2,"turns":3},{"damage":2,"enemies":"downfall:FleeingMerchant","floor":5,"turns":4},{"damage":6,"enemies":"Jaw Worm","floor":6,"turns":3},{"damage":1,"enemies":"Cultist","floor":8,"turns":2},{"damage":27,"enemies":"Red Slaver","floor":9,"turns":4},{"damage":25,"enemies":"3 Sentries","floor":10,"turns":7},{"damage":8,"enemies":"Blue Slaver","floor":11,"turns":3},{"damage":0,"enemies":"3 Louse","floor":15,"turns":2},{"damage":32,"enemies":"downfall:Ironclad","floor":16,"turns":3}],"seed_played":"-3702466856973339125","potions_obtained":[{"floor":2,"key":"champ:CounterPotion"},{"floor":6,"key":"DistilledChaos"},{"floor":8,"key":"BlessingOfTheForge"},{"floor":11,"key":"SneckoOil"},{"floor":15,"key":"champ:CounterPotion"}],"is_trial":false,"path_per_floor":["R","M","?","?","$","M","T","M","M","E","M","R","?","?","M","B"],"character_chosen":"THE_CURSED","items_purchased":["TheCursedMod:ReleasedKnowledge"],"campfire_rested":1,"item_purchase_floors":[5],"current_hp_per_floor":[75,70,70,70,68,62,62,61,34,12,4,27,27,27,30,0,0],"gold":215,"neow_bonus":"BOSS_RELIC","is_daily":false,"chose_seed":false,"campfire_upgraded":0,"win_rate":0.0,"timestamp":1610639105,"path_taken":["R","M","?","?","$","M","T","M","?","E","M","R","?","?","M","BOSS"],"items_purchased_type":["Card"],"build_version":"2020-12-22","purchased_purges":0,"victory":false,"max_hp_per_floor":[75,75,75,75,75,75,75,75,75,78,78,78,78,78,81,81,81],"card_choices":[{"not_picked":["TheCursedMod:Mangle","TheCursedMod:WearCloak"],"picked":"TheCursedMod:CircleOfCorruption","floor":2},{"not_picked":["sneckomod:DiceCrush","CutThroughFate"],"picked":"champ:StanceDance","floor":5},{"not_picked":["Flying Knee","champ:BerserkerStyle"],"picked":"ReplayTheSpireMod:Muscle Training","floor":6},{"not_picked":["hexamod:GhostLash","champ:BladeFlurry"],"picked":"Anger","floor":8},{"not_picked":["EmptyBody","Hemokinesis"],"picked":"expansioncontent:DecasProtection","floor":9},{"not_picked":["champ:StanceDance","TheCursedMod:CursedSpellbook"],"picked":"Backflip","floor":10},{"not_picked":["Slimebound:SlimeSlap","InnerPeace","Pommel Strike"],"picked":"SKIP","floor":11},{"not_picked":["champ:GladiatorStyle","Guardian:TimeBomb"],"picked":"Steam","floor":15}],"player_experience":136455,"relics_obtained":[{"floor":7,"key":"Letter Opener"},{"floor":10,"key":"Replay:Ringing Soul"}],"event_choices":[{"cards_removed":["TheCursedMod:Defend_TheCursed"],"damage_healed":0,"gold_gain":0,"player_choice":"Offered Basic","damage_taken":0,"max_hp_gain":0,"max_hp_loss":0,"event_name":"Bonfire Elementals","floor":4,"gold_loss":0}],"is_beta":false,"boss_relics":[],"items_purged_floors":[],"is_endless":false,"potions_floor_spawned":[2,6,8,11,15],"killed_by":"downfall:Ironclad","ascension_level":1}}