{"host":"r53pw7z744tg3fxg","time":1610654416,"event":{"mods":["AchievementEnabler","BaseMod","Colored Map","Colored Powertips","Highlight Path","Minty Spire (QoL Compilation)","Quick Restart","Transform Curses"],"gold_per_floor":[115,115,127,127,145,176,176,189,240,240,250,268,299,318,318,390,390,408,408,408],"floor_reached":19,"language":"ENG","playtime":701,"items_purged":[],"score":299,"play_id":"e162af88-6bdd-46e1-aa95-7f6f5020aa30","local_time":"20210114130016","is_ascension_mode":true,"campfire_choices":[{"floor":7,"key":"RECALL"},{"floor":15,"key":"REST"}],"circlet_count":0,"master_deck":["AscendersBane","Strike_P","Strike_P","Strike_P","Strike_P","Defend_P","Defend_P","Defend_P","Defend_P","Eruption","Vigilance","Conclude","BowlingBash","Evaluate","EmptyBody","FollowUp","FlurryOfBlows","Swivel","Protect","Devotion","CurseOfTheBell","Prostrate+1"],"relics":["PureWater","NeowsBlessing","Pantograph","Pear","MealTicket","Calling Bell","Boot","Toxic Egg 2","FossilizedHelix"],"acts_visited":["Exordium","TheCity"],"potions_floor_usage":[6,13,16],"damage_taken":[{"damage":0.0,"enemies":"Cultist","floor":1.0,"turns":1.0},{"damage":0.0,"enemies":"2 Louse","floor":3.0,"turns":1.0},{"damage":0.0,"enemies":"Jaw Worm","floor":5.0,"turns":2.0},{"damage":37,"enemies":"3 Sentries","floor":6,"turns":7},{"damage":0,"enemies":"Gremlin Gang","floor":8,"turns":1},{"damage":12,"enemies":"Exordium Wildlife","floor":11,"turns":4},{"damage":3,"enemies":"Blue Slaver","floor":12,"turns":5},{"damage":28,"enemies":"Lagavulin","floor":13,"turns":6},{"damage":0,"enemies":"2 Fungi Beasts","floor":14,"turns":2},{"damage":62,"enemies":"Slime Boss","floor":16,"turns":15},{"damage":48,"enemies":"Chosen","floor":18,"turns":8},{"damage":21,"enemies":"Spheric Guardian","floor":19,"turns":4}],"seed_played":"-8942458605871798661","potions_obtained":[{"floor":1.0,"key":"Regen Potion"},{"floor":5.0,"key":"Weak Potion"},{"floor":11,"key":"Block Potion"},{"floor":18,"key":"Strength Potion"}],"is_trial":false,"path_per_floor":["M","T","M","?","M","E","R","M","T","?","M","M","E","M","R","B",null,"M","M"],"character_chosen":"WATCHER","items_purchased":[],"campfire_rested":1,"item_purchase_floors":[],"current_hp_per_floor":[65,65,65,65,65,53,53,53,53,58,46,43,15,15,39,2,62,14,0,0],"gold":408,"neow_bonus":"THREE_ENEMY_KILL","is_daily":false,"chose_seed":false,"campfire_upgraded":0,"win_rate":0.0,"timestamp":1610654416,"path_taken":["M","?","?","?","M","E","R","M","T","?","M","M","E","?","R","BOSS","M","M"],"items_purchased_type":[],"build_version":"2020-12-22","purchased_purges":0,"victory":false,"max_hp_per_floor":[72,72,72,72,72,82,82,82,82,82,82,82,82,82,82,82,82,82,82,82],"card_choices":[{"not_picked":["FlurryOfBlows","Evaluate"],"picked":"Conclude","floor":1.0},{"not_picked":["FlurryOfBlows","Halt"],"picked":"BowlingBash","floor":3.0},{"not_picked":["CrushJoints","EmptyMind"],"picked":"ClearTheMind","floor":5.0},{"not_picked":["Conclude","ThirdEye"],"picked":"Evaluate","floor":6},{"not_picked":["ConjureBlade","Prostrate"],"picked":"EmptyBody","floor":8},{"not_picked":["Tantrum","SashWhip"],"picked":"FollowUp","floor":11},{"not_picked":["JustLucky","Crescendo"],"picked":"FlurryOfBlows","floor":12},{"not_picked":["Adaptation","Fasting2"],"picked":"Swivel","floor":13},{"not_picked":["EmptyFist","Indignation"],"picked":"Protect","floor":14},{"not_picked":["ConjureBlade","Judgement"],"picked":"Devotion","floor":16},{"not_picked":["PathToVictory+1","Crescendo+1"],"picked":"Prostrate+1","floor":18}],"player_experience":1256433,"relics_obtained":[{"floor":2.0,"key":"Pantograph"},{"floor":6,"key":"Pear"},{"floor":13,"key":"MealTicket"},{"floor":17,"key":"Boot"},{"floor":17,"key":"Toxic Egg 2"},{"floor":17,"key":"FossilizedHelix"}],"event_choices":[{"damage_healed":0.0,"max_hp_gain":0.0,"max_hp_loss":0.0,"gold_gain":0.0,"event_name":"The Cleric","player_choice":"Leave","floor":4.0,"gold_loss":0.0,"damage_taken":0.0},{"cards_removed":["ClearTheMind"],"damage_healed":5,"gold_gain":0,"player_choice":"Offered Common","damage_taken":0,"max_hp_gain":0,"max_hp_loss":0,"event_name":"Bonfire Elementals","floor":10,"gold_loss":0},{"cards_removed":["ClearTheMind"],"damage_healed":5,"gold_gain":0,"player_choice":"Offered Special","damage_taken":0,"max_hp_gain":0,"max_hp_loss":0,"event_name":"Bonfire Elementals","floor":10,"gold_loss":0}],"is_beta":false,"boss_relics":[{"not_picked":["Fusion Hammer","SlaversCollar"],"picked":"Calling Bell"}],"items_purged_floors":[],"is_endless":false,"potions_floor_spawned":[1,5,11,18],"killed_by":"Spheric Guardian","ascension_level":13}}