{"host":"g01l53quoe6lrer0","time":1610628469,"event":{"mods":["2.2 Compatiblity","AchievementEnabler","BaseMod","Colored Map","Highlight Path","Keyboard Shortcuts","Minty Spire (QoL Compilation)","Permanent Neow","StSLib","SuperFastMode","everything is the same but u backflip on backflip"],"gold_per_floor":[215,215,12,29,47,77,88,88,115,144,44,44,9,19,19,94,94,113,87,101,101,101,101,130,130,130,130,155,173,48,98,98,98,98],"floor_reached":33,"language":"KOR","playtime":953,"items_purged":["Strike_B","Strike_B","Strike_B"],"score":509,"play_id":"73c3f0be-d4cd-4f8b-a5fc-c46b5d674fb0","local_time":"20210114214749","is_ascension_mode":true,"campfire_choices":[{"data":"Defragment","floor":8.0,"key":"SMITH"},{"floor":12.0,"key":"REST"},{"data":"Dualcast","floor":15.0,"key":"SMITH"},{"floor":23.0,"key":"REST"},{"floor":25.0,"key":"REST"},{"data":"Electrodynamics","floor":27.0,"key":"SMITH"},{"floor":32.0,"key":"REST"}],"circlet_count":0,"master_deck":["AscendersBane","Strike_B","Defend_B","Defend_B","Defend_B","Defend_B","Zap+1","Dualcast+1","Barrage","Defragment+1","Streamline","Doom and Gloom","Ball Lightning","Capacitor","Stack","Self Repair","Capacitor","Electrodynamics+1","Go for the Eyes","Compile Driver","Undo","Redo+1","Hologram","Loop"],"relics":["Cracked Core","Blood Vial","Juzu Bracelet","Regal Pillow","Nuclear Battery","Nilry\u0027s Codex","DataDisk","WingedGreaves","PreservedInsect"],"acts_visited":["Exordium","TheCity"],"potions_floor_usage":[33],"damage_taken":[{"damage":1.0,"enemies":"Small Slimes","floor":1.0,"turns":4.0},{"damage":0.0,"enemies":"Cultist","floor":4.0,"turns":3.0},{"damage":0.0,"enemies":"2 Louse","floor":5.0,"turns":2.0},{"damage":20.0,"enemies":"3 Sentries","floor":6.0,"turns":4.0},{"damage":7.0,"enemies":"Looter","floor":7.0,"turns":3.0},{"damage":30.0,"enemies":"Lagavulin","floor":10.0,"turns":7.0},{"damage":9.0,"enemies":"Exordium Wildlife","floor":14.0,"turns":4.0},{"damage":42.0,"enemies":"Slime Boss","floor":16.0,"turns":9.0},{"damage":28.0,"enemies":"Shell Parasite","floor":18.0,"turns":5.0},{"damage":7.0,"enemies":"Chosen","floor":20.0,"turns":3.0},{"damage":48.0,"enemies":"Book of Stabbing","floor":24.0,"turns":5.0},{"damage":43.0,"enemies":"Slavers","floor":28.0,"turns":3.0},{"damage":0.0,"enemies":"Centurion and Healer","floor":29.0,"turns":5.0},{"damage":69,"enemies":"Automaton","floor":33,"turns":6}],"seed_played":"-6040084245777791520","potions_obtained":[{"floor":1.0,"key":"Energy Potion"},{"floor":14.0,"key":"Fire Potion"},{"floor":20.0,"key":"ColorlessPotion"},{"floor":24.0,"key":"Regen Potion"},{"floor":29.0,"key":"FocusPotion"}],"is_trial":false,"path_per_floor":["M","?","$","M","M","E","M","R","T","E","$","R","?","M","R","B",null,"M","$","M","?","?","R","E","R","T","R","E","M","$","?","R","B"],"character_chosen":"DEFECT","items_purchased":["Defragment","Streamline","Compile Driver"],"campfire_rested":4,"item_purchase_floors":[3,3,19],"current_hp_per_floor":[63,63,63,63,63,43,38,38,38,10,10,46,63,63,63,30,61,42,42,44,23,23,59,20,56,56,56,24,26,26,26,62,0,0],"gold":98,"neow_bonus":"HUNDRED_GOLD","is_daily":false,"chose_seed":false,"campfire_upgraded":3,"win_rate":0.0,"timestamp":1610628469,"path_taken":["M","?","$","M","M","E","M","R","T","E","?","R","?","M","R","BOSS","M","$","M","?","?","R","E","R","T","R","E","M","?","?","R","BOSS"],"items_purchased_type":["Card","Card","Card"],"build_version":"2020-12-22","purchased_purges":3,"victory":false,"max_hp_per_floor":[71,71,71,71,71,71,71,71,71,71,71,71,71,71,71,71,71,71,71,71,71,71,71,71,71,71,71,71,71,71,71,71,71,71],"card_choices":[{"not_picked":["Fusion","Hello World"],"picked":"Barrage","floor":1.0},{"not_picked":["Heatsinks","Scrape"],"picked":"Doom and Gloom","floor":4.0},{"not_picked":["Redo","Barrage"],"picked":"Ball Lightning","floor":5.0},{"not_picked":["Ball Lightning","BootSequence"],"picked":"Capacitor","floor":6.0},{"not_picked":["Streamline","Steam Power"],"picked":"Stack","floor":7.0},{"not_picked":["Melter","Turbo"],"picked":"Self Repair","floor":10.0},{"not_picked":["Compile Driver","BootSequence"],"picked":"Capacitor","floor":14.0},{"not_picked":["Thunder Strike","All For One"],"picked":"Electrodynamics","floor":16.0},{"not_picked":["Beam Cell","Streamline"],"picked":"Go for the Eyes","floor":18.0},{"not_picked":["Barrage","Beam Cell"],"picked":"Undo","floor":20.0},{"not_picked":["Amplify","Barrage"],"picked":"Redo+1","floor":24.0},{"not_picked":["Compile Driver","Go for the Eyes"],"picked":"Hologram","floor":28.0},{"not_picked":["Barrage","Beam Cell+1"],"picked":"Loop","floor":29.0}],"player_experience":186176,"relics_obtained":[{"floor":6.0,"key":"Blood Vial"},{"floor":9.0,"key":"Juzu Bracelet"},{"floor":10.0,"key":"Regal Pillow"},{"floor":21.0,"key":"Nilry\u0027s Codex"},{"floor":24.0,"key":"DataDisk"},{"floor":26.0,"key":"WingedGreaves"},{"floor":28.0,"key":"PreservedInsect"}],"event_choices":[{"damage_healed":0.0,"max_hp_gain":0.0,"max_hp_loss":0.0,"gold_gain":0.0,"event_name":"Upgrade Shrine","player_choice":"Upgraded","floor":2.0,"gold_loss":0.0,"damage_taken":0.0,"cards_upgraded":["Zap"]},{"damage_healed":17.0,"max_hp_gain":0.0,"max_hp_loss":0.0,"gold_gain":0.0,"event_name":"The Cleric","player_choice":"Healed","floor":13.0,"gold_loss":35.0,"damage_taken":0.0},{"damage_healed":0.0,"max_hp_gain":0.0,"max_hp_loss":0.0,"gold_gain":0.0,"event_name":"Cursed Tome","player_choice":"Obtained Book","floor":21.0,"gold_loss":0.0,"damage_taken":21.0},{"damage_healed":0.0,"max_hp_gain":0.0,"max_hp_loss":0.0,"gold_gain":0.0,"event_name":"Vampires","player_choice":"Ignored","floor":22.0,"gold_loss":0.0,"damage_taken":0.0},{"damage_healed":0.0,"max_hp_gain":0.0,"max_hp_loss":0.0,"gold_gain":50.0,"event_name":"Nest","player_choice":"Stole From Cult","floor":31.0,"gold_loss":0.0,"damage_taken":0.0}],"is_beta":false,"boss_relics":[{"not_picked":["Fusion Hammer","Busted Crown"],"picked":"Nuclear Battery"}],"items_purged_floors":[3,11,30],"is_endless":false,"potions_floor_spawned":[1,14,20,24,29],"killed_by":"Automaton","ascension_level":15}}