{"host":"x4juqxtivqd4pvh0","time":1610589171,"event":{"mods":["AchievementEnabler","BaseMod","Colored Map","Colored Powertips","Googly Eyes","Minty Spire (QoL Compilation)","Rare Cards Sparkle","Shop Mod","SuperFastMode"],"gold_per_floor":[117,117,117,117,131,131,131,131,199,199,229,229,229,247,247,247,247],"floor_reached":16,"language":"ENG","playtime":402,"items_purged":[],"score":121,"play_id":"7d5b1a6a-7b46-4a80-98b0-2378b1c4ffef","local_time":"20210114122251","is_ascension_mode":false,"campfire_choices":[{"floor":6,"key":"REST"},{"data":"Strike_R","floor":8,"key":"SMITH"},{"data":"Strike_R","floor":10,"key":"SMITH"},{"floor":12,"key":"REST"},{"floor":15,"key":"REST"}],"circlet_count":0,"master_deck":["Strike_R+1","Strike_R+1","Strike_R","Strike_R","Strike_R","Defend_R","Defend_R","Defend_R","Defend_R","Bash","Ghostly Armor","Flex"],"relics":["Burning Blood","Toy Ornithopter","Nunchaku","Darkstone Periapt","Pear","Eternal Feather"],"acts_visited":["Exordium"],"potions_floor_usage":[16],"damage_taken":[{"damage":0,"enemies":"Small Slimes","floor":1,"turns":3},{"damage":4,"enemies":"2 Louse","floor":5,"turns":3},{"damage":35,"enemies":"Gremlin Nob","floor":11,"turns":5},{"damage":6,"enemies":"Jaw Worm","floor":14,"turns":4},{"damage":103,"enemies":"Hexaghost","floor":16,"turns":14}],"seed_played":"-3618195183429320064","potions_obtained":[{"floor":5,"key":"ColorlessPotion"}],"is_trial":false,"path_per_floor":["M","?","?","$","M","R","$","R","T","R","E","R","T","M","R","B"],"character_chosen":"IRONCLAD","items_purchased":[],"campfire_rested":3,"item_purchase_floors":[],"current_hp_per_floor":[80,85,67,67,69,85,85,85,85,85,66,94,94,94,95,0,0],"gold":247,"neow_bonus":"RANDOM_COMMON_RELIC","is_daily":false,"chose_seed":false,"campfire_upgraded":2,"win_rate":0.0,"timestamp":1610589171,"path_taken":["M","?","?","?","M","R","$","R","T","R","E","R","?","M","R","BOSS"],"items_purchased_type":[],"build_version":"2020-12-22","purchased_purges":0,"victory":false,"max_hp_per_floor":[80,85,85,85,85,85,85,85,85,85,95,95,95,95,95,95,95],"card_choices":[{"not_picked":["True Grit","Warcry","Reckless Charge"],"picked":"SKIP","floor":1},{"not_picked":["Warcry","Blood for Blood","Iron Wave"],"picked":"SKIP","floor":5},{"not_picked":["Second Wind","Flex"],"picked":"Ghostly Armor","floor":11},{"not_picked":["Heavy Blade","Second Wind"],"picked":"Flex","floor":14}],"player_experience":65355,"relics_obtained":[{"floor":9,"key":"Darkstone Periapt"},{"floor":11,"key":"Pear"},{"floor":13,"key":"Eternal Feather"}],"event_choices":[{"damage_healed":0,"gold_gain":0,"player_choice":"Donut","damage_taken":0,"max_hp_gain":5,"max_hp_loss":0,"event_name":"Big Fish","floor":2,"gold_loss":0},{"damage_healed":0,"gold_gain":0,"player_choice":"Success","damage_taken":18,"relics_obtained":["Nunchaku"],"max_hp_gain":0,"max_hp_loss":0,"event_name":"Scrap Ooze","floor":3,"gold_loss":0}],"is_beta":false,"boss_relics":[],"items_purged_floors":[],"is_endless":false,"potions_floor_spawned":[5],"killed_by":"Hexaghost","ascension_level":0}}