{"host":"7icsapbuzx467fpx","time":1610666907,"event":{"mods":["BaseMod","Colored Map","Friendly Minions","Kiyohime????","Minty Spire (QoL Compilation)","Prisma Mod","Replay The Spire","StSLib","The Alterego","Waifu the Spire"],"gold_per_floor":[113,113,113,123,123,154,154,171,171,191,116,144,154,168,168,270,270,283,283,183,200,213,246,246,256,281,381,381,381],"floor_reached":28,"language":"ENG","playtime":1895,"items_purged":["KiyohimeMod:Defend","Regret"],"score":250,"play_id":"2272a9a9-5e6c-46c6-8079-86abe411873d","local_time":"20210115002827","is_ascension_mode":false,"campfire_choices":[{"data":"KiyohimeMod:GreenBlackKey","floor":7,"key":"SMITH"},{"floor":15,"key":"REST"},{"floor":24,"key":"REST"}],"circlet_count":0,"master_deck":["KiyohimeMod:Strike","KiyohimeMod:Defend","KiyohimeMod:Defend","KiyohimeMod:Shapeshift","KiyohimeMod:Berserker","KiyohimeMod:GreenBlackKey+1","KiyohimeMod:CelestialInvertedMoon","KiyohimeMod:RedBlackKey","KiyohimeMod:ImaginaryNumberMagecraft","KiyohimeMod:CommandCard_Buster","KiyohimeMod:Preemptive","KiyohimeMod:BlueBlackKey","KiyohimeMod:AVerseOfBurningLoveStory","Pain","KiyohimeMod:CommandCard_Arts+1","KiyohimeMod:GreenBlackKey","KiyohimeMod:ImaginaryAround+1","KiyohimeMod:AndSoTheShipConquers+1","KiyohimeMod:CommandCard_Quick","KiyohimeMod:BlueBlackKey"],"relics":["KiyohimeMod:FireDragon","Vajra","Iron Hammer","GremlinMask","White Beast Statue","Mirror","Eternal Feather","Kintsugi","Sundial","ReplayFunnel","Gambling Chip","Mercury Hourglass"],"acts_visited":["Exordium","TheCity"],"potions_floor_usage":[12,13,16,16,18,21,23,27,27,28],"damage_taken":[{"damage":2,"enemies":"Cultist","floor":1,"turns":3},{"damage":0,"enemies":"Small Slimes","floor":4,"turns":4},{"damage":23,"enemies":"Gremlin Nob","floor":6,"turns":4},{"damage":0,"enemies":"2 Louse","floor":8,"turns":3},{"damage":0,"enemies":"Red Slaver","floor":10,"turns":2},{"damage":21,"enemies":"Lagavulin","floor":12,"turns":5},{"damage":0,"enemies":"Lots of Slimes","floor":13,"turns":2},{"damage":3,"enemies":"3 Louse","floor":14,"turns":3},{"damage":11,"enemies":"Fading Forest","floor":16,"turns":11},{"damage":15,"enemies":"Chosen","floor":18,"turns":4},{"damage":13,"enemies":"2 Thieves","floor":21,"turns":4},{"damage":4,"enemies":"Snecko","floor":22,"turns":3},{"damage":11,"enemies":"Replay:Snechameleon","floor":23,"turns":3},{"damage":4,"enemies":"Cultist and Chosen","floor":25,"turns":5},{"damage":1,"enemies":"Colosseum Slavers","floor":27,"turns":4},{"damage":12,"enemies":"Colosseum Nobs","floor":27,"turns":5},{"damage":23,"enemies":"Slavers","floor":28,"turns":2}],"seed_played":"-2517050986707634321","potions_obtained":[{"floor":8,"key":"Explosive Potion"},{"floor":10,"key":"DuplicationPotion"},{"floor":12,"key":"Toxic Potion"},{"floor":13,"key":"Doom Potion"},{"floor":14,"key":"SkillPotion"},{"floor":16,"key":"LiquidMemories"},{"floor":18,"key":"AttackPotion"},{"floor":21,"key":"Languid Potion"},{"floor":22,"key":"AttackPotion"},{"floor":23,"key":"SkillPotion"},{"floor":27,"key":"Explosive Potion"}],"is_trial":false,"path_per_floor":["M","T","?","M","?","E","R","M","T","M","$","E","M","M","R","B",null,"M","?","$","M","M","E","R","M","T","?","E"],"character_chosen":"Kiyohime","items_purchased":[],"campfire_rested":2,"item_purchase_floors":[],"current_hp_per_floor":[58,58,58,58,58,35,35,35,35,35,35,14,14,11,38,39,60,45,35,35,22,18,7,35,31,31,18,0,0],"gold":381,"neow_bonus":"RANDOM_COMMON_RELIC","is_daily":false,"chose_seed":false,"campfire_upgraded":1,"win_rate":0.0,"timestamp":1610666907,"path_taken":["M","?","?","?","?","E","R","M","T","?","$","E","M","?","R","BOSS","M","?","$","M","M","E","R","M","T","?","E"],"items_purchased_type":[],"build_version":"2020-12-22","purchased_purges":2,"victory":false,"max_hp_per_floor":[60,60,60,60,60,60,60,60,60,60,60,60,60,60,60,60,60,60,65,65,65,65,65,65,65,65,65,65,65],"card_choices":[{"not_picked":["KiyohimeMod:WaterTurn","KiyohimeMod:Fragarach"],"picked":"KiyohimeMod:Berserker","floor":1},{"not_picked":["KiyohimeMod:WaterTurn","KiyohimeMod:SteelTraining"],"picked":"KiyohimeMod:GreenBlackKey","floor":4},{"not_picked":["KiyohimeMod:HotSpringOfTheMoon","KiyohimeMod:Berserker"],"picked":"KiyohimeMod:CelestialInvertedMoon","floor":6},{"not_picked":["KiyohimeMod:CelestialInvertedMoon","KiyohimeMod:GreenBlackKey"],"picked":"KiyohimeMod:RedBlackKey","floor":8},{"not_picked":["KiyohimeMod:AgainstMagic","KiyohimeMod:FormalCraft"],"picked":"KiyohimeMod:ImaginaryNumberMagecraft","floor":10},{"not_picked":["KiyohimeMod:Preemptive","KiyohimeMod:BlueBlackKey"],"picked":"KiyohimeMod:CommandCard_Buster","floor":12},{"not_picked":["KiyohimeMod:WaterTurn","KiyohimeMod:EatSoul"],"picked":"KiyohimeMod:Preemptive","floor":13},{"not_picked":["KiyohimeMod:JeweledSword","KiyohimeMod:DragonVein"],"picked":"KiyohimeMod:BlueBlackKey","floor":14},{"not_picked":["KiyohimeMod:PrismaCosmos","KiyohimeMod:CastleOfTheSun"],"picked":"KiyohimeMod:AVerseOfBurningLoveStory","floor":16},{"not_picked":["KiyohimeMod:RealityMarble","KiyohimeMod:EatSoul+1"],"picked":"KiyohimeMod:CommandCard_Arts+1","floor":18},{"not_picked":["KiyohimeMod:RedBlackKey","KiyohimeMod:AgainstMagic+1"],"picked":"KiyohimeMod:GreenBlackKey","floor":21},{"not_picked":["KiyohimeMod:HydraDagger","KiyohimeMod:GreenBlackKey"],"picked":"KiyohimeMod:ImaginaryAround+1","floor":22},{"not_picked":["KiyohimeMod:SteelTraining+1","KiyohimeMod:EatSoul"],"picked":"KiyohimeMod:AndSoTheShipConquers+1","floor":23},{"not_picked":["KiyohimeMod:GreenBlackKey","KiyohimeMod:AndSoTheShipConquers+1"],"picked":"KiyohimeMod:CommandCard_Quick","floor":25},{"not_picked":["KiyohimeMod:GreenBlackKey","KiyohimeMod:EatSoul"],"picked":"KiyohimeMod:BlueBlackKey","floor":27}],"player_experience":49278,"relics_obtained":[{"floor":2,"key":"Iron Hammer"},{"floor":6,"key":"White Beast Statue"},{"floor":9,"key":"Mirror"},{"floor":12,"key":"Eternal Feather"},{"floor":23,"key":"Sundial"},{"floor":26,"key":"ReplayFunnel"},{"floor":27,"key":"Gambling Chip"},{"floor":27,"key":"Mercury Hourglass"}],"event_choices":[{"cards_removed":["KiyohimeMod:Strike"],"damage_healed":0,"gold_gain":0,"player_choice":"Offered Basic","damage_taken":0,"max_hp_gain":0,"max_hp_loss":0,"event_name":"Bonfire Elementals","floor":3,"gold_loss":0},{"damage_healed":0,"gold_gain":0,"player_choice":"Trade","damage_taken":0,"relics_obtained":["GremlinMask"],"max_hp_gain":0,"max_hp_loss":0,"event_name":"FaceTrader","floor":5,"gold_loss":0},{"damage_healed":0,"gold_gain":0,"player_choice":"Shed Blood","damage_taken":15,"max_hp_gain":5,"max_hp_loss":0,"event_name":"Forgotten Altar","floor":19,"gold_loss":0},{"damage_healed":0,"gold_gain":0,"player_choice":"Fight","damage_taken":0,"max_hp_gain":0,"max_hp_loss":0,"event_name":"Colosseum","floor":27,"gold_loss":0},{"damage_healed":0,"gold_gain":0,"player_choice":"Fought Nobs","damage_taken":0,"max_hp_gain":0,"max_hp_loss":0,"event_name":"Colosseum","floor":27,"gold_loss":0}],"is_beta":false,"boss_relics":[{"not_picked":["ReplayTheSpireMod:DimensionalGlitch","Replay:Bronze Core"],"picked":"Kintsugi"}],"items_purged_floors":[11,20],"is_endless":false,"potions_floor_spawned":[8,10,12,13,14,16,18,21,22,23,25,27,27],"killed_by":"Slavers","ascension_level":0}}