{"host":"tlqi7e8l7c1qc0dn","time":1610604871,"event":{"mods":["Aspiration","BaseMod","Colored Map","Colored Powertips","Conspire","Curses Come First","Dark Map","Displayed Cursed Tome","Fox Events","Halation","Infinite Spire","Minty Spire (QoL Compilation)","Relic Sorter","Replay The Spire","Shop Mod","StSLib","Trackpad","??????REMEMod"],"gold_per_floor":[118,176,187,187,205,215,215,231,231,262,262,44,44,78,78,78,78],"floor_reached":16,"language":"ENG","playtime":501,"items_purged":["Strike_G"],"score":116,"play_id":"4e11bfa6-7d3a-408e-833e-155078ec40ea","local_time":"20210114011431","is_ascension_mode":true,"campfire_choices":[{"data":"All Out Attack","floor":7,"key":"SMITH"},{"data":"Toxin Wave","floor":13,"key":"SMITH"},{"floor":15,"key":"REST"}],"circlet_count":0,"master_deck":["Strike_G","Strike_G","Strike_G","Strike_G","Defend_G","Defend_G","Defend_G","Defend_G","Defend_G","Survivor","Neutralize","ReplayTheSpireMod:Stacked","Defend_R","Strike_B","Dagger Spray","Flying Knee","Footwork+1","All Out Attack+1","Toxin Wave+1","Prepared","Footwork"],"relics":["Ring of the Snake","Iron Hammer","REME_ComplimentaryCards","Ginger","infinitespire:Beetle Shell","MerchantsRug","trackpad:SappingStone"],"acts_visited":["Exordium"],"potions_floor_usage":[10,16],"damage_taken":[{"damage":0,"enemies":"conspire:RoseBush","floor":1,"turns":3},{"damage":0,"enemies":"Jaw Worm","floor":3,"turns":4},{"damage":0,"enemies":"Cultist","floor":5,"turns":5},{"damage":6,"enemies":"2 Fungi Beasts","floor":6,"turns":3},{"damage":5,"enemies":"Gremlin Gang","floor":8,"turns":3},{"damage":24,"enemies":"Gremlin Nob","floor":10,"turns":5},{"damage":1,"enemies":"Replay:BlueRogue","floor":14,"turns":6},{"damage":30,"enemies":"Hexaghost","floor":16,"turns":16}],"seed_played":"-6446263737681882974","potions_obtained":[{"floor":1,"key":"Elixir"},{"floor":2,"key":"Block Potion"},{"floor":2,"key":"SteroidPotion"},{"floor":5,"key":"EssenceOfSteel"},{"floor":14,"key":"SkillPotion"}],"is_trial":false,"path_per_floor":["M","?","M","?","M","M","R","M","T","E","?","$","R","E","R_BF","B"],"character_chosen":"THE_SILENT","items_purchased":["MerchantsRug"],"campfire_rested":1,"item_purchase_floors":[12],"current_hp_per_floor":[70,42,42,42,42,36,36,31,31,7,7,7,7,6,27,0,0],"gold":78,"neow_bonus":"ONE_RARE_RELIC","is_daily":false,"chose_seed":false,"campfire_upgraded":2,"win_rate":0.0,"timestamp":1610604871,"path_taken":["M","?","M","?","?","M","R","M","T","E","?","$","R","E","R_BF","BOSS"],"items_purchased_type":["Relic"],"build_version":"2020-12-22","purchased_purges":1,"victory":false,"max_hp_per_floor":[70,70,70,70,70,70,70,70,70,70,70,70,70,70,70,70,70],"card_choices":[{"not_picked":["Backflip","Dodge and Roll"],"picked":"Dagger Spray","floor":1},{"not_picked":["Calculated Gamble","Slice"],"picked":"Flying Knee","floor":2},{"not_picked":["ReplayTheSpireMod:Shiv Toss","Quick Slash"],"picked":"Footwork","floor":3},{"not_picked":["Quick Slash","A Thousand Cuts"],"picked":"All Out Attack","floor":5},{"not_picked":["Flying Knee","Hidden Blade","Cloak And Dagger"],"picked":"SKIP","floor":6},{"not_picked":["Flying Knee","Hidden Blade","Cloak And Dagger"],"picked":"SKIP","floor":6},{"not_picked":["Deadly Poison","REME_ShadowStrike"],"picked":"Toxin Wave","floor":8},{"not_picked":["Crippling Poison","ReplayTheSpireMod:The Works"],"picked":"Prepared","floor":10},{"not_picked":["Quick Slash","All Out Attack"],"picked":"Footwork","floor":14}],"player_experience":856949,"relics_obtained":[{"floor":9,"key":"infinitespire:Beetle Shell"},{"floor":10,"key":"Iron Hammer"},{"floor":14,"key":"trackpad:SappingStone"}],"event_choices":[{"damage_healed":0,"gold_gain":0,"player_choice":"Upgraded","damage_taken":0,"max_hp_gain":0,"max_hp_loss":0,"event_name":"Upgrade Shrine","floor":4,"gold_loss":0,"cards_upgraded":["Footwork"]}],"is_beta":false,"boss_relics":[],"items_purged_floors":[12],"is_endless":false,"potions_floor_spawned":[1,5,8,14],"killed_by":"Hexaghost","ascension_level":1}}