{"host":"7f01flv6y0vhl3vt","time":1610643102,"event":{"mods":["Act Like it!","BaseMod","Downfall","Minty Spire (QoL Compilation)","StSLib"],"gold_per_floor":[99,116,216,231,231,244,269,285,135,135,135,135],"floor_reached":10,"language":"ENG","playtime":2442,"items_purged":[],"score":83,"play_id":"1651ae5c-e732-4270-b485-f48ca88307f4","local_time":"20210114115142","is_ascension_mode":false,"campfire_choices":[{"floor":1.0,"key":"RECALL"},{"data":"champ:FalseCounter","floor":9,"key":"SMITH"}],"circlet_count":0,"master_deck":["champ:Strike","champ:Strike","champ:Strike","champ:Strike","champ:Defend","champ:Defend","champ:Defend","champ:Defend","champ:Execute","champ:Taunt","champ:DeathBlow+1","champ:FalseCounter+1","champ:Control","champ:BerserkerStyle"],"relics":["champ:ChampionCrown","downfall:HeartBlessingBlue","downfall:HeartBlessingRed"],"acts_visited":["Exordium"],"potions_floor_usage":[10],"damage_taken":[{"damage":14.0,"enemies":"Small Slimes","floor":2.0,"turns":4.0},{"damage":10.0,"enemies":"2 Louse","floor":4.0,"turns":3.0},{"damage":31.0,"enemies":"Cultist","floor":6.0,"turns":4.0},{"damage":53.0,"enemies":"Blue Slaver","floor":8.0,"turns":5.0},{"damage":91,"enemies":"Lagavulin","floor":10,"turns":5}],"seed_played":"6466807237863387592","potions_obtained":[{"floor":6.0,"key":"Swift Potion"}],"is_trial":false,"path_per_floor":["R","M","?","M","?","M","T","M","R","E"],"character_chosen":"THE_CHAMP","items_purchased":[],"campfire_rested":0,"item_purchase_floors":[],"current_hp_per_floor":[99,93,93,93,93,80,80,69,79,0,0,0],"gold":135,"neow_bonus":"TEN_PERCENT_HP_BONUS","is_daily":false,"chose_seed":false,"campfire_upgraded":1,"win_rate":0.0,"timestamp":1610643102,"path_taken":["R","M","?","M","?","M","T","M","R","E"],"items_purchased_type":[],"build_version":"2020-12-22","purchased_purges":0,"victory":false,"max_hp_per_floor":[99,99,99,99,99,99,99,99,109,109,109,109],"card_choices":[{"not_picked":["champ:CrookedStrike","champ:DefensiveShout"],"picked":"champ:DeathBlow","floor":2.0},{"not_picked":["champ:Haymaker","champ:FanOfKnives"],"picked":"champ:FalseCounter","floor":4.0},{"not_picked":["champ:Encircle","champ:DefensiveShout"],"picked":"champ:Control","floor":6.0},{"not_picked":["champ:BerserkersShout","champ:FlashCut"],"picked":"champ:BerserkerStyle","floor":8.0}],"player_experience":1238765,"relics_obtained":[],"event_choices":[{"damage_healed":0.0,"max_hp_gain":0.0,"max_hp_loss":0.0,"gold_gain":0.0,"event_name":"Living Wall","player_choice":"Grow","floor":5.0,"gold_loss":0.0,"damage_taken":0.0,"cards_upgraded":["champ:DeathBlow"]}],"is_beta":false,"boss_relics":[],"items_purged_floors":[],"is_endless":false,"potions_floor_spawned":[6],"killed_by":"Lagavulin","ascension_level":0}}