{"host":"o7j6aatxjwpw1421","time":1610640128,"event":{"mods":["2.2 Compatiblity","AchievementEnabler","BaseMod","Colored Map","DeckTracker","Highlight Path","Keyboard Shortcuts","Minty Spire (QoL Compilation)","Permanent Neow","Quick Restart","StSLib","SuperFastMode","everything is the same but u backflip on backflip"],"gold_per_floor":[110,110,125,136,50,50,76,76,100,117,146,146,162,178,178,251,251,263,263,278,36,36,36,69,69,69,97,97,112,124,141,141,214,214,231,59,0,10,10,10,36,36,36,36,47,47,72,100,100,100],"floor_reached":51,"language":"KOR","playtime":1986,"items_purged":["Strike_R"],"score":1470,"play_id":"f82c1a03-3e2c-4803-9886-ee060839178e","local_time":"20210115010208","is_ascension_mode":true,"campfire_choices":[{"data":"Immolate","floor":6.0,"key":"SMITH"},{"data":"Sword Boomerang","floor":8.0,"key":"SMITH"},{"data":"Evolve","floor":15.0,"key":"SMITH"},{"floor":23.0,"key":"REST"},{"floor":25.0,"key":"REST"},{"data":"Demon Form","floor":32.0,"key":"SMITH"},{"data":"Demon Form","floor":40.0,"key":"SMITH"},{"floor":42.0,"key":"REST"},{"floor":49,"key":"REST"}],"circlet_count":0,"master_deck":["AscendersBane","Strike_R","Strike_R","Defend_R","Defend_R","Defend_R","Defend_R","Bash","Panacea","Pommel Strike+1","Sword Boomerang+1","Immolate+1","Pummel","Evolve+1","Feed","Dual Wield","Pummel+1","Clothesline","Power Through","Demon Form+1","Demon Form+1","Heavy Blade","Exhume","Heavy Blade+1"],"relics":["Burning Blood","Regal Pillow","Bag of Marbles","Orichalcum","Lizard Tail","Snecko Eye","Medical Kit","Magic Flower","Art of War","Darkstone Periapt","Mark of Pain","Ancient Tea Set","Red Mask","Whetstone","Pocketwatch","StoneCalendar","Potion Belt"],"acts_visited":["TheCity","TheBeyond"],"potions_floor_usage":[47],"damage_taken":[{"damage":13.0,"enemies":"Jaw Worm","floor":1.0,"turns":8.0},{"damage":22.0,"enemies":"Small Slimes","floor":3.0,"turns":4.0},{"damage":6.0,"enemies":"Cultist","floor":4.0,"turns":4.0},{"damage":8.0,"enemies":"Gremlin Nob","floor":7.0,"turns":3.0},{"damage":8.0,"enemies":"Exordium Thugs","floor":10.0,"turns":3.0},{"damage":4.0,"enemies":"3 Sentries","floor":11.0,"turns":3.0},{"damage":0.0,"enemies":"3 Louse","floor":13.0,"turns":1.0},{"damage":1.0,"enemies":"Looter","floor":14.0,"turns":2.0},{"damage":14.0,"enemies":"Slime Boss","floor":16.0,"turns":6.0},{"damage":44.0,"enemies":"Spheric Guardian","floor":18.0,"turns":6.0},{"damage":0.0,"enemies":"3 Byrds","floor":20.0,"turns":4.0},{"damage":27.0,"enemies":"Gremlin Leader","floor":24.0,"turns":6.0},{"damage":59.0,"enemies":"Book of Stabbing","floor":27.0,"turns":6.0},{"damage":3.0,"enemies":"Cultist and Chosen","floor":29.0,"turns":3.0},{"damage":0.0,"enemies":"Centurion and Healer","floor":30.0,"turns":3.0},{"damage":0.0,"enemies":"3 Cultists","floor":31.0,"turns":3.0},{"damage":29.0,"enemies":"Collector","floor":33.0,"turns":6.0},{"damage":25.0,"enemies":"3 Darklings","floor":35.0,"turns":4.0},{"damage":13.0,"enemies":"3 Shapes","floor":38.0,"turns":3.0},{"damage":45.0,"enemies":"Reptomancer","floor":41.0,"turns":4.0},{"damage":13.0,"enemies":"Transient","floor":45.0,"turns":6.0},{"damage":16,"enemies":"Mind Bloom Boss Battle","floor":47,"turns":3},{"damage":18,"enemies":"Giant Head","floor":48,"turns":5},{"damage":52,"enemies":"Donu and Deca","floor":50,"turns":5}],"seed_played":"-1923675134605696851","potions_obtained":[{"floor":3.0,"key":"Energy Potion"},{"floor":4.0,"key":"EntropicBrew"},{"floor":10.0,"key":"Dexterity Potion"},{"floor":13.0,"key":"ColorlessPotion"},{"floor":18.0,"key":"BloodPotion"},{"floor":30.0,"key":"PowerPotion"},{"floor":31.0,"key":"Energy Potion"},{"floor":35.0,"key":"FearPotion"},{"floor":45.0,"key":"SneckoOil"}],"is_trial":false,"path_per_floor":["M","?","M","M","$","R","E","R","T","M","E","?","M","M","R","B",null,"M","?","M","$","?","R","E","R","T","E","?","M","M","M","R","B",null,"M","$","?","M","?","R","E","R","T","$","M","$","?","E","R","B",null],"character_chosen":"IRONCLAD","items_purchased":["Immolate","Medical Kit","Ancient Tea Set"],"campfire_rested":4,"item_purchase_floors":[5,21,36],"current_hp_per_floor":[61,50,34,34,34,34,32,32,32,30,32,37,43,48,48,40,70,32,32,38,38,15,55,37,78,78,28,28,39,66,80,80,60,86,70,70,70,66,66,66,30,71,71,71,67,67,60,51,89,46],"gold":100,"neow_bonus":"RANDOM_COLORLESS","is_daily":false,"chose_seed":false,"campfire_upgraded":5,"win_rate":0.0,"timestamp":1610640128,"path_taken":["M","?","M","M","$","R","E","R","T","M","E","?","M","M","R","BOSS","M","?","M","$","?","R","E","R","T","E","?","M","?","M","R","BOSS","M","$","?","M","?","R","E","R","T","$","?","$","?","E","R","BOSS"],"items_purchased_type":["Card","Relic","Relic"],"build_version":"2020-12-22","purchased_purges":1,"victory":true,"max_hp_per_floor":[75,75,75,75,75,75,75,75,75,75,75,80,80,80,80,80,80,80,80,80,80,85,85,88,88,88,88,88,91,91,94,94,94,94,94,94,94,94,89,89,89,89,89,89,89,89,89,89,89,89],"card_choices":[{"not_picked":["PanicButton","Swift Strike"],"picked":"Panacea","floor":0.0},{"not_picked":["Rupture","Dual Wield","Clash"],"picked":"SKIP","floor":1.0},{"not_picked":["Rampage","Bloodletting"],"picked":"Pommel Strike","floor":3.0},{"not_picked":["Heavy Blade","Anger"],"picked":"Sword Boomerang","floor":4.0},{"not_picked":["Rupture","Flame Barrier","Inflame"],"picked":"SKIP","floor":7.0},{"not_picked":["Shockwave","Iron Wave"],"picked":"Pummel","floor":10.0},{"not_picked":["Burning Pact","Fiend Fire","Sword Boomerang"],"picked":"SKIP","floor":11.0},{"not_picked":["Power Through","Dual Wield"],"picked":"Evolve","floor":13.0},{"not_picked":["Headbutt","Hemokinesis","Bloodletting"],"picked":"SKIP","floor":14.0},{"not_picked":["Headbutt","Hemokinesis","Bloodletting"],"picked":"SKIP","floor":14.0},{"not_picked":["Fiend Fire","Exhume"],"picked":"Feed","floor":16.0},{"not_picked":["Whirlwind","Hemokinesis"],"picked":"Dual Wield","floor":18.0},{"not_picked":["Clash+1","Sever Soul","True Grit"],"picked":"SKIP","floor":20.0},{"not_picked":["Iron Wave","Perfected Strike"],"picked":"Power Through","floor":24.0},{"not_picked":["Blood for Blood","Dark Embrace"],"picked":"Demon Form","floor":27.0},{"not_picked":["Armaments","Thunderclap","Combust"],"picked":"SKIP","floor":29.0},{"not_picked":["Infernal Blade","Rampage"],"picked":"Heavy Blade","floor":30.0},{"not_picked":["Thunderclap","Iron Wave","Heavy Blade"],"picked":"SKIP","floor":31.0},{"not_picked":["Fiend Fire","Barricade"],"picked":"Exhume","floor":33.0},{"not_picked":["Carnage+1","Wild Strike"],"picked":"Heavy Blade+1","floor":35.0},{"not_picked":["Metallicize","Searing Blow","True Grit+1"],"picked":"SKIP","floor":38.0},{"not_picked":["Shrug It Off","Metallicize","Sword Boomerang"],"picked":"SKIP","floor":41.0},{"not_picked":["Armaments+1","Thunderclap+1","Body Slam"],"picked":"SKIP","floor":45.0},{"not_picked":["Pommel Strike","Corruption","Rampage+1"],"picked":"SKIP","floor":48}],"player_experience":510087,"relics_obtained":[{"floor":7.0,"key":"Bag of Marbles"},{"floor":9.0,"key":"Orichalcum"},{"floor":11.0,"key":"Lizard Tail"},{"floor":24.0,"key":"Magic Flower"},{"floor":26.0,"key":"Art of War"},{"floor":27.0,"key":"Darkstone Periapt"},{"floor":41.0,"key":"Whetstone"},{"floor":43.0,"key":"Pocketwatch"},{"floor":47,"key":"StoneCalendar"},{"floor":48,"key":"Potion Belt"}],"event_choices":[{"damage_healed":0.0,"max_hp_gain":0.0,"max_hp_loss":0.0,"gold_gain":0.0,"event_name":"Scrap Ooze","player_choice":"Success","floor":2.0,"gold_loss":0.0,"damage_taken":11.0,"relics_obtained":["Regal Pillow"]},{"damage_healed":0.0,"max_hp_gain":5.0,"max_hp_loss":0.0,"gold_gain":0.0,"event_name":"Big Fish","player_choice":"Donut","floor":12.0,"gold_loss":0.0,"damage_taken":0.0},{"damage_healed":0.0,"max_hp_gain":0.0,"max_hp_loss":0.0,"gold_gain":0.0,"cards_transformed":["Strike_R","Strike_R"],"event_name":"Drug Dealer","player_choice":"Became Test Subject","floor":19.0,"gold_loss":0.0,"damage_taken":0.0,"cards_obtained":["Pummel","Clothesline"]},{"damage_healed":0.0,"max_hp_gain":5.0,"max_hp_loss":0.0,"gold_gain":0.0,"event_name":"Forgotten Altar","player_choice":"Shed Blood","floor":22.0,"gold_loss":0.0,"damage_taken":28.0},{"damage_healed":0.0,"max_hp_gain":0.0,"max_hp_loss":0.0,"gold_gain":0.0,"event_name":"Duplicator","player_choice":"Copied","floor":28.0,"gold_loss":0.0,"damage_taken":0.0,"cards_obtained":["Demon Form"]},{"damage_healed":0.0,"max_hp_gain":0.0,"max_hp_loss":0.0,"gold_gain":0.0,"event_name":"Tomb of Lord Red Mask","player_choice":"Paid","floor":37.0,"gold_loss":59.0,"damage_taken":0.0,"relics_obtained":["Red Mask"]},{"damage_healed":0.0,"max_hp_gain":0.0,"max_hp_loss":5.0,"gold_gain":0.0,"event_name":"Winding Halls","player_choice":"Max HP","floor":39.0,"gold_loss":0.0,"damage_taken":0.0},{"damage_healed":0,"gold_gain":0,"player_choice":"Fight","damage_taken":0,"max_hp_gain":0,"max_hp_loss":0,"event_name":"MindBloom","floor":47,"gold_loss":0}],"is_beta":false,"boss_relics":[{"not_picked":["Fusion Hammer","Cursed Key"],"picked":"Snecko Eye"},{"not_picked":["Runic Cube","Tiny House"],"picked":"Mark of Pain"}],"items_purged_floors":[21],"is_endless":false,"potions_floor_spawned":[3,4,10,13,18,30,31,35,45],"ascension_level":19}}