{"host":"kh6fvhxn285ncg0o","time":1610624536,"event":{"mods":["Act Like it!","BaseMod","Colored Map","Friendly Minions","Keyboard Shortcuts","Minty Spire (QoL Compilation)","Quick Restart","Relic Stats","StSLib","SuperFastMode"],"gold_per_floor":[20,20,37,87,106,139,139,168,194,194,221,221,239,265,265,340,340,352,386,386,311,311,311,327,360,360,379,379,413,425,451,451,524,524,536,536,359,359,359,389,389,414,414,444,492,492,509,520,520,520,520,520,520,58,92,92],"floor_reached":57,"language":"KOR","playtime":2099,"items_purged":["Strike_R+1","Strike_R+1","Strike_R+1"],"score":3144,"play_id":"23d7ccb0-36be-48db-b5a7-2e281723bf8a","local_time":"20210114204216","is_ascension_mode":true,"campfire_choices":[{"data":"Uppercut","floor":7.0,"key":"SMITH"},{"data":"Evolve","floor":10.0,"key":"SMITH"},{"data":"Shrug It Off","floor":12.0,"key":"SMITH"},{"data":"Limit Break","floor":15.0,"key":"SMITH"},{"data":"Offering","floor":23,"key":"SMITH"},{"data":"Pommel Strike","floor":28,"key":"SMITH"},{"data":"Power Through","floor":32,"key":"SMITH"},{"data":"Finesse","floor":41,"key":"SMITH"},{"data":"Body Slam","floor":46,"key":"SMITH"},{"floor":49,"key":"RECALL"},{"data":"Feel No Pain","floor":53,"key":"SMITH"}],"circlet_count":0,"master_deck":["AscendersBane","Strike_R+1","Defend_R+1","Defend_R+1","Defend_R+1","Defend_R+1","Bash","Feed+1","Ghostly Armor","Evolve+1","Shrug It Off+1","Uppercut+1","Pommel Strike+1","Limit Break+1","Offering+1","Flex+1","Power Through+1","Feel No Pain+1","Barricade","Dark Embrace","Finesse+1","Purity","Disarm","Body Slam+1"],"relics":["Burning Blood","Bronze Scales","Red Skull","Pantograph","Mercury Hourglass","SlaversCollar","Red Mask","Singing Bowl","Bird Faced Urn","Bottled Lightning","Regal Pillow","Cursed Key","Juzu Bracelet","Paper Frog","Champion Belt","Turnip","Sundial","HornCleat"],"acts_visited":["Exordium","TheCity","TheBeyond","TheEnding"],"potions_floor_usage":[29,40,48,56,56],"damage_taken":[{"damage":2.0,"enemies":"Cultist","floor":1.0,"turns":4.0},{"damage":7.0,"enemies":"Jaw Worm","floor":3.0,"turns":2.0},{"damage":10.0,"enemies":"Small Slimes","floor":5.0,"turns":4.0},{"damage":32.0,"enemies":"Lagavulin","floor":6.0,"turns":6.0},{"damage":26.0,"enemies":"Gremlin Nob","floor":8.0,"turns":4.0},{"damage":10.0,"enemies":"3 Sentries","floor":11.0,"turns":6.0},{"damage":2.0,"enemies":"3 Louse","floor":13.0,"turns":2.0},{"damage":20.0,"enemies":"Lagavulin","floor":14.0,"turns":7.0},{"damage":10.0,"enemies":"Slime Boss","floor":16.0,"turns":7.0},{"damage":48.0,"enemies":"Spheric Guardian","floor":18.0,"turns":7.0},{"damage":17.0,"enemies":"Masked Bandits","floor":19.0,"turns":4.0},{"damage":13,"enemies":"Shell Parasite","floor":24,"turns":4},{"damage":6,"enemies":"Book of Stabbing","floor":25,"turns":2},{"damage":6,"enemies":"Snake Plant","floor":27,"turns":2},{"damage":6,"enemies":"Gremlin Leader","floor":29,"turns":4},{"damage":11,"enemies":"Snecko","floor":30,"turns":4},{"damage":9,"enemies":"Slavers","floor":31,"turns":7},{"damage":63,"enemies":"Automaton","floor":33,"turns":8},{"damage":6,"enemies":"Orb Walker","floor":35,"turns":2},{"damage":20,"enemies":"Reptomancer","floor":40,"turns":7},{"damage":7,"enemies":"Giant Head","floor":42,"turns":9},{"damage":6,"enemies":"Nemesis","floor":44,"turns":5},{"damage":47,"enemies":"2 Orb Walkers","floor":45,"turns":6},{"damage":6,"enemies":"3 Shapes","floor":47,"turns":10},{"damage":6,"enemies":"Spire Growth","floor":48,"turns":7},{"damage":50,"enemies":"Awakened One","floor":50,"turns":14},{"damage":47,"enemies":"Donu and Deca","floor":51,"turns":11},{"damage":28,"enemies":"Shield and Spear","floor":55,"turns":8},{"damage":33,"enemies":"The Heart","floor":56,"turns":11}],"seed_played":"3101091389233791539","potions_obtained":[{"floor":3.0,"key":"Dexterity Potion"},{"floor":5.0,"key":"SkillPotion"},{"floor":6.0,"key":"Explosive Potion"},{"floor":13.0,"key":"SteroidPotion"},{"floor":16.0,"key":"BlessingOfTheForge"},{"floor":18.0,"key":"Fire Potion"},{"floor":24,"key":"FearPotion"},{"floor":25,"key":"PowerPotion"},{"floor":42,"key":"Block Potion"},{"floor":44,"key":"SpeedPotion"}],"is_trial":false,"path_per_floor":["M","?","M","?","M","E","R","E","T","R","E","R","M","E","R","B",null,"M","?","?","$","?","R","M","E","T","M","R","E","M","E","R","B",null,"M","?","$","?","?","E","R","E","T","E","?","R","M","M","R","B","B",null,"R","$","E","B",null],"character_chosen":"IRONCLAD","items_purchased":["Dark Embrace","Sundial","PowerPotion"],"campfire_rested":0,"item_purchase_floors":[37,54,54],"current_hp_per_floor":[75,75,78,70,70,48,48,28,28,28,28,28,36,26,26,47,88,50,43,43,43,43,43,40,40,40,46,46,52,49,56,56,28,103,107,107,107,107,99,97,97,108,108,122,89,89,95,107,107,98,94,141,141,141,129,137],"gold":92,"neow_bonus":"THREE_RARE_CARDS","is_daily":false,"chose_seed":false,"campfire_upgraded":10,"win_rate":0.0,"timestamp":1610624536,"path_taken":["M","?","M","?","M","E","R","E","T","R","E","R","M","E","R","BOSS","M","?","?","$","?","R","?","E","T","M","R","E","M","E","R","BOSS","M","?","$","?","?","E","R","E","T","E","?","R","M","M","R","BOSS","BOSS","R","$","E","BOSS"],"items_purchased_type":["Card","Relic","Potion"],"build_version":"2020-12-22","purchased_purges":3,"victory":true,"max_hp_per_floor":[78,78,82,82,86,90,90,90,90,90,94,94,98,102,102,102,102,106,110,110,110,110,110,114,114,114,120,120,122,122,128,128,128,128,130,130,130,123,125,129,129,133,133,139,141,141,143,149,149,153,157,157,157,157,159,159],"relic_stats":{"Regal Pillow":0,"Singing Bowl":20,"counters":[29,171],"Juzu Bracelet":1,"Cursed Key":0,"Burning Blood":174,"Mercury Hourglass":[499],"Sundial":[8],"Bronze Scales":[526],"Pantograph":125,"Bird Faced Urn":[88],"Turnip":[2],"Champion Belt":[27],"obtain_stats":[{"Regal Pillow":31,"Singing Bowl":25,"Juzu Bracelet":40,"Cursed Key":34,"Burning Blood":0,"Mercury Hourglass":14,"SlaversCollar":17,"HornCleat":55,"Sundial":54,"Bronze Scales":6,"Pantograph":11,"Bird Faced Urn":26,"Turnip":45,"Red Mask":19,"Bottled Lightning":29,"Champion Belt":44,"Red Skull":8,"Paper Frog":42},{"Regal Pillow":17,"Singing Bowl":13,"Juzu Bracelet":20,"Cursed Key":18,"Burning Blood":0,"Mercury Hourglass":8,"SlaversCollar":9,"HornCleat":28,"Sundial":27,"Bronze Scales":4,"Pantograph":6,"Bird Faced Urn":13,"Turnip":23,"Red Mask":11,"Bottled Lightning":15,"Champion Belt":22,"Red Skull":5,"Paper Frog":21},{"Regal Pillow":74,"Singing Bowl":58,"Juzu Bracelet":91,"Cursed Key":82,"Burning Blood":0,"Mercury Hourglass":35,"SlaversCollar":41,"HornCleat":160,"Sundial":152,"Bronze Scales":16,"Pantograph":26,"Bird Faced Urn":58,"Turnip":111,"Red Mask":52,"Bottled Lightning":64,"Champion Belt":105,"Red Skull":20,"Paper Frog":100}]},"card_choices":[{"not_picked":["Exhume","Impervious"],"picked":"Feed","floor":0.0},{"not_picked":["Headbutt","Twin Strike"],"picked":"Ghostly Armor","floor":1.0},{"not_picked":["Havoc","Sword Boomerang"],"picked":"Evolve","floor":3.0},{"not_picked":["Infernal Blade","Clash"],"picked":"Shrug It Off","floor":5.0},{"not_picked":["Shockwave","Clothesline"],"picked":"Uppercut","floor":6.0},{"not_picked":["Bludgeon","Heavy Blade","Twin Strike"],"picked":"SKIP","floor":8.0},{"not_picked":["Rupture","Rampage","Armaments"],"picked":"SKIP","floor":11.0},{"not_picked":["Armaments","Shrug It Off"],"picked":"Pommel Strike","floor":13.0},{"not_picked":["Clash","Wild Strike"],"picked":"Limit Break","floor":14.0},{"not_picked":["Limit Break","Brutality"],"picked":"Offering","floor":16.0},{"not_picked":["Thunderclap","Headbutt","Twin Strike"],"picked":"SKIP","floor":18.0},{"not_picked":["Flex+1","Ghostly Armor","True Grit"],"picked":"SKIP","floor":24},{"not_picked":["Ghostly Armor","True Grit"],"picked":"Flex+1","floor":24},{"not_picked":["Rage","Shockwave"],"picked":"Power Through","floor":25},{"not_picked":["Clothesline","Pommel Strike","Anger"],"picked":"Singing Bowl","floor":27},{"not_picked":["Impervious","Havoc","Twin Strike"],"picked":"Singing Bowl","floor":29},{"not_picked":["Twin Strike","Combust"],"picked":"Feel No Pain","floor":30},{"not_picked":["Feel No Pain+1","Brutality","Dropkick"],"picked":"Singing Bowl","floor":31},{"not_picked":["Immolate","Double Tap"],"picked":"Barricade","floor":33},{"not_picked":["Blood for Blood","Twin Strike","Anger"],"picked":"Singing Bowl","floor":35},{"not_picked":["Blind","Trip","Swift Strike"],"picked":"Singing Bowl","floor":39},{"not_picked":["Blind","Madness"],"picked":"Finesse","floor":39},{"not_picked":["Finesse","Sadistic Nature"],"picked":"Purity","floor":39},{"not_picked":["Feel No Pain+1","Armaments+1"],"picked":"Disarm","floor":40},{"not_picked":["Juggernaut","Armaments"],"picked":"Body Slam","floor":42},{"not_picked":["Blood for Blood","Immolate","Evolve"],"picked":"Singing Bowl","floor":44},{"not_picked":["Clash+1","Iron Wave","Dropkick"],"picked":"Singing Bowl","floor":45},{"not_picked":["Twin Strike","Inflame","Blood for Blood"],"picked":"Singing Bowl","floor":47},{"not_picked":["Twin Strike","Clothesline","Cleave"],"picked":"Singing Bowl","floor":48},{"not_picked":["Twin Strike","Armaments","Offering"],"picked":"Singing Bowl","floor":55}],"player_experience":3443296,"relics_obtained":[{"floor":6.0,"key":"Bronze Scales"},{"floor":8.0,"key":"Red Skull"},{"floor":11.0,"key":"Pantograph"},{"floor":14.0,"key":"Mercury Hourglass"},{"floor":19.0,"key":"Red Mask"},{"floor":25,"key":"Singing Bowl"},{"floor":26,"key":"Bird Faced Urn"},{"floor":29,"key":"Bottled Lightning"},{"floor":31,"key":"Regal Pillow"},{"floor":40,"key":"Juzu Bracelet"},{"floor":42,"key":"Paper Frog"},{"floor":44,"key":"Champion Belt"},{"floor":45,"key":"Turnip"},{"floor":55,"key":"HornCleat"}],"event_choices":[{"damage_healed":0.0,"max_hp_gain":0.0,"max_hp_loss":0.0,"gold_gain":0.0,"event_name":"Living Wall","player_choice":"Grow","floor":2.0,"gold_loss":0.0,"damage_taken":0.0,"cards_upgraded":["Feed"]},{"damage_healed":0.0,"max_hp_gain":0.0,"max_hp_loss":0.0,"gold_gain":50.0,"event_name":"FaceTrader","player_choice":"Touch","floor":4.0,"gold_loss":0.0,"damage_taken":8.0},{"damage_healed":0.0,"max_hp_gain":0.0,"max_hp_loss":0.0,"gold_gain":0.0,"event_name":"Masked Bandits","player_choice":"Fought Bandits","floor":19.0,"gold_loss":0.0,"damage_taken":0.0},{"damage_healed":0.0,"max_hp_gain":0.0,"max_hp_loss":0.0,"gold_gain":0.0,"event_name":"Back to Basics","player_choice":"Simplicity","floor":20.0,"gold_loss":0.0,"damage_taken":0.0,"cards_upgraded":["Strike_R","Strike_R","Strike_R","Strike_R","Strike_R","Defend_R","Defend_R","Defend_R","Defend_R"]},{"damage_healed":0,"gold_gain":0,"player_choice":"Ignored","damage_taken":0,"max_hp_gain":0,"max_hp_loss":0,"event_name":"N\u0027loth","floor":22,"gold_loss":0},{"cards_removed":["Strike_R"],"damage_healed":0,"gold_gain":0,"player_choice":"Removed Attack","damage_taken":0,"max_hp_gain":0,"max_hp_loss":0,"event_name":"Falling","floor":36,"gold_loss":0},{"damage_healed":0,"gold_gain":0,"player_choice":"Max HP","damage_taken":0,"max_hp_gain":0,"max_hp_loss":7,"event_name":"Winding Halls","floor":38,"gold_loss":0},{"damage_healed":0,"gold_gain":0,"player_choice":"Memory 3","damage_taken":10,"max_hp_gain":0,"max_hp_loss":0,"event_name":"SensoryStone","floor":39,"gold_loss":0},{"damage_healed":0,"gold_gain":0,"player_choice":"Fight","damage_taken":0,"max_hp_gain":0,"max_hp_loss":0,"event_name":"Mysterious Sphere","floor":45,"gold_loss":0}],"is_beta":false,"boss_relics":[{"not_picked":["Velvet Choker","Astrolabe"],"picked":"SlaversCollar"},{"not_picked":["Runic Cube","Runic Pyramid"],"picked":"Cursed Key"}],"items_purged_floors":[21,37,54],"is_endless":false,"potions_floor_spawned":[3,5,6,13,16,18,24,25,42,44],"ascension_level":20}}