{"host":"k4v81cw6j0eb8mtc","time":1610642232,"event":{"mods":["BaseMod","BetterRewards","Conspire","GifTheSpireLib","Hubris","Minty Spire (QoL Compilation)","Quick Restart","Replay The Spire","StSLib"],"gold_per_floor":[119,119,131,83,83,83,119,142,142,157,157,180,33,33,33,161,161,175,175,175,175,196,196,196],"floor_reached":23,"language":"ENG","playtime":586,"items_purged":[],"score":214,"play_id":"0c0a5012-fb0e-463b-af86-742aaacae6ba","local_time":"20210114113712","is_ascension_mode":false,"campfire_choices":[{"floor":6,"key":"REST"},{"data":"Blade Dance","floor":15,"key":"SMITH"}],"circlet_count":0,"master_deck":["Strike_G","Strike_G","Strike_G","Strike_G","Defend_G","Defend_G","Defend_G+1","Defend_G","Defend_G","Survivor","Neutralize","Slice+1","Underhanded Strike","Quick Slash","Blade Dance+1","Well Laid Plans","Prepared","Quick Slash","Burst","Blade Dance","Regret","Quick Slash+1"],"relics":["Ring of the Snake","NeowsBlessing","Golden Idol","MealTicket","Replay:Towering Pillar of Hats","Replay:Baseball","conspire:RunicOctahedron","Gremlin Food","hubris:Icosahedron"],"acts_visited":["Exordium","TheCity"],"potions_floor_usage":[16,16,18],"damage_taken":[{"damage":0,"enemies":"Jaw Worm","floor":1,"turns":1},{"damage":0,"enemies":"2 Louse","floor":3,"turns":1},{"damage":0,"enemies":"Gremlin Nob","floor":7,"turns":1},{"damage":0,"enemies":"Cultist","floor":8,"turns":3},{"damage":0,"enemies":"Red Slaver","floor":10,"turns":4},{"damage":7,"enemies":"3 Louse","floor":12,"turns":4},{"damage":28,"enemies":"Hexaghost","floor":16,"turns":12},{"damage":0,"enemies":"3 Byrds","floor":18,"turns":4},{"damage":12,"enemies":"Chosen","floor":22,"turns":5},{"damage":63,"enemies":"Gremlin Leader","floor":23,"turns":3}],"seed_played":"3400320277141364776","potions_obtained":[{"floor":1,"key":"Energy Potion"},{"floor":7,"key":"Fire Potion"},{"floor":8,"key":"PowerPotion"}],"is_trial":false,"path_per_floor":["M","?","M","$","?","R","E","M","T","M","?","M","$","$","R","B",null,"M","?","?","?","M","E"],"character_chosen":"THE_SILENT","items_purchased":["Quick Slash","Replay:Baseball"],"campfire_rested":1,"item_purchase_floors":[4,13],"current_hp_per_floor":[70,56,56,56,39,60,60,60,60,60,60,53,68,70,70,42,70,70,70,70,70,58,0,0],"gold":196,"neow_bonus":"THREE_ENEMY_KILL","is_daily":false,"chose_seed":false,"campfire_upgraded":1,"win_rate":0.0,"timestamp":1610642232,"path_taken":["M","?","M","$","?","R","E","M","T","M","?","?","?","$","R","BOSS","M","?","?","?","?","E"],"items_purchased_type":["Card","Relic"],"build_version":"2020-12-22","purchased_purges":0,"victory":false,"max_hp_per_floor":[70,70,70,70,70,70,70,70,70,70,70,70,70,70,70,70,70,70,70,70,70,70,70,70],"card_choices":[{"not_picked":["Infinite Blades","Deadly Poison"],"picked":"Slice","floor":1},{"not_picked":["Replay:Poison Smokescreen","Deadly Poison"],"picked":"Underhanded Strike","floor":3},{"not_picked":["Caltrops","Backflip"],"picked":"Blade Dance","floor":7},{"not_picked":["Masterful Stab","Setup"],"picked":"Well Laid Plans","floor":8},{"not_picked":["Dagger Spray","Deadly Poison"],"picked":"Prepared","floor":10},{"not_picked":["Hidden Blade","Bane"],"picked":"Quick Slash","floor":12},{"not_picked":["Phantasmal Killer","ReplayTheSpireMod:Necrosis"],"picked":"Burst","floor":16},{"not_picked":["conspire:DoublingDagger","hubris:Sniper"],"picked":"Blade Dance","floor":18},{"not_picked":["Reflex","Dagger Spray"],"picked":"Quick Slash+1","floor":22}],"player_experience":220168,"relics_obtained":[{"floor":7,"key":"MealTicket"},{"floor":9,"key":"Replay:Towering Pillar of Hats"}],"event_choices":[{"damage_healed":0,"gold_gain":0,"player_choice":"Entered Light","damage_taken":14,"max_hp_gain":0,"max_hp_loss":0,"event_name":"Shining Light","floor":2,"gold_loss":0,"cards_upgraded":["Slice","Defend_G"]},{"damage_healed":0,"gold_gain":0,"player_choice":"Take Damage","damage_taken":17,"relics_obtained":["Golden Idol"],"max_hp_gain":0,"max_hp_loss":0,"event_name":"Golden Idol","floor":5,"gold_loss":0},{"cards_removed":["Strike_G"],"damage_healed":0,"gold_gain":0,"player_choice":"Purged","damage_taken":0,"max_hp_gain":0,"max_hp_loss":0,"event_name":"Purifier","floor":11,"gold_loss":0},{"damage_healed":0,"gold_gain":0,"player_choice":"Ignored","damage_taken":0,"max_hp_gain":0,"max_hp_loss":0,"event_name":"Vampires","floor":19,"gold_loss":0}],"is_beta":false,"boss_relics":[{"not_picked":["Snecko Eye","Coffee Dripper"],"picked":"conspire:RunicOctahedron"}],"items_purged_floors":[],"is_endless":false,"potions_floor_spawned":[1,7,8],"killed_by":"Gremlin Leader","ascension_level":0}}