{"host":"8rwnpls8n88jrgbg","time":1610629170,"event":{"mods":["AchievementEnabler","BaseMod","Colored Map","Colored Powertips","DeckTracker","Keyboard Shortcuts","Minty Spire (QoL Compilation)","Relic Stats","StSLib","SuperFastMode"],"gold_per_floor":[112,123,136,151,151,151,151,151],"floor_reached":7,"language":"KOR","playtime":317,"items_purged":[],"score":86,"play_id":"8096c42a-1476-419f-8bd9-137adde3ba2b","local_time":"20210114215930","is_ascension_mode":true,"campfire_choices":[{"floor":6,"key":"REST"}],"circlet_count":0,"master_deck":["AscendersBane","Strike_G","Strike_G","Strike_G","Strike_G","Strike_G","Defend_G","Defend_G","Defend_G","Defend_G","Defend_G+1","Survivor","Neutralize","Bullet Time","Cloak And Dagger","Acrobatics","Blade Dance+1"],"relics":["Ring of the Snake"],"acts_visited":["Exordium"],"potions_floor_usage":[3],"damage_taken":[{"damage":0,"enemies":"2 Louse","floor":1,"turns":4},{"damage":0,"enemies":"Small Slimes","floor":2,"turns":4},{"damage":0,"enemies":"Cultist","floor":3,"turns":4},{"damage":17,"enemies":"Red Slaver","floor":4,"turns":4},{"damage":30,"enemies":"Lagavulin","floor":7,"turns":7}],"seed_played":"4984148332679173183","potions_obtained":[{"floor":2,"key":"SteroidPotion"}],"is_trial":false,"path_per_floor":["M","M","M","M","?","R","E"],"character_chosen":"THE_SILENT","items_purchased":[],"campfire_rested":1,"item_purchase_floors":[],"current_hp_per_floor":[44,44,44,27,7,26,0,0],"gold":151,"neow_bonus":"THREE_RARE_CARDS","is_daily":false,"chose_seed":false,"campfire_upgraded":0,"win_rate":0.0,"timestamp":1610629170,"path_taken":["M","M","M","M","?","R","E"],"items_purchased_type":[],"build_version":"2020-12-22","purchased_purges":0,"victory":false,"max_hp_per_floor":[66,66,66,66,66,66,66,66],"relic_stats":{"counters":[5,23],"obtain_stats":[{"Ring of the Snake":0},{"Ring of the Snake":0},{"Ring of the Snake":0}],"Ring of the Snake":[10]},"card_choices":[{"not_picked":["Envenom","Wraith Form v2"],"picked":"Bullet Time","floor":0},{"not_picked":["Backflip","Bane"],"picked":"Cloak And Dagger","floor":1},{"not_picked":["Slice","Deadly Poison"],"picked":"Acrobatics","floor":2},{"not_picked":["Outmaneuver","Dodge and Roll"],"picked":"Blade Dance","floor":3},{"not_picked":["Expertise","Dodge and Roll","Slice"],"picked":"SKIP","floor":4}],"player_experience":1501704,"relics_obtained":[],"event_choices":[{"damage_healed":0,"gold_gain":0,"player_choice":"Entered Light","damage_taken":20,"max_hp_gain":0,"max_hp_loss":0,"event_name":"Shining Light","floor":5,"gold_loss":0,"cards_upgraded":["Blade Dance","Defend_G"]}],"is_beta":false,"boss_relics":[],"items_purged_floors":[],"is_endless":false,"potions_floor_spawned":[2],"killed_by":"Lagavulin","ascension_level":20}}