{"host":"opg65mucj6ra7dr1","time":1610623114,"event":{"mods":["BaseMod","DeckTracker","Keyboard Shortcuts","Minty Spire (QoL Compilation)","Permanent Neow","Quick Restart","everything is the same but u backflip on backflip"],"gold_per_floor":[113,131,131,147,147,179,193,208,232,263,263,363,396,396,396,396,396],"floor_reached":16,"language":"KOR","playtime":531,"items_purged":[],"score":153,"play_id":"24fec8fb-fb1a-4b6b-9381-a303273ed355","local_time":"20210114201834","is_ascension_mode":true,"campfire_choices":[{"data":"Choke","floor":11,"key":"SMITH"},{"floor":15,"key":"REST"}],"circlet_count":0,"master_deck":["Strike_G","Strike_G","Strike_G","Defend_G","Defend_G","Defend_G","Defend_G","Defend_G","Survivor","Neutralize","Choke+1","Flying Knee","Dodge and Roll","Slice","Cloak And Dagger","Finisher","Cloak And Dagger","Deflect"],"relics":["Ring of the Snake","Mango","Blood Vial","Bag of Preparation","Akabeko"],"acts_visited":["Exordium"],"potions_floor_usage":[6,6,6,6,14],"damage_taken":[{"damage":7,"enemies":"Small Slimes","floor":1,"turns":4},{"damage":0,"enemies":"Cultist","floor":2,"turns":3},{"damage":0,"enemies":"Jaw Worm","floor":4,"turns":5},{"damage":7,"enemies":"Lagavulin","floor":6,"turns":5},{"damage":9,"enemies":"Red Slaver","floor":7,"turns":5},{"damage":2,"enemies":"Blue Slaver","floor":8,"turns":4},{"damage":13,"enemies":"Gremlin Nob","floor":10,"turns":4},{"damage":17,"enemies":"3 Sentries","floor":13,"turns":11},{"damage":0,"enemies":"Lots of Slimes","floor":14,"turns":1},{"damage":65,"enemies":"Slime Boss","floor":16,"turns":9}],"seed_played":"-141694419195599252","potions_obtained":[{"floor":2,"key":"Fire Potion"},{"floor":4,"key":"EntropicBrew"},{"floor":8,"key":"SmokeBomb"}],"is_trial":false,"path_per_floor":["M","M","?","M","?","E","M","M","T","E","R","?","E","M","R","B"],"character_chosen":"THE_SILENT","items_purchased":[],"campfire_rested":1,"item_purchase_floors":[],"current_hp_per_floor":[63,63,63,63,70,77,68,66,66,55,55,55,40,42,67,4,4],"gold":396,"neow_bonus":"REMOVE_CARD","is_daily":false,"chose_seed":false,"campfire_upgraded":1,"win_rate":0.0,"timestamp":1610623114,"path_taken":["M","M","?","?","?","E","?","M","T","E","R","?","E","M","R","BOSS"],"items_purchased_type":[],"build_version":"2020-12-22","purchased_purges":0,"victory":false,"max_hp_per_floor":[70,70,70,70,70,84,84,84,84,84,84,84,84,84,84,84,84],"card_choices":[{"not_picked":["Outmaneuver","Blur"],"picked":"Choke","floor":1},{"not_picked":["Cloak And Dagger","Poisoned Stab"],"picked":"Flying Knee","floor":2},{"not_picked":["Choke","Flying Knee"],"picked":"Slice","floor":4},{"not_picked":["Venomology","Backstab"],"picked":"Cloak And Dagger","floor":6},{"not_picked":["Well Laid Plans","Setup"],"picked":"Finisher","floor":7},{"not_picked":["Dodge and Roll","Endless Agony"],"picked":"Cloak And Dagger","floor":8},{"not_picked":["Flying Knee","Slice"],"picked":"Deflect","floor":10},{"not_picked":["Unload","Bane","Choke"],"picked":"SKIP","floor":13}],"player_experience":111052,"relics_obtained":[{"floor":6,"key":"Mango"},{"floor":9,"key":"Blood Vial"},{"floor":10,"key":"Bag of Preparation"},{"floor":13,"key":"Akabeko"}],"event_choices":[{"damage_healed":0,"gold_gain":0,"cards_transformed":["Strike_G"],"player_choice":"Transformed","damage_taken":0,"max_hp_gain":0,"max_hp_loss":0,"event_name":"Transmorgrifier","floor":3,"gold_loss":0,"cards_obtained":["Dodge and Roll"]},{"damage_healed":7,"gold_gain":0,"player_choice":"Full Heal","damage_taken":0,"max_hp_gain":0,"max_hp_loss":0,"event_name":"Wheel of Change","floor":5,"gold_loss":0},{"damage_healed":0,"gold_gain":100,"player_choice":"Pray","damage_taken":0,"max_hp_gain":0,"max_hp_loss":0,"event_name":"Golden Shrine","floor":12,"gold_loss":0}],"is_beta":false,"boss_relics":[],"items_purged_floors":[],"is_endless":false,"potions_floor_spawned":[2,4,8,14],"killed_by":"Slime Boss","ascension_level":5}}