{"host":"6x2vvkawfl1hgsnt","time":1610644922,"event":{"mods":["A Magickal Journey","AchievementEnabler","Act Like it!","Always Whale","Aspiration","Bard","BaseMod","BetterRewards","Colored Powertips","Conspire","Downfall","Energized Spire","Friendly Minions","GifTheSpireLib","Halation","HexUI Lib","Hubris","Infinite Spire","Jorbs\u0027s Wanderer Trilogy","Mimic Mod","Minty Spire (QoL Compilation)","Permanent Neow","Random Character Button","Replay The Spire","Spikes Relics","StSLib","Stuff the Spire","The Animator","The Bug Knight","The Construct","The Cursed","The Hayseed","The Hierophant","The Poker Player","The Runesmith","The Sage","The Valiant","The Wild Card","TheArtist","vexMod"],"gold_per_floor":[118,130,144,94,94,94,94,94,125,136,153,165,196,216,216,231,231],"floor_reached":16,"language":"ENG","playtime":1191,"items_purged":[],"score":104,"play_id":"192d1899-8d6e-49ce-b394-0ebe50628ebb","local_time":"20210114172202","is_ascension_mode":false,"campfire_choices":[{"floor":6,"key":"RECALL"},{"floor":8,"key":"REST"},{"floor":15,"key":"REST"}],"circlet_count":0,"master_deck":["Strike_B","Strike_B","Strike_B","Defend_B","Defend_B","Defend_B","Defend_B","Zap","Dualcast","BasicCrystalCard","Sweeping Beam","Steam","conspire:SpireCoStock","ReplayTheSpireMod:??????????????????????","StuffTheSpire:Plugnplay","White Noise","Storm","Aggregate","StuffTheSpire:SnapShoot"],"relics":["Cracked Core","StuffTheSpire:Wildfire"],"acts_visited":["Exordium"],"potions_floor_usage":[14,16],"damage_taken":[{"damage":6,"enemies":"Jaw Worm","floor":1,"turns":3},{"damage":0,"enemies":"conspire:RoseBush","floor":2,"turns":3},{"damage":1,"enemies":"Cultist","floor":3,"turns":3},{"damage":0,"enemies":"Red Slaver","floor":9,"turns":5},{"damage":2,"enemies":"Red Slaver","floor":10,"turns":2},{"damage":8,"enemies":"conspire:2 RoseBushes","floor":11,"turns":4},{"damage":9,"enemies":"Looter","floor":12,"turns":3},{"damage":31,"enemies":"Gremlin Nob","floor":13,"turns":5},{"damage":6,"enemies":"Large Slime","floor":14,"turns":5},{"damage":42,"enemies":"The Guardian","floor":16,"turns":9}],"seed_played":"8459102456501379558","potions_obtained":[{"floor":1,"key":"Elixir"},{"floor":3,"key":"SteroidPotion"},{"floor":11,"key":"Guardian:BlockOnCardUsePotion"},{"floor":12,"key":"PotionOfCapacity"}],"is_trial":false,"path_per_floor":["M","M","M","?","?","R","?","R","MIM","M","M","M","E","M","R","B"],"character_chosen":"DEFECT","items_purchased":[],"campfire_rested":2,"item_purchase_floors":[],"current_hp_per_floor":[76,76,75,75,68,68,48,72,72,70,62,53,22,16,40,0,0],"gold":231,"neow_bonus":"TEN_PERCENT_HP_BONUS","is_daily":false,"chose_seed":false,"campfire_upgraded":0,"win_rate":0.0,"timestamp":1610644922,"path_taken":["M","M","M","?","?","R","?","R","MIM","M","M","M","E","?","R","BOSS"],"items_purchased_type":[],"build_version":"2020-12-22","purchased_purges":0,"victory":false,"max_hp_per_floor":[82,82,82,82,82,82,82,82,82,82,82,82,82,82,82,82,82],"card_choices":[{"not_picked":["Sunder","Go for the Eyes"],"picked":"BasicCrystalCard","floor":1},{"not_picked":["BasicCrystalCard","StuffTheSpire:ForEach"],"picked":"Sweeping Beam","floor":2},{"not_picked":["Coolheaded","Rebound"],"picked":"Steam","floor":3},{"not_picked":["infinitespire:Menacing","hubris:Rewind"],"picked":"ReplayTheSpireMod:??????????????????????","floor":7},{"not_picked":["Compile Driver","Go for the Eyes"],"picked":"StuffTheSpire:Plugnplay","floor":10},{"not_picked":["Stack","ReplaySolidLightProjector"],"picked":"White Noise","floor":11},{"not_picked":["Sweeping Beam","Stack"],"picked":"Storm","floor":12},{"not_picked":["Sunder","Turbo"],"picked":"Aggregate","floor":13},{"not_picked":["Beam Cell","Fusion"],"picked":"StuffTheSpire:SnapShoot","floor":14}],"player_experience":170390,"relics_obtained":[{"floor":13,"key":"StuffTheSpire:Wildfire"}],"event_choices":[{"damage_healed":0,"gold_gain":0,"player_choice":"Invest 1","damage_taken":0,"max_hp_gain":0,"max_hp_loss":0,"event_name":"conspire:Investor","floor":4,"gold_loss":0},{"cards_removed":["Strike_B"],"damage_healed":0,"gold_gain":0,"player_choice":"Card Removal","damage_taken":7,"max_hp_gain":0,"max_hp_loss":0,"event_name":"Golden Wing","floor":5,"gold_loss":0}],"is_beta":false,"boss_relics":[],"items_purged_floors":[],"is_endless":false,"potions_floor_spawned":[1,3,11,12],"killed_by":"The Guardian","ascension_level":0}}