{"host":"6febr6iklru1ag3j","time":1610623077,"event":{"mods":["BaseMod","Better Note","DeckTracker","Hubris","Minty Spire (QoL Compilation)","Replay The Spire","Shop Mod","StSLib","slay the spire mod where everything is the same but ironclad has a cowboy hat"],"gold_per_floor":[115,61,74,86,2,2,19,19,71,86,86,100,100,111,111,210,210,226,236,236,136,154,154,183,183,206,240,88,28,28,85,85,85,85],"floor_reached":33,"language":"ENG","playtime":1204,"items_purged":["Strike_B"],"score":358,"play_id":"8981e2c6-8926-4ee0-b6bb-f0813784360f","local_time":"20210114061757","is_ascension_mode":true,"campfire_choices":[{"data":"Dualcast","floor":6,"key":"SMITH"},{"data":"Zap","floor":8,"key":"SMITH"},{"floor":11,"key":"RECALL"},{"floor":15,"key":"REST"},{"floor":23,"key":"REST"},{"floor":25,"key":"REST"},{"floor":32,"key":"REST"}],"circlet_count":0,"master_deck":["Strike_B","Strike_B","Defend_B+1","Defend_B","Defend_B","Defend_B","Zap+1","Dualcast+1","FTL","Beam Cell","Gash","Sweeping Beam+1","Bandage Up","Go for the Eyes","ReplayGash","Rebound","FTL+1","Leap+1","ReplayTheSpireMod:Splinters","All For One"],"relics":["Cracked Core","Bag of Marbles","hubris:TerracottaHorce","hubris:ToyBattleship","Pet Ghost","Tiny Chest","Orrery","hubris:Icosahedron","Ancient Tea Set"],"acts_visited":["Exordium","TheCity"],"potions_floor_usage":[16,16,22,33,33],"damage_taken":[{"damage":1,"enemies":"Cultist","floor":1,"turns":3},{"damage":0,"enemies":"Small Slimes","floor":3,"turns":2},{"damage":2,"enemies":"Jaw Worm","floor":4,"turns":3},{"damage":7,"enemies":"Looter","floor":7,"turns":3},{"damage":8,"enemies":"Large Slime","floor":10,"turns":3},{"damage":7,"enemies":"2 Fungi Beasts","floor":12,"turns":2},{"damage":0,"enemies":"Blue Slaver","floor":14,"turns":2},{"damage":23,"enemies":"Hexaghost","floor":16,"turns":9},{"damage":7,"enemies":"Chosen","floor":18,"turns":4},{"damage":19,"enemies":"Spheric Guardian","floor":19,"turns":4},{"damage":23,"enemies":"Snecko","floor":22,"turns":5},{"damage":23,"enemies":"Gremlin Leader","floor":24,"turns":7},{"damage":43,"enemies":"Slavers","floor":27,"turns":6},{"damage":44,"enemies":"Champ","floor":33,"turns":3}],"seed_played":"684422267078451742","potions_obtained":[{"floor":7,"key":"Block Potion"},{"floor":10,"key":"FocusPotion"},{"floor":12,"key":"ColorlessPotion"},{"floor":16,"key":"SpeedPotion"},{"floor":19,"key":"Toxic Potion"},{"floor":22,"key":"Strength Potion"},{"floor":31,"key":"Strength Potion"}],"is_trial":false,"path_per_floor":["M","$","M","M","$","R","M","R","T","M","R","M","?","M","R","B",null,"M","M","?","$","M","R","E","R","T","E","$","?","?","?","R","B"],"character_chosen":"DEFECT","items_purchased":["Gash","Bandage Up","Rebound","Orrery"],"campfire_rested":4,"item_purchase_floors":[2,5,21,28],"current_hp_per_floor":[67,67,67,65,65,65,62,62,62,58,58,55,40,40,62,43,67,64,49,49,49,30,52,33,55,55,16,16,16,16,16,38,0,0],"gold":85,"neow_bonus":"TRANSFORM_CARD","is_daily":false,"chose_seed":false,"campfire_upgraded":2,"win_rate":0.0,"timestamp":1610623077,"path_taken":["M","$","M","M","$","R","M","R","T","M","R","M","?","M","R","BOSS","M","M","?","$","?","R","E","R","T","E","$","?","?","?","R","BOSS"],"items_purchased_type":["Card","Card","Card","Relic"],"build_version":"2020-12-22","purchased_purges":1,"victory":false,"max_hp_per_floor":[75,75,75,75,75,75,75,75,75,75,75,75,75,75,75,75,75,75,75,75,75,75,75,75,75,75,75,75,75,75,75,75,75,75],"card_choices":[{"not_picked":["Barrage","FTL"],"picked":"Beam Cell","floor":1},{"not_picked":["ReplayTheSpireMod:System Scan","Panic Button","Static Discharge"],"picked":"SKIP","floor":3},{"not_picked":["Cold Snap","Leap"],"picked":"Sweeping Beam","floor":4},{"not_picked":["Barrage","hubris:Ukulele","Aggregate"],"picked":"SKIP","floor":7},{"not_picked":["Stack","Compile Driver","ReplayTheSpireMod:System Scan"],"picked":"SKIP","floor":10},{"not_picked":["Hologram","Stack","Amplify"],"picked":"SKIP","floor":12},{"not_picked":["Stack","Turbo","Barrage"],"picked":"SKIP","floor":14},{"not_picked":["Static Discharge+1","ReplayTheSpireMod:GoodbyeWorld+1"],"picked":"Go for the Eyes","floor":18},{"not_picked":["Coolheaded+1","Steam"],"picked":"ReplayGash","floor":19},{"not_picked":["Compile Driver","Heatsinks"],"picked":"FTL+1","floor":22},{"not_picked":["Double Energy","Consume","Conserve Battery"],"picked":"SKIP","floor":24},{"not_picked":["Turbo","Compile Driver"],"picked":"Leap+1","floor":27},{"not_picked":["Stack+1","Conserve Battery"],"picked":"All For One","floor":31}],"player_experience":384510,"relics_obtained":[{"floor":9,"key":"Bag of Marbles"},{"floor":24,"key":"hubris:ToyBattleship"},{"floor":26,"key":"Pet Ghost"},{"floor":27,"key":"Tiny Chest"},{"floor":31,"key":"Ancient Tea Set"}],"event_choices":[{"damage_healed":0,"gold_gain":0,"player_choice":"Entered Light","damage_taken":15,"max_hp_gain":0,"max_hp_loss":0,"event_name":"Shining Light","floor":13,"gold_loss":0,"cards_upgraded":["Defend_B","Sweeping Beam"]},{"damage_healed":0,"gold_gain":0,"player_choice":"Bought 0 Potions","damage_taken":0,"max_hp_gain":0,"max_hp_loss":0,"event_name":"The Woman in Blue","floor":20,"gold_loss":0}],"is_beta":false,"boss_relics":[{"not_picked":["Kintsugi","hubris:Stopwatch"],"picked":"hubris:TerracottaHorce"}],"items_purged_floors":[21],"is_endless":false,"potions_floor_spawned":[7,10,12,16,19,22],"killed_by":"Champ","ascension_level":6}}