{"host":"Bilverbakes","time":1610653897,"event":{"mods":["2.2 Compatiblity","AchievementEnabler","BaseMod","Bestiary","Colored Map","Minty Spire (QoL Compilation)","Relic Stats","StSLib","ojb\u0027s Info Mod"],"gold_per_floor":[126,151,179,206,218,262,290,302,314,351,363,321,10,23,23,23,23],"floor_reached":16,"language":"ENG","playtime":801,"items_purged":["Strike_G"],"score":228,"play_id":"85697e48-80ee-4370-85a8-235cde6f672d","local_time":"20210114135137","is_ascension_mode":true,"campfire_choices":[{"floor":8.0,"key":"REST"},{"floor":11.0,"key":"REST"},{"data":"Poisoned Stab","floor":15.0,"key":"SMITH"}],"circlet_count":0,"master_deck":["AscendersBane","Strike_G","Strike_G","Strike_G","Strike_G","Defend_G","Defend_G","Defend_G","Defend_G","Defend_G","Survivor","Neutralize","Poisoned Stab+1","Predator","Well Laid Plans","Blade Dance","Crippling Poison","Footwork"],"relics":["Ring of the Snake","MawBank","Ice Cream","White Beast Statue","Regal Pillow","Medical Kit"],"acts_visited":["Exordium"],"potions_floor_usage":[16],"damage_taken":[{"damage":3.0,"enemies":"Cultist","floor":1.0,"turns":5.0},{"damage":4.0,"enemies":"2 Louse","floor":2.0,"turns":2.0},{"damage":0.0,"enemies":"Jaw Worm","floor":3.0,"turns":4.0},{"damage":0.0,"enemies":"Lots of Slimes","floor":4.0,"turns":2.0},{"damage":0.0,"enemies":"Gremlin Gang","floor":5.0,"turns":3.0},{"damage":29.0,"enemies":"3 Sentries","floor":6.0,"turns":9.0},{"damage":18.0,"enemies":"Large Slime","floor":7.0,"turns":6.0},{"damage":22.0,"enemies":"Gremlin Nob","floor":10.0,"turns":4.0},{"damage":0.0,"enemies":"2 Fungi Beasts","floor":14.0,"turns":3.0},{"damage":36,"enemies":"Hexaghost","floor":16,"turns":9}],"seed_played":"-6987245058947921132","potions_obtained":[{"floor":1.0,"key":"Explosive Potion"},{"floor":3.0,"key":"SmokeBomb"},{"floor":6.0,"key":"SpeedPotion"},{"floor":10.0,"key":"SkillPotion"},{"floor":14.0,"key":"Fire Potion"}],"is_trial":false,"path_per_floor":["M","M","M","M","M","E","M","R","T","E","R","?","$","M","R","B"],"character_chosen":"THE_SILENT","items_purchased":["Footwork","Medical Kit"],"campfire_rested":2,"item_purchase_floors":[13,13],"current_hp_per_floor":[56,52,52,52,52,23,5,24,24,2,36,36,36,36,36,0,0],"gold":23,"neow_bonus":"RANDOM_COMMON_RELIC","is_daily":false,"chose_seed":false,"campfire_upgraded":1,"win_rate":0.0,"timestamp":1610653897,"path_taken":["M","?","M","?","M","E","M","R","T","E","R","?","?","M","R","BOSS"],"items_purchased_type":["Card","Relic"],"build_version":"2020-12-18","purchased_purges":1,"victory":false,"max_hp_per_floor":[66,66,66,66,66,66,66,66,66,66,66,66,66,66,66,66,66],"relic_stats":{"Regal Pillow":15,"counters":[10,47],"MawBank":156,"Medical Kit":[4],"obtain_stats":[{"Ice Cream":6,"Regal Pillow":10,"MawBank":0,"Medical Kit":13,"White Beast Statue":9,"Ring of the Snake":0},{"Ice Cream":6,"Regal Pillow":8,"MawBank":0,"Medical Kit":8,"White Beast Statue":7,"Ring of the Snake":0},{"Ice Cream":25,"Regal Pillow":35,"MawBank":0,"Medical Kit":35,"White Beast Statue":31,"Ring of the Snake":0}],"Ring of the Snake":[20]},"card_choices":[{"not_picked":["Concentrate","Blur"],"picked":"Poisoned Stab","floor":1.0},{"not_picked":["Concentrate","Heel Hook"],"picked":"Predator","floor":2.0},{"not_picked":["Escape Plan","Underhanded Strike"],"picked":"Well Laid Plans","floor":3.0},{"not_picked":["Sucker Punch","Cloak And Dagger"],"picked":"Blade Dance","floor":4.0},{"not_picked":["Sucker Punch","Setup","Heel Hook"],"picked":"SKIP","floor":6.0},{"not_picked":["Bane","Sucker Punch","Finisher"],"picked":"SKIP","floor":7.0},{"not_picked":["Flechettes","Distraction"],"picked":"Crippling Poison","floor":10.0},{"not_picked":["Underhanded Strike","Escape Plan","Acrobatics"],"picked":"SKIP","floor":14.0}],"player_experience":681593,"relics_obtained":[{"floor":6.0,"key":"Ice Cream"},{"floor":9.0,"key":"White Beast Statue"},{"floor":10.0,"key":"Regal Pillow"}],"event_choices":[{"damage_healed":0.0,"max_hp_gain":0.0,"max_hp_loss":0.0,"gold_gain":0.0,"event_name":"World of Goop","player_choice":"Left Gold","floor":12.0,"gold_loss":54.0,"damage_taken":0.0}],"is_beta":true,"boss_relics":[],"items_purged_floors":[13],"is_endless":false,"potions_floor_spawned":[1,3,5,6,10,14],"killed_by":"Hexaghost","ascension_level":20}}