{"host":"usrgk25etjl0nf5i","time":1610593115,"event":{"mods":["2.2 Compatiblity","BaseMod","Downfall","Hubris","Minty Spire (QoL Compilation)","StSLib","SuperFastMode"],"gold_per_floor":[110,123,123,137,137,171,198,243,255,297,309,337,377,389,401,512,524,547,559,584,608,620,662,691,718,730,768,780,125,145,173,173,274,274,288,216,234,284,284,284,313,326,326,352,352,380,380,431,431,431],"floor_reached":51,"language":"ENG","playtime":2428,"items_purged":["Defend_B"],"score":1360,"play_id":"7b4897b0-5f9b-432b-82d9-1fc2ffae7bd5","local_time":"20210113185835","is_ascension_mode":true,"campfire_choices":[{"floor":11,"key":"REST"},{"data":"Zap","floor":15,"key":"SMITH"},{"data":"Buffer","floor":28,"key":"SMITH"},{"data":"Capacitor","floor":32,"key":"SMITH"},{"data":"Creative AI","floor":40,"key":"SMITH"},{"data":"Storm","floor":47,"key":"SMITH"},{"floor":49,"key":"REST"}],"circlet_count":0,"master_deck":["AscendersBane","Strike_B","Strike_B","Strike_B","Strike_B","Defend_B","Defend_B","Defend_B","Zap+1","Dualcast","BootSequence","Ball Lightning","Ball Lightning","BootSequence","Leap","Storm+1","Glacier","Conserve Battery","Self Repair","Machine Learning","Buffer+1","Hologram","Leap","Machine Learning","Leap","Capacitor+1","hubris:Ukulele","Glacier","Core Surge","Consume+1","Creative AI+1","Go for the Eyes+1","Leap+1","hexamod:Haunted","Conserve Battery+1","Lockon+1","Self Repair+1"],"relics":["Cracked Core","Akabeko","MawBank","Lantern","Pen Nib","Potion Belt","Mercury Hourglass","expansioncontent:StudyCardRelic","GremlinMask","Mummified Hand","Meat on the Bone","Letter Opener","hubris:BottledRain","hubris:RGBLights","hexamod:BolsterEngine","Cursed Key","Ginger","Regal Pillow","Gremlin Horn","Bottled Tornado","hubris:Towel","Bag of Marbles","hubris:GlazedTorus"],"acts_visited":["Exordium","TheCity","TheBeyond"],"potions_floor_usage":[6,8,16,16,21,23,23,27,33,33,33,41,44,48,50,50],"damage_taken":[{"damage":4,"enemies":"Jaw Worm","floor":1,"turns":3},{"damage":0,"enemies":"2 Louse","floor":2,"turns":2},{"damage":1,"enemies":"Cultist","floor":4,"turns":3},{"damage":10,"enemies":"Lagavulin","floor":6,"turns":6},{"damage":0,"enemies":"Large Slime","floor":7,"turns":4},{"damage":21,"enemies":"Gremlin Nob","floor":8,"turns":4},{"damage":11,"enemies":"Lagavulin","floor":10,"turns":9},{"damage":6,"enemies":"Lots of Slimes","floor":12,"turns":3},{"damage":13,"enemies":"3 Sentries","floor":13,"turns":8},{"damage":11,"enemies":"The Guardian","floor":16,"turns":11},{"damage":0,"enemies":"Shell Parasite","floor":18,"turns":3},{"damage":0,"enemies":"Chosen","floor":20,"turns":4},{"damage":15,"enemies":"Centurion and Healer","floor":21,"turns":10},{"damage":17,"enemies":"Slavers","floor":23,"turns":6},{"damage":13,"enemies":"Snake Plant","floor":24,"turns":4},{"damage":15,"enemies":"Snecko","floor":25,"turns":4},{"damage":19,"enemies":"Book of Stabbing","floor":27,"turns":5},{"damage":0,"enemies":"Centurion and Healer","floor":30,"turns":4},{"damage":4,"enemies":"Slavers","floor":31,"turns":3},{"damage":17,"enemies":"Collector","floor":33,"turns":7},{"damage":6,"enemies":"Orb Walker","floor":35,"turns":4},{"damage":0,"enemies":"3 Darklings","floor":37,"turns":5},{"damage":0,"enemies":"Mind Bloom Boss Battle","floor":38,"turns":4},{"damage":0,"enemies":"Giant Head","floor":41,"turns":7},{"damage":0,"enemies":"4 Shapes","floor":42,"turns":3},{"damage":32,"enemies":"Reptomancer","floor":44,"turns":5},{"damage":0,"enemies":"Giant Head","floor":46,"turns":8},{"damage":0,"enemies":"2 Orb Walkers","floor":48,"turns":2},{"damage":59,"enemies":"Time Eater","floor":50,"turns":7}],"seed_played":"6398546986677269726","potions_obtained":[{"floor":1,"key":"GamblersBrew"},{"floor":4,"key":"Weak Potion"},{"floor":7,"key":"Strength Potion"},{"floor":14,"key":"hexamod:EctoCoolerPotion"},{"floor":14,"key":"Regen Potion"},{"floor":14,"key":"BlessingOfTheForge"},{"floor":16,"key":"SteroidPotion"},{"floor":20,"key":"Swift Potion"},{"floor":21,"key":"EssenceOfSteel"},{"floor":23,"key":"PowerPotion"},{"floor":25,"key":"Fruit Juice"},{"floor":33,"key":"champ:CounterPotion"},{"floor":42,"key":"PowerPotion"},{"floor":44,"key":"Explosive Potion"},{"floor":46,"key":"PotionOfCapacity"},{"floor":48,"key":"FocusPotion"}],"is_trial":false,"path_per_floor":["M","M","?","M","?","E","M","E","T","E","R","M","E","?","R","B",null,"M","$","M","M","?","E","M","M","T","E","R","$","M","E","R","B",null,"M","$","M","?","?","R","E","M","T","E","?","E","R","?","R","B",null],"character_chosen":"DEFECT","items_purchased":["hubris:BottledRain","hubris:RGBLights","hubris:Ukulele","Creative AI"],"campfire_rested":2,"item_purchase_floors":[29,29,29,36],"current_hp_per_floor":[64,64,64,63,75,65,65,44,44,33,55,49,43,43,43,54,70,75,75,75,67,67,57,51,43,43,48,48,48,55,51,51,53,73,67,67,74,80,76,76,76,76,76,51,51,58,58,58,76,46],"gold":431,"neow_bonus":"RANDOM_COMMON_RELIC","is_daily":false,"chose_seed":false,"campfire_upgraded":5,"win_rate":0.0,"timestamp":1610593115,"path_taken":["M","M","?","M","?","E","M","E","T","E","R","?","E","?","R","BOSS","M","?","M","M","?","E","M","M","T","E","R","$","M","E","R","BOSS","M","$","M","?","?","R","E","M","T","E","?","E","R","?","R","BOSS"],"items_purchased_type":["Relic","Relic","Card","Card"],"build_version":"2020-12-22","purchased_purges":1,"victory":true,"max_hp_per_floor":[75,75,75,75,75,75,75,75,75,75,75,75,75,75,75,75,75,75,75,75,75,75,75,75,75,75,80,80,80,80,80,80,80,80,80,80,80,80,76,76,76,76,76,76,76,76,76,76,76,76],"card_choices":[{"not_picked":["Hologram","Rebound"],"picked":"BootSequence","floor":1},{"not_picked":["Go for the Eyes","Undo"],"picked":"Ball Lightning","floor":2},{"not_picked":["Sweeping Beam","Go for the Eyes"],"picked":"BootSequence","floor":4},{"not_picked":["Streamline","Barrage"],"picked":"Leap","floor":6},{"not_picked":["Redo","Cold Snap"],"picked":"Storm","floor":7},{"not_picked":["Barrage","Chill"],"picked":"Glacier","floor":8},{"not_picked":["hubris:Prefetch","Sweeping Beam"],"picked":"Conserve Battery","floor":10},{"not_picked":["Steam","Rebound"],"picked":"Self Repair","floor":12},{"not_picked":["Stack","Blizzard"],"picked":"Machine Learning","floor":13},{"not_picked":["Rainbow","Machine Learning"],"picked":"Buffer","floor":16},{"not_picked":["Redo","Sweeping Beam"],"picked":"Hologram","floor":18},{"not_picked":["Sweeping Beam","Redo"],"picked":"Leap","floor":20},{"not_picked":["Compile Driver","Streamline","Rebound+1"],"picked":"SKIP","floor":21},{"not_picked":["Gash","Undo+1"],"picked":"Machine Learning","floor":23},{"not_picked":["Hologram","Coolheaded","Turbo"],"picked":"SKIP","floor":24},{"not_picked":["Recycle","Tempest"],"picked":"Leap","floor":25},{"not_picked":["All For One","Scrape"],"picked":"Capacitor","floor":27},{"not_picked":["Reinforced Body","Scrape"],"picked":"Glacier","floor":30},{"not_picked":["Streamline","BootSequence","Hologram"],"picked":"SKIP","floor":31},{"not_picked":["Rainbow","hubris:DoWhile"],"picked":"Core Surge","floor":33},{"not_picked":["Stack","Steam+1"],"picked":"Consume+1","floor":35},{"not_picked":["Skim","Hologram+1","Redo"],"picked":"SKIP","floor":37},{"not_picked":["Skim+1","Reprogram+1"],"picked":"Go for the Eyes+1","floor":41},{"not_picked":["Rebound","Double Energy+1"],"picked":"Leap+1","floor":42},{"not_picked":["hubris:SpecializedCircuitry","Streamline"],"picked":"Conserve Battery+1","floor":44},{"not_picked":["Capacitor+1","Coolheaded+1"],"picked":"Lockon+1","floor":46},{"not_picked":["Streamline+1","Sweeping Beam+1"],"picked":"Self Repair+1","floor":48}],"player_experience":640904,"relics_obtained":[{"floor":6,"key":"MawBank"},{"floor":8,"key":"Lantern"},{"floor":9,"key":"Pen Nib"},{"floor":10,"key":"Potion Belt"},{"floor":13,"key":"Mercury Hourglass"},{"floor":23,"key":"Mummified Hand"},{"floor":26,"key":"Meat on the Bone"},{"floor":27,"key":"Letter Opener"},{"floor":31,"key":"hexamod:BolsterEngine"},{"floor":38,"key":"Ginger"},{"floor":41,"key":"Regal Pillow"},{"floor":43,"key":"Gremlin Horn"},{"floor":44,"key":"Bottled Tornado"},{"floor":46,"key":"Bag of Marbles"},{"floor":48,"key":"hubris:GlazedTorus"}],"event_choices":[{"damage_healed":12,"gold_gain":0,"player_choice":"Full Heal","damage_taken":0,"max_hp_gain":0,"max_hp_loss":0,"event_name":"Wheel of Change","floor":5,"gold_loss":0},{"damage_healed":0,"gold_gain":0,"player_choice":"Got Potions","damage_taken":0,"max_hp_gain":0,"max_hp_loss":0,"event_name":"Lab","floor":14,"gold_loss":0},{"damage_healed":0,"gold_gain":0,"player_choice":"Trade","damage_taken":0,"relics_obtained":["GremlinMask"],"max_hp_gain":0,"max_hp_loss":0,"event_name":"FaceTrader","floor":22,"gold_loss":0},{"damage_healed":0,"gold_gain":0,"player_choice":"Fight","damage_taken":0,"max_hp_gain":0,"max_hp_loss":0,"event_name":"MindBloom","floor":38,"gold_loss":0},{"damage_healed":0,"gold_gain":0,"player_choice":"Max HP","damage_taken":0,"max_hp_gain":0,"max_hp_loss":4,"event_name":"Winding Halls","floor":39,"gold_loss":0},{"damage_healed":0,"gold_gain":0,"player_choice":"Fight","damage_taken":0,"max_hp_gain":0,"max_hp_loss":0,"event_name":"Mysterious Sphere","floor":48,"gold_loss":0}],"is_beta":false,"boss_relics":[{"not_picked":["Fusion Hammer","Coffee Dripper"],"picked":"expansioncontent:StudyCardRelic"},{"not_picked":["hubris:VirtuousBlindfold","hubris:HollowSoul"],"picked":"Cursed Key"}],"items_purged_floors":[29],"is_endless":false,"potions_floor_spawned":[1,4,7,16,20,21,23,25,33,42,44,46,48],"ascension_level":10}}