{"host":"okln270zkafj6dck","time":1610588427,"event":{"mods":["BaseMod","Minty Spire (QoL Compilation)","Permanent Neow","Quick Restart","Relic Stats","StSLib","SuperFastMode","UnlockEverythingMod"],"gold_per_floor":[110,127,142,158,28,63,63,63,117,133,148,148,180,204,216,305,317,342,373,385,401,418,452,452,481,507,507,540,540,554,570,570,641,641,658,674,38,51,69,69,102,102,171,206,220,220,220,234,234,234,234],"floor_reached":52,"language":"ENG","playtime":1881,"items_purged":["Doppelganger","Skewer"],"score":1976,"play_id":"c042f0f6-4b50-4560-a0eb-e49ac3178123","local_time":"20210113174027","is_ascension_mode":true,"campfire_choices":[{"data":"Wraith Form v2","floor":8.0,"key":"SMITH"},{"data":"Glass Knife","floor":12.0,"key":"SMITH"},{"data":"Glass Knife","floor":15.0,"key":"SMITH"},{"floor":24.0,"key":"REST"},{"data":"A Thousand Cuts","floor":27.0,"key":"SMITH"},{"data":"Burst","floor":29.0,"key":"SMITH"},{"data":"Footwork","floor":32.0,"key":"SMITH"},{"data":"Noxious Fumes","floor":40,"key":"SMITH"},{"data":"Footwork","floor":42,"key":"SMITH"},{"floor":49,"key":"REST"}],"circlet_count":0,"master_deck":["AscendersBane","Survivor","Neutralize","Burst+1","Wraith Form v2+1","A Thousand Cuts+1","Glass Knife+1","Glass Knife+1","Footwork+1","PiercingWail","Escape Plan","Die Die Die","Dagger Throw","Deflect","PiercingWail","Cloak And Dagger","Crippling Poison","After Image","Leg Sweep","Escape Plan","Outmaneuver+1","Deflect","Bouncing Flask","Footwork+1","Malaise","PiercingWail","Noxious Fumes+1","After Image"],"relics":["Pandora\u0027s Box","Mercury Hourglass","Boot","Runic Pyramid","Nloth\u0027s Gift","Oddly Smooth Stone","Dead Branch","Snake Skull","Gremlin Horn","Empty Cage","Meat on the Bone","TwistedFunnel","Ninja Scroll","Letter Opener","Strawberry","Toxic Egg 2"],"acts_visited":["Exordium","TheCity","TheBeyond"],"potions_floor_usage":[51,51],"damage_taken":[{"damage":1.0,"enemies":"Jaw Worm","floor":1.0,"turns":3.0},{"damage":0.0,"enemies":"Cultist","floor":2.0,"turns":3.0},{"damage":12.0,"enemies":"Small Slimes","floor":3.0,"turns":2.0},{"damage":7.0,"enemies":"Gremlin Gang","floor":4.0,"turns":3.0},{"damage":8.0,"enemies":"Gremlin Nob","floor":6.0,"turns":5.0},{"damage":0.0,"enemies":"2 Fungi Beasts","floor":10.0,"turns":2.0},{"damage":0.0,"enemies":"Exordium Wildlife","floor":11.0,"turns":2.0},{"damage":8.0,"enemies":"Lagavulin","floor":13.0,"turns":6.0},{"damage":0.0,"enemies":"Red Slaver","floor":14.0,"turns":1.0},{"damage":6.0,"enemies":"Slime Boss","floor":16.0,"turns":6.0},{"damage":1.0,"enemies":"Spheric Guardian","floor":18.0,"turns":6.0},{"damage":0.0,"enemies":"Chosen","floor":19.0,"turns":3.0},{"damage":4.0,"enemies":"Snake Plant","floor":21.0,"turns":3.0},{"damage":1.0,"enemies":"Snecko","floor":22.0,"turns":4.0},{"damage":14.0,"enemies":"Book of Stabbing","floor":23.0,"turns":7.0},{"damage":6.0,"enemies":"Slavers","floor":25.0,"turns":6.0},{"damage":0.0,"enemies":"Gremlin Leader","floor":28.0,"turns":6.0},{"damage":24.0,"enemies":"Shelled Parasite and Fungi","floor":30.0,"turns":3.0},{"damage":0.0,"enemies":"Snake Plant","floor":31.0,"turns":4.0},{"damage":9.0,"enemies":"Champ","floor":33.0,"turns":14.0},{"damage":15,"enemies":"3 Shapes","floor":35,"turns":3},{"damage":2,"enemies":"3 Darklings","floor":36,"turns":4},{"damage":0,"enemies":"4 Shapes","floor":38,"turns":4},{"damage":0,"enemies":"Sphere and 2 Shapes","floor":39,"turns":4},{"damage":5,"enemies":"Giant Head","floor":41,"turns":10},{"damage":13,"enemies":"Nemesis","floor":44,"turns":7},{"damage":0,"enemies":"Jaw Worm Horde","floor":45,"turns":4},{"damage":2,"enemies":"Spire Growth","floor":48,"turns":5},{"damage":32,"enemies":"Time Eater","floor":50,"turns":14},{"damage":31,"enemies":"Donu and Deca","floor":51,"turns":12}],"seed_played":"3828342525019716048","potions_obtained":[{"floor":1.0,"key":"Energy Potion"},{"floor":11.0,"key":"Strength Potion"},{"floor":14.0,"key":"Weak Potion"},{"floor":16.0,"key":"Strength Potion"},{"floor":35,"key":"SpeedPotion"}],"is_trial":false,"path_per_floor":["M","M","M","M","$","E","?","R","T","M","M","R","E","M","R","B",null,"M","M","?","M","M","E","R","E","T","R","E","R","M","M","R","B",null,"M","M","$","M","M","R","E","R","T","E","M","?","T","M","R","B","B",null],"character_chosen":"THE_SILENT","items_purchased":["Explosive Potion","Meat on the Bone","Noxious Fumes","TwistedFunnel"],"campfire_rested":2,"item_purchase_floors":[5,37,37,37],"current_hp_per_floor":[58,58,46,39,39,31,31,31,31,31,31,31,23,23,23,17,54,53,53,53,49,48,34,53,47,47,47,47,47,23,23,23,14,53,38,36,36,36,36,36,43,43,43,49,49,49,49,47,67,35,16],"gold":234,"neow_bonus":"BOSS_RELIC","is_daily":false,"chose_seed":false,"campfire_upgraded":8,"win_rate":0.0,"timestamp":1610588427,"path_taken":["M","M","M","M","$","E","?","R","T","M","?","R","E","M","R","BOSS","M","M","?","M","M","E","R","E","T","R","E","R","M","M","R","BOSS","M","?","$","M","M","R","E","R","T","E","M","?","?","?","R","BOSS","BOSS"],"items_purchased_type":["Potion","Relic","Card","Relic"],"build_version":"2020-12-22","purchased_purges":2,"victory":true,"max_hp_per_floor":[66,66,66,66,66,66,66,66,66,66,66,66,66,66,66,66,66,66,66,66,66,66,66,66,66,66,66,66,66,66,66,66,66,66,66,66,66,66,66,66,66,66,66,73,73,69,69,69,69,69,69],"relic_stats":{"Gremlin Horn":[13,13],"counters":[30,156],"Dead Branch":[98],"Pandora\u0027s Box":["Caltrops","Doppelganger","Burst","Grand Finale","Wraith Form v2","Flying Knee","Skewer","A Thousand Cuts","Glass Knife","Glass Knife"],"Snake Skull":[146],"Nloth\u0027s Gift":3,"Letter Opener":[67],"Boot":[111],"obtain_stats":[{"TwistedFunnel":37,"Gremlin Horn":28,"Dead Branch":25,"Oddly Smooth Stone":23,"Snake Skull":26,"Letter Opener":43,"Boot":9,"MawBank":13,"Empty Cage":34,"Mercury Hourglass":6,"Ninja Scroll":41,"Strawberry":44,"Pandora\u0027s Box":0,"Nloth\u0027s Gift":20,"Toxic Egg 2":47,"Ring of the Snake":0,"Runic Pyramid":17,"Meat on the Bone":37},{"TwistedFunnel":22,"Gremlin Horn":17,"Dead Branch":16,"Oddly Smooth Stone":15,"Snake Skull":16,"Letter Opener":25,"Boot":5,"MawBank":8,"Empty Cage":20,"Mercury Hourglass":5,"Ninja Scroll":25,"Strawberry":26,"Pandora\u0027s Box":0,"Nloth\u0027s Gift":12,"Toxic Egg 2":27,"Ring of the Snake":0,"Runic Pyramid":10,"Meat on the Bone":22},{"TwistedFunnel":96,"Gremlin Horn":68,"Dead Branch":62,"Oddly Smooth Stone":56,"Snake Skull":62,"Letter Opener":114,"Boot":16,"MawBank":26,"Empty Cage":89,"Mercury Hourglass":16,"Ninja Scroll":114,"Strawberry":121,"Pandora\u0027s Box":0,"Nloth\u0027s Gift":42,"Toxic Egg 2":125,"Ring of the Snake":0,"Runic Pyramid":33,"Meat on the Bone":96}],"Mercury Hourglass":[425],"Meat on the Bone":36},"card_choices":[{"not_picked":["Outmaneuver","Poisoned Stab"],"picked":"Footwork","floor":1.0},{"not_picked":["Underhanded Strike","Tactician","Accuracy"],"picked":"SKIP","floor":2.0},{"not_picked":["Distraction","Flechettes"],"picked":"PiercingWail","floor":3.0},{"not_picked":["Outmaneuver","Slice"],"picked":"Escape Plan","floor":4.0},{"not_picked":["Cloak And Dagger","Flying Knee"],"picked":"Die Die Die","floor":6.0},{"not_picked":["Flying Knee","Backstab"],"picked":"Deflect","floor":10.0},{"not_picked":["Dagger Spray","Endless Agony"],"picked":"PiercingWail","floor":11.0},{"not_picked":["Choke","All Out Attack"],"picked":"Cloak And Dagger","floor":13.0},{"not_picked":["Blade Dance","Cloak And Dagger"],"picked":"Crippling Poison","floor":14.0},{"not_picked":["Bullet Time","A Thousand Cuts"],"picked":"After Image","floor":16.0},{"not_picked":["PiercingWail","Riddle With Holes","All Out Attack"],"picked":"SKIP","floor":18.0},{"not_picked":["Acrobatics+1","Expertise","Finisher"],"picked":"SKIP","floor":19.0},{"not_picked":["Tactician","Terror"],"picked":"Leg Sweep","floor":21.0},{"not_picked":["Caltrops+1","PiercingWail","Accuracy+1"],"picked":"SKIP","floor":22.0},{"not_picked":["Accuracy","Concentrate"],"picked":"Escape Plan","floor":23.0},{"not_picked":["Reflex","Envenom"],"picked":"Outmaneuver+1","floor":25.0},{"not_picked":["Heel Hook","Dagger Spray"],"picked":"Deflect","floor":28.0},{"not_picked":["PiercingWail","Bane"],"picked":"Bouncing Flask","floor":30.0},{"not_picked":["Flying Knee+1","Skewer"],"picked":"Footwork","floor":31.0},{"not_picked":["Envenom","Burst"],"picked":"Malaise","floor":33.0},{"not_picked":["Distraction+1","Slice","Outmaneuver"],"picked":"SKIP","floor":35},{"not_picked":["Acrobatics","Deflect"],"picked":"PiercingWail","floor":36},{"not_picked":["Crippling Poison","Finisher+1","Reflex"],"picked":"SKIP","floor":38},{"not_picked":["Eviscerate","Dagger Throw","Outmaneuver+1"],"picked":"SKIP","floor":39},{"not_picked":["Terror","Dagger Spray","Quick Slash"],"picked":"SKIP","floor":41},{"not_picked":["Grand Finale","Underhanded Strike+1"],"picked":"After Image","floor":44},{"not_picked":["Heel Hook","Backstab","Outmaneuver"],"picked":"SKIP","floor":45},{"not_picked":["Quick Slash","Endless Agony","Poisoned Stab"],"picked":"SKIP","floor":48}],"player_experience":70082,"relics_obtained":[{"floor":6.0,"key":"Mercury Hourglass"},{"floor":9.0,"key":"Boot"},{"floor":13.0,"key":"MawBank"},{"floor":23.0,"key":"Oddly Smooth Stone"},{"floor":25.0,"key":"Dead Branch"},{"floor":26.0,"key":"Snake Skull"},{"floor":28.0,"key":"Gremlin Horn"},{"floor":41,"key":"Ninja Scroll"},{"floor":43,"key":"Letter Opener"},{"floor":44,"key":"Strawberry"},{"floor":47,"key":"Toxic Egg 2"}],"event_choices":[{"damage_healed":0.0,"max_hp_gain":0.0,"max_hp_loss":0.0,"gold_gain":0.0,"cards_transformed":["Grand Finale"],"event_name":"Transmorgrifier","player_choice":"Transformed","floor":7.0,"gold_loss":0.0,"damage_taken":0.0,"cards_obtained":["Dagger Throw"]},{"damage_healed":0.0,"max_hp_gain":0.0,"max_hp_loss":0.0,"gold_gain":0.0,"event_name":"N\u0027loth","player_choice":"Traded Relic","floor":20.0,"relics_lost":["MawBank"],"gold_loss":0.0,"damage_taken":0.0,"relics_obtained":["Nloth\u0027s Gift"]},{"damage_healed":0,"gold_gain":0,"player_choice":"Max HP","damage_taken":0,"max_hp_gain":0,"max_hp_loss":4,"event_name":"Winding Halls","floor":46,"gold_loss":0}],"is_beta":false,"boss_relics":[{"not_picked":["SlaversCollar","Calling Bell"],"picked":"Runic Pyramid"},{"not_picked":["SacredBark","WristBlade"],"picked":"Empty Cage"}],"items_purged_floors":[5,37],"is_endless":false,"potions_floor_spawned":[1,6,10,11,14,16,19,21,22,28,35,44,45],"ascension_level":20}}