{"host":"appz8zkad29u9482","time":1610652669,"event":{"mods":["2.2 Compatiblity","Act Like it!","Aspiration","BaseMod","Beaked The Cultist","Better Altar","Better Match","Better Note","Better Skull","Better Third Choice","BetterRewards","CapriCore","Conspire","Disable Question Mark Monsters","Energized Spire","Gensokyo","GifTheSpireLib","Gold Saver","Halation","Hermit","Hubris","Infinite Spire","Jedi Mod","Marisa????????","Minty Spire (QoL Compilation)","Permanent Neow","Reimu??????","Replay The Spire","Somnambulant","Spicy Shops","StSLib","Strawberry Spire","Stuff the Spire","The Administrix","The Animator","The Cursed","The Hierophant","The Immortal","yUi"],"gold_per_floor":[481,494,553,564,564,610,369,388,388,388,388,417,445,345,345,490,490,518,545,545,545,571,571,624,624,624,624,692,178,205,205,205,336,336,378,460,509,534,534,699,213,213,213,213,141,185,253,349,349,465],"floor_reached":51,"language":"ENG","playtime":3024,"items_purged":[],"score":1219,"play_id":"c973dcc9-3d47-4bcc-8c14-607ee8d1f801","local_time":"20210114093109","is_ascension_mode":true,"campfire_choices":[{"floor":11,"key":"REST"},{"floor":15,"key":"REST"},{"data":"MagicChant","floor":23,"key":"SMITH"},{"floor":25,"key":"REST"},{"floor":32,"key":"REST"},{"floor":42,"key":"REST"},{"data":"ManaRampage","floor":44,"key":"SMITH"},{"data":"ReplayTheSpireMod:Black Plague","floor":49,"key":"SMITH"}],"circlet_count":0,"master_deck":["Strike_MRS","Defend_MRS","Defend_MRS","Defend_MRS","Defend_MRS","MasterSpark","UpSweep","DeepEcoloBomb","Acceleration","DeepEcoloBomb","WitchOfGreed","GrandCross","UltimateShortwave","Robbery","WitchOfGreed","MillisecondPulsars+1","FairyDestructionRay","Ghostly","BinaryStars","SprinkleStarSeal+1","SporeBomb","MagicChant+1","Insight","ReplayTheSpireMod:Black Plague+1","AsteroidBelt+1","ManaRampage+1","AbeCurse","Robbery+1","BlazeAway+1","Acceleration+1","UltimateShortwave","BlazingStar","EscapeVelocity+1","AsteroidBelt+1","AsteroidBelt"],"relics":["MiniHakkero","strawberrySpire:ShipInABottle","Replay:Bottled Snecko","Philosopher\u0027s Stone","Bottled Flame","Replay:Rubber Ducky","ReplayFunnel","infinitespire:EvilPickle","Abe\u0027s Treasure","aspiration:SneckoTail","Regal Pillow","Bag of Marbles","Juzu Bracelet","Frozen Egg 2","hubris:MobiusCoin","strawberrySpire:DirtyLipstick","Happy Flower"],"acts_visited":["Exordium","TheCity","TheBeyond"],"potions_floor_usage":[6,12,13,13,18,19,22,24,28,28,28,30,30,33,35,36,37,40,46,47,50,50,50],"damage_taken":[{"damage":1,"enemies":"Jaw Worm","floor":1,"turns":4},{"damage":5,"enemies":"Small Slimes","floor":2,"turns":3},{"damage":7,"enemies":"infinitespire:Voidling","floor":4,"turns":4},{"damage":20,"enemies":"Gremlin Nob","floor":6,"turns":4},{"damage":10,"enemies":"2 Fungi Beasts","floor":8,"turns":3},{"damage":0,"enemies":"Looter","floor":12,"turns":2},{"damage":7,"enemies":"Large Slime","floor":13,"turns":3},{"damage":40,"enemies":"Fading Forest","floor":16,"turns":11},{"damage":11,"enemies":"2 Thieves","floor":18,"turns":3},{"damage":0,"enemies":"Chosen","floor":19,"turns":3},{"damage":8,"enemies":"Centurion and Healer","floor":22,"turns":3},{"damage":6,"enemies":"Snake Plant","floor":24,"turns":4},{"damage":33,"enemies":"conspire:Head Lice","floor":28,"turns":4},{"damage":0,"enemies":"Replay:Snechameleon","floor":30,"turns":2},{"damage":3,"enemies":"Pondfish","floor":33,"turns":7},{"damage":2,"enemies":"3 Shapes","floor":35,"turns":2},{"damage":15,"enemies":"2 Orb Walkers","floor":36,"turns":5},{"damage":2,"enemies":"Orb Walker","floor":37,"turns":2},{"damage":7,"enemies":"Reptomancer","floor":40,"turns":4},{"damage":0,"enemies":"Nemesis","floor":46,"turns":2},{"damage":4,"enemies":"Jaw Worm Horde","floor":47,"turns":4},{"damage":0,"enemies":"conspire:MimicChest","floor":48,"turns":2},{"damage":57,"enemies":"conspire:OrnateMirror","floor":50,"turns":4}],"seed_played":"-661611366316113537","potions_obtained":[{"floor":1,"key":"Swift Potion"},{"floor":3,"key":"jedi:tentaclejuice"},{"floor":3,"key":"ShroomBrew"},{"floor":6,"key":"SteroidPotion"},{"floor":16,"key":"PowerPotion"},{"floor":16,"key":"Fire Potion"},{"floor":18,"key":"infinitespire:BlackPotion"},{"floor":18,"key":"Languid Potion"},{"floor":22,"key":"BlessingOfTheForge"},{"floor":22,"key":"LiquidBronze"},{"floor":24,"key":"Swift Potion"},{"floor":28,"key":"ColorlessPotion"},{"floor":28,"key":"AttackPotion"},{"floor":30,"key":"Swift Potion"},{"floor":33,"key":"Fire Potion"},{"floor":33,"key":"Weak Potion"},{"floor":35,"key":"Block Potion"},{"floor":36,"key":"jedi:StrikingPotion"},{"floor":40,"key":"jedi:StrikingPotion"},{"floor":40,"key":"Block Potion"},{"floor":40,"key":"GamblersBrew"},{"floor":47,"key":"GamblersBrew"},{"floor":47,"key":"Venom Potion"}],"is_trial":false,"path_per_floor":["M","M","?","M","?","E","$","M","T","?","R","M","M","?","R","B",null,"M","M","?","?","M","R","M","R","T","?","E","?","E","T","R","B",null,"M","?","M","T","?","E","$","R","T","R","$","E","M","?","R","B",null],"character_chosen":"MARISA","items_purchased":["UltimateShortwave","Robbery","WitchOfGreed","Juzu Bracelet","UltimateShortwave","Frozen Egg 2","BlazingStar"],"campfire_rested":5,"item_purchase_floors":[7,7,7,41,41,41,45],"current_hp_per_floor":[74,69,39,32,32,12,12,2,2,2,24,24,17,17,39,9,75,64,64,64,64,56,56,50,72,72,72,39,39,39,39,61,58,75,73,58,56,56,56,49,49,75,75,75,75,75,71,71,71,14],"gold":465,"neow_bonus":"HUNDRED_GOLD","is_daily":false,"chose_seed":false,"campfire_upgraded":3,"win_rate":0.0,"timestamp":1610652669,"path_taken":["M","M","?","M","?","E","$","M","T","?","R","M","?","?","R","BOSS","M","M","?","?","?","R","M","R","T","?","E","?","E","?","R","BOSS","M","?","M","?","?","E","$","R","T","R","$","E","M","?","R","BOSS"],"items_purchased_type":["Card","Card","Card","Relic","Card","Relic","Card"],"build_version":"2020-12-22","purchased_purges":0,"victory":true,"max_hp_per_floor":[75,75,75,75,75,75,75,75,75,75,75,75,75,75,75,75,75,75,75,75,75,75,75,75,75,75,75,75,75,75,75,75,75,75,75,75,75,75,75,75,75,75,75,75,75,75,75,75,75,75],"card_choices":[{"not_picked":["UnstableBomb","GravityBeat"],"picked":"DeepEcoloBomb","floor":1},{"not_picked":["EscapeVelocity","DoubleSpark"],"picked":"Acceleration","floor":2},{"not_picked":["MilkyWay","SuperPerseids"],"picked":"DeepEcoloBomb","floor":3},{"not_picked":["DarkSpark","PowerUp"],"picked":"WitchOfGreed","floor":4},{"not_picked":["Orbital","MysteriousBeam"],"picked":"GrandCross","floor":6},{"not_picked":["Acceleration","ChargingUp","PowerUp+1"],"picked":"SKIP","floor":8},{"not_picked":["MachineGunSpark","SporeBomb"],"picked":"MillisecondPulsars+1","floor":12},{"not_picked":["ManaConvection","ChargeUpSpray+1"],"picked":"FairyDestructionRay","floor":13},{"not_picked":["JA+1","CollectingQuirk"],"picked":"BinaryStars","floor":16},{"not_picked":["PowerUp+1","PropBag+1"],"picked":"SprinkleStarSeal+1","floor":18},{"not_picked":["PowerUp+1","AsteroidBelt"],"picked":"SporeBomb","floor":19},{"not_picked":["GravityBeat","FairyDestructionRay","NonDirectionalLaser+1"],"picked":"SKIP","floor":22},{"not_picked":["DragonMeteor+1","UnstableBomb","GravityBeat+1"],"picked":"SKIP","floor":24},{"not_picked":["MeteoricShower","SporeBomb+1","Occultation"],"picked":"SKIP","floor":28},{"not_picked":["infinitespire:DeathsTouch","infinitespire:FinalStrike"],"picked":"ReplayTheSpireMod:Black Plague","floor":29},{"not_picked":["IllusionStar","DoubleSpark"],"picked":"AsteroidBelt+1","floor":30},{"not_picked":["AbsoluteMagnitude+1","BinaryStars"],"picked":"ManaRampage","floor":33},{"not_picked":["OrrerysSun+1","MysteriousBeam+1"],"picked":"Robbery+1","floor":35},{"not_picked":["MachineGunSpark+1","IllusionStar+1"],"picked":"BlazeAway+1","floor":37},{"not_picked":["ChargingUp+1","ShootTheMoon+1"],"picked":"Acceleration+1","floor":40},{"not_picked":["Orbital+1","DarkSpark+1"],"picked":"EscapeVelocity+1","floor":46},{"not_picked":["MilkyWay+1","DarkMatter+1"],"picked":"AsteroidBelt+1","floor":47},{"not_picked":["FairyDestructionRay","ShootingEcho+1"],"picked":"AsteroidBelt","floor":48}],"player_experience":566722,"relics_obtained":[{"floor":6,"key":"strawberrySpire:ShipInABottle"},{"floor":9,"key":"Replay:Bottled Snecko"},{"floor":26,"key":"Bottled Flame"},{"floor":28,"key":"Replay:Rubber Ducky"},{"floor":30,"key":"ReplayFunnel"},{"floor":36,"key":"aspiration:SneckoTail"},{"floor":38,"key":"Regal Pillow"},{"floor":40,"key":"Bag of Marbles"},{"floor":43,"key":"hubris:MobiusCoin"},{"floor":46,"key":"strawberrySpire:DirtyLipstick"},{"floor":48,"key":"Happy Flower"}],"event_choices":[{"cards_removed":["Strike_MRS"],"damage_healed":0,"gold_gain":0,"player_choice":"Purged","damage_taken":0,"max_hp_gain":0,"max_hp_loss":0,"event_name":"Purifier","floor":10,"gold_loss":0},{"damage_healed":0,"gold_gain":0,"player_choice":"Argue","damage_taken":0,"max_hp_gain":0,"max_hp_loss":0,"event_name":"conspire:LoneGhost","floor":14,"gold_loss":0},{"damage_healed":0,"gold_gain":0,"cards_transformed":["Strike_MRS","Strike_MRS"],"player_choice":"Became Test Subject","damage_taken":0,"max_hp_gain":0,"max_hp_loss":0,"event_name":"Drug Dealer","floor":20,"gold_loss":0,"cards_obtained":["FairyDestructionRay","MagicChant"]},{"cards_removed":["FairyDestructionRay"],"damage_healed":0,"gold_gain":0,"player_choice":"Purged","damage_taken":0,"max_hp_gain":0,"max_hp_loss":0,"event_name":"Purifier","floor":21,"gold_loss":0},{"damage_healed":0,"gold_gain":0,"player_choice":"Insight","damage_taken":0,"max_hp_gain":0,"max_hp_loss":0,"event_name":"betterThird:BetterWriting","floor":27,"gold_loss":0,"cards_obtained":["Insight"]},{"damage_healed":0,"gold_gain":0,"player_choice":"Fight","damage_taken":0,"max_hp_gain":0,"max_hp_loss":0,"event_name":"Mysterious Sphere","floor":36,"gold_loss":0}],"is_beta":false,"boss_relics":[{"not_picked":["jedi:paperlyon","aspiration:SecretTechniqueScroll"],"picked":"Philosopher\u0027s Stone"},{"not_picked":["SacredBark","strawberrySpire:JuiceKeg"],"picked":"Abe\u0027s Treasure"}],"items_purged_floors":[],"is_endless":false,"potions_floor_spawned":[1,8,18,22,30,35,40,47],"ascension_level":1}}