{"host":"5p9hybygolzp0efr","time":1610630428,"event":{"mods":["BaseMod","Colored Map","Googly Eyes","Minty Spire (QoL Compilation)","Relic Stats"],"gold_per_floor":[114,124,144,75,75,110,129,147,147,159,159,175,206,91,91,191,191,209,209,209,209,209,209,155,155,155,182,182,182,199,199,199,295,295,315,365,415,435,435,435],"floor_reached":39,"language":"ENG","playtime":2942,"items_purged":["Pain"],"score":407,"play_id":"7c149b9a-5f94-4d73-8237-ab7dd441608d","local_time":"20210114212028","is_ascension_mode":false,"campfire_choices":[{"data":"Eruption","floor":11.0,"key":"SMITH"},{"data":"TalkToTheHand","floor":15.0,"key":"SMITH"},{"data":"Conclude","floor":23.0,"key":"SMITH"},{"floor":25.0,"key":"REST"},{"data":"ClearTheMind","floor":29.0,"key":"SMITH"},{"data":"Meditate","floor":32.0,"key":"SMITH"}],"circlet_count":0,"master_deck":["Strike_P","Strike_P","Strike_P","Strike_P","Defend_P+1","Defend_P","Defend_P","Eruption+1","Vigilance+1","BowlingBash+1","CutThroughFate","Protect","EmptyMind","Conclude+1","ClearTheMind+1","Halt+1","Consecrate","ThirdEye","TalkToTheHand+1","DevaForm","Crescendo+1","Necronomicurse","Prostrate","EmptyFist","Meditate+1","LessonLearned","FlurryOfBlows+1"],"relics":["PureWater","WarpedTongs","Calipers","HornCleat","InkBottle","Cursed Key","Necronomicon","MutagenicStrength","Art of War","Velvet Choker","Incense Burner","CaptainsWheel"],"acts_visited":["Exordium","TheCity","TheBeyond"],"potions_floor_usage":[],"damage_taken":[{"damage":0.0,"enemies":"Cultist","floor":1.0,"turns":4.0},{"damage":0.0,"enemies":"Jaw Worm","floor":2.0,"turns":2.0},{"damage":0.0,"enemies":"Small Slimes","floor":3.0,"turns":3.0},{"damage":13.0,"enemies":"Gremlin Nob","floor":6.0,"turns":3.0},{"damage":4.0,"enemies":"Looter","floor":7.0,"turns":5.0},{"damage":1.0,"enemies":"Large Slime","floor":8.0,"turns":5.0},{"damage":2.0,"enemies":"2 Fungi Beasts","floor":10.0,"turns":3.0},{"damage":11.0,"enemies":"Exordium Thugs","floor":12.0,"turns":6.0},{"damage":5.0,"enemies":"3 Sentries","floor":13.0,"turns":4.0},{"damage":13.0,"enemies":"The Guardian","floor":16.0,"turns":11.0},{"damage":2.0,"enemies":"Shell Parasite","floor":18.0,"turns":4.0},{"damage":9.0,"enemies":"Slavers","floor":27.0,"turns":4.0},{"damage":2.0,"enemies":"Chosen","floor":30.0,"turns":3.0},{"damage":28.0,"enemies":"Automaton","floor":33.0,"turns":11.0},{"damage":1.0,"enemies":"3 Shapes","floor":35.0,"turns":4.0},{"damage":59.0,"enemies":"2 Orb Walkers","floor":36.0,"turns":8.0},{"damage":3.0,"enemies":"Mind Bloom Boss Battle","floor":37.0,"turns":8.0},{"damage":4.0,"enemies":"3 Darklings","floor":38.0,"turns":3.0},{"damage":40,"enemies":"Jaw Worm Horde","floor":39,"turns":4}],"seed_played":"-2744056112442001333","potions_obtained":[{"floor":2.0,"key":"Swift Potion"},{"floor":7.0,"key":"Weak Potion"},{"floor":8.0,"key":"ColorlessPotion"},{"floor":27.0,"key":"SpeedPotion"},{"floor":35.0,"key":"EssenceOfSteel"}],"is_trial":false,"path_per_floor":["M","M","M","$","?","E","M","M","T","M","R","M","E","$","R","B",null,"M","?","?","?","?","R","$","R","T","E","?","R","M","?","R","B",null,"M","?","?","M","M"],"character_chosen":"WATCHER","items_purchased":["EmptyMind","TalkToTheHand","Prostrate"],"campfire_rested":1,"item_purchase_floors":[4,14,24],"current_hp_per_floor":[79,79,79,79,79,66,62,61,61,59,59,48,43,43,43,30,79,77,61,61,61,46,46,46,71,71,62,62,62,60,60,60,32,84,83,24,21,17,0,0],"gold":435,"neow_bonus":"TEN_PERCENT_HP_BONUS","is_daily":false,"chose_seed":false,"campfire_upgraded":5,"win_rate":0.0,"timestamp":1610630428,"path_taken":["M","M","M","?","?","E","M","?","T","M","R","M","E","$","R","BOSS","M","?","?","?","?","R","$","R","T","E","?","R","?","?","R","BOSS","M","?","?","M","M"],"items_purchased_type":["Card","Card","Card"],"build_version":"2020-12-22","purchased_purges":1,"victory":false,"max_hp_per_floor":[79,79,79,79,79,79,79,79,79,79,79,79,79,79,79,79,79,79,79,79,79,84,84,84,84,84,84,84,84,84,84,84,84,84,84,84,84,84,84,84],"relic_stats":{"counters":[19,95],"Necronomicon":[4],"Art of War":[2],"Cursed Key":0,"obtain_stats":[{"CaptainsWheel":37,"Calipers":6,"HornCleat":9,"MutagenicStrength":20,"Velvet Choker":34,"Necronomicon":19,"Art of War":27,"Incense Burner":36,"PureWater":0,"Cursed Key":17,"InkBottle":13,"WarpedTongs":5},{"CaptainsWheel":17,"Calipers":4,"HornCleat":6,"MutagenicStrength":11,"Velvet Choker":14,"Necronomicon":11,"Art of War":12,"Incense Burner":16,"PureWater":0,"Cursed Key":10,"InkBottle":9,"WarpedTongs":3},{"CaptainsWheel":88,"Calipers":12,"HornCleat":22,"MutagenicStrength":50,"Velvet Choker":68,"Necronomicon":50,"Art of War":54,"Incense Burner":80,"PureWater":0,"Cursed Key":46,"InkBottle":35,"WarpedTongs":9}],"InkBottle":[25],"WarpedTongs":[86]},"card_choices":[{"not_picked":["Consecrate","Vengeance"],"picked":"BowlingBash","floor":1.0},{"not_picked":["ForeignInfluence","ThirdEye"],"picked":"CutThroughFate","floor":2.0},{"not_picked":["Prostrate","FlurryOfBlows"],"picked":"Protect","floor":3.0},{"not_picked":["Omniscience","EmptyBody"],"picked":"Conclude","floor":6.0},{"not_picked":["PathToVictory","Evaluate"],"picked":"ClearTheMind","floor":7.0},{"not_picked":["FollowUp","Nirvana"],"picked":"Halt","floor":8.0},{"not_picked":["Collect","CrushJoints"],"picked":"Consecrate","floor":10.0},{"not_picked":["Sanctity","ReachHeaven","PathToVictory"],"picked":"SKIP","floor":12.0},{"not_picked":["Weave","EmptyBody"],"picked":"ThirdEye","floor":13.0},{"not_picked":["Omniscience","Judgement"],"picked":"DevaForm","floor":16.0},{"not_picked":["InnerPeace","BattleHymn"],"picked":"Crescendo+1","floor":18.0},{"not_picked":["FollowUp","ThirdEye+1","Crescendo"],"picked":"SKIP","floor":27.0},{"not_picked":["FlyingSleeves","Protect"],"picked":"EmptyFist","floor":30.0},{"not_picked":["Scrawl","DeusExMachina"],"picked":"LessonLearned","floor":33.0},{"not_picked":["Halt","WreathOfFlame+1","Evaluate"],"picked":"SKIP","floor":35.0},{"not_picked":["JustLucky","EmptyFist+1"],"picked":"FlurryOfBlows+1","floor":38.0}],"player_experience":440001,"relics_obtained":[{"floor":6.0,"key":"Calipers"},{"floor":9.0,"key":"HornCleat"},{"floor":13.0,"key":"InkBottle"},{"floor":19.0,"key":"Necronomicon"},{"floor":27.0,"key":"Art of War"},{"floor":36.0,"key":"Incense Burner"},{"floor":37.0,"key":"CaptainsWheel"}],"event_choices":[{"damage_healed":0.0,"max_hp_gain":0.0,"max_hp_loss":0.0,"gold_gain":0.0,"event_name":"Accursed Blacksmith","player_choice":"Rummage","floor":5.0,"gold_loss":0.0,"damage_taken":0.0,"relics_obtained":["WarpedTongs"],"cards_obtained":["Pain"]},{"damage_healed":0.0,"max_hp_gain":0.0,"max_hp_loss":0.0,"gold_gain":0.0,"event_name":"Cursed Tome","player_choice":"Obtained Book","floor":19.0,"gold_loss":0.0,"damage_taken":16.0},{"damage_healed":0.0,"max_hp_gain":0.0,"max_hp_loss":0.0,"gold_gain":0.0,"event_name":"Drug Dealer","player_choice":"Inject Mutagens","floor":20.0,"gold_loss":0.0,"damage_taken":0.0,"relics_obtained":["MutagenicStrength"]},{"damage_healed":0.0,"max_hp_gain":0.0,"max_hp_loss":0.0,"gold_gain":0.0,"event_name":"Vampires","player_choice":"Ignored","floor":21.0,"gold_loss":0.0,"damage_taken":0.0},{"damage_healed":0.0,"max_hp_gain":5.0,"max_hp_loss":0.0,"gold_gain":0.0,"event_name":"Forgotten Altar","player_choice":"Shed Blood","floor":22.0,"gold_loss":0.0,"damage_taken":20.0},{"cards_removed":["Defend_P"],"damage_healed":0.0,"max_hp_gain":0.0,"max_hp_loss":0.0,"gold_gain":0.0,"event_name":"Bonfire Elementals","player_choice":"Offered Basic","floor":28.0,"gold_loss":0.0,"damage_taken":0.0},{"damage_healed":0.0,"max_hp_gain":0.0,"max_hp_loss":0.0,"gold_gain":0.0,"event_name":"The Library","player_choice":"Read","floor":31.0,"gold_loss":0.0,"damage_taken":0.0,"cards_obtained":["Meditate"]},{"damage_healed":0.0,"max_hp_gain":0.0,"max_hp_loss":0.0,"gold_gain":0.0,"event_name":"Mysterious Sphere","player_choice":"Fight","floor":36.0,"gold_loss":0.0,"damage_taken":0.0},{"damage_healed":0.0,"max_hp_gain":0.0,"max_hp_loss":0.0,"gold_gain":0.0,"event_name":"MindBloom","player_choice":"Fight","floor":37.0,"gold_loss":0.0,"damage_taken":0.0}],"is_beta":false,"boss_relics":[{"not_picked":["Fusion Hammer","SacredBark"],"picked":"Cursed Key"},{"not_picked":["Black Star","Runic Dome"],"picked":"Velvet Choker"}],"items_purged_floors":[14],"is_endless":false,"potions_floor_spawned":[2,7,8,16,27,35],"killed_by":"Jaw Worm Horde","ascension_level":0}}