{"host":"mai03x2ekbjy4059","time":1610599680,"event":{"mods":["2.2 Compatiblity","BaseMod","DeckTracker","Highlight Path","Keyboard Shortcuts","Minty Spire (QoL Compilation)","Permanent Neow","Quick Restart","SuperFastMode","everything is the same but u backflip on backflip"],"gold_per_floor":[19,30,30,30,40,40,68,68,68,93,93,112,144,162,162,239,239,251,137,137,137],"floor_reached":20,"language":"KOR","playtime":542,"items_purged":["Strike_P"],"score":426,"play_id":"178f1092-9f99-4779-94e5-19fc41e91626","local_time":"20210114134800","is_ascension_mode":true,"campfire_choices":[{"data":"Study","floor":6,"key":"SMITH"},{"data":"BattleHymn","floor":8,"key":"SMITH"},{"data":"Prostrate","floor":11,"key":"SMITH"},{"floor":15,"key":"REST"}],"circlet_count":0,"master_deck":["AscendersBane","Strike_P","Strike_P","Strike_P","Defend_P","Defend_P","Defend_P","Defend_P","Eruption","Vigilance","Brilliance","Study+1","BattleHymn+1","Prostrate+1","CurseOfTheBell","Adaptation","Writhe"],"relics":["PureWater","Molten Egg 2","Singing Bowl","Matryoshka","Darkstone Periapt","Calling Bell","Toy Ornithopter","Question Card","Incense Burner","InkBottle"],"acts_visited":["Exordium","TheCity"],"potions_floor_usage":[7,14],"damage_taken":[{"damage":0,"enemies":"Cultist","floor":1,"turns":2},{"damage":1,"enemies":"2 Louse","floor":2,"turns":4},{"damage":7,"enemies":"Small Slimes","floor":5,"turns":4},{"damage":0,"enemies":"Lagavulin","floor":7,"turns":4},{"damage":17,"enemies":"3 Sentries","floor":10,"turns":10},{"damage":1,"enemies":"Red Slaver","floor":12,"turns":3},{"damage":30,"enemies":"Lagavulin","floor":13,"turns":4},{"damage":3,"enemies":"Exordium Thugs","floor":14,"turns":5},{"damage":24,"enemies":"Slime Boss","floor":16,"turns":6},{"damage":28,"enemies":"Spheric Guardian","floor":18,"turns":5}],"seed_played":"5514346766541246308","potions_obtained":[{"floor":1,"key":"FearPotion"},{"floor":13,"key":"LiquidMemories"},{"floor":16,"key":"SteroidPotion"}],"is_trial":false,"path_per_floor":["M","M","$","$","M","R","E","R","T","E","R","M","E","M","R","B",null,"M","$","?"],"character_chosen":"WATCHER","items_purchased":["Adaptation"],"campfire_rested":1,"item_purchase_floors":[19],"current_hp_per_floor":[61,60,60,60,53,53,53,53,53,36,36,37,9,8,30,8,65,39,39,45,45],"gold":137,"neow_bonus":"THREE_RARE_CARDS","is_daily":false,"chose_seed":false,"campfire_upgraded":3,"win_rate":0.0,"timestamp":1610599680,"path_taken":["M","M","?","$","?","R","E","R","T","E","R","M","E","M","R","BOSS","M","$","?"],"items_purchased_type":["Card"],"build_version":"2020-12-22","purchased_purges":1,"victory":false,"max_hp_per_floor":[68,68,68,68,68,68,68,68,68,68,68,70,72,74,74,76,82,84,84,90,90],"card_choices":[{"not_picked":["DeusExMachina","LessonLearned"],"picked":"Brilliance","floor":0},{"not_picked":["SignatureMove","FlyingSleeves"],"picked":"Study","floor":1},{"not_picked":["ReachHeaven","SignatureMove"],"picked":"BattleHymn","floor":2},{"not_picked":["ThirdEye","FlyingSleeves","WaveOfTheHand"],"picked":"SKIP","floor":5},{"not_picked":["FlurryOfBlows+1","Perseverance","FearNoEvil+1"],"picked":"SKIP","floor":7},{"not_picked":["Wallop+1","CarveReality+1"],"picked":"Prostrate","floor":10},{"not_picked":["BowlingBash+1","EmptyFist+1","SashWhip+1"],"picked":"Singing Bowl","floor":12},{"not_picked":["Collect","Consecrate+1","CrushJoints+1"],"picked":"Singing Bowl","floor":13},{"not_picked":["PathToVictory","SignatureMove+1","Judgement"],"picked":"Singing Bowl","floor":14},{"not_picked":["Omniscience","Ragnarok+1","LessonLearned+1"],"picked":"Singing Bowl","floor":16},{"not_picked":["FollowUp+1","Vengeance","Sanctity","DeceiveReality"],"picked":"Singing Bowl","floor":18}],"player_experience":985581,"relics_obtained":[{"floor":7,"key":"Molten Egg 2"},{"floor":9,"key":"Singing Bowl"},{"floor":10,"key":"Matryoshka"},{"floor":13,"key":"Darkstone Periapt"},{"floor":17,"key":"Toy Ornithopter"},{"floor":17,"key":"Question Card"},{"floor":17,"key":"Incense Burner"}],"event_choices":[{"damage_healed":0,"gold_gain":0,"player_choice":"Opened","damage_taken":0,"relics_obtained":["InkBottle"],"max_hp_gain":0,"max_hp_loss":0,"event_name":"The Mausoleum","floor":20,"gold_loss":0,"cards_obtained":["Writhe"]}],"is_beta":false,"boss_relics":[{"not_picked":["VioletLotus","Runic Dome"],"picked":"Calling Bell"}],"items_purged_floors":[19],"is_endless":false,"potions_floor_spawned":[1,13,16],"ascension_level":17}}