{"host":"oumbqh1z6oj8ya5w","time":1610647051,"event":{"mods":["A Magickal Journey","AchievementEnabler","Act Like it!","Aspiration","Astrologer","BaseMod","Better Note","Conjunction","Gensokyo","Googly Eyes","Hallownest","Hyrulean Relics","Jedi Mod","Koishi","Marisa????????","Minty Spire (QoL Compilation)","Pale of the Ancients","Rare Cards Sparkle","Reimu??????","SCP261 Mod","SacredBarkPlus","StSLib","The Bladedancer","The Blue Laboratory","The Bug Knight","The Death Knight","The Forsaken","The Servant 0.9.4","The Spell Scribe","Uncapped"],"gold_per_floor":[109,124,28,28,47,93,121,1,27,77,77,105,105,140,140,226,226,258,258,258,358,358,358,392,392,439,509,520,549,564,593,593,686,686,699,699,731,759,759,759,784,797,797,867,897,909,909,924,924,924,959,994,994,494,494,508,508,24,24,24],"floor_reached":61,"language":"ENG","playtime":4626,"items_purged":["jedi:frostbite","Doubt"],"score":2156,"play_id":"9c96d573-70f7-4a05-8eb6-5540a8111003","local_time":"20210114175731","is_ascension_mode":true,"campfire_choices":[{"data":"EnergyRecoil","floor":15.0,"key":"SMITH"},{"data":"FinalSpark","floor":23.0,"key":"SMITH"},{"data":"UltimateShortwave","floor":25.0,"key":"SMITH"},{"data":"MysteriousBeam","floor":32.0,"key":"SMITH"},{"data":"Gensokyo:GreaterSplit","floor":40.0,"key":"SMITH"},{"floor":47.0,"key":"RECALL"},{"data":"EscapeVelocity","floor":49.0,"key":"SMITH"},{"data":"Acceleration","floor":55.0,"key":"SMITH"},{"floor":57,"key":"REST"}],"circlet_count":0,"master_deck":["AscendersBane","Strike_MRS","Strike_MRS","Strike_MRS","Defend_MRS","Defend_MRS","Defend_MRS","Defend_MRS","MasterSpark","UpSweep+1","MysteriousBeam+1","ChargeUpSpray","MachineGunSpark","WitchOfGreed","PowerUp","OrrerysSun","EnergyRecoil+1","TreasureHunter","AsteroidBelt","SuperPerseids","MilkyWay","FinalSpark+1","MachineGunSpark+1","GravityBeat+1","UltimateShortwave+1","Acceleration+1","EnergyFlow+1","Acceleration+1","PulseMagic","Gensokyo:ShootingStar","EscapeVelocity+1","OortCloud","Singularity","MysteriousBeam","Gensokyo:GreaterSplit+1","GravityBeat","Injury","DoubleSpark","GalacticHalo","OortCloud","DarkMatter","Thinking Ahead"],"relics":["MiniHakkero","NeowsBlessing","Gensokyo:MarisaPhilosophersStone","Bronze Scales","Strawberry","Gensokyo:YoukaiFlower","Boot","Bag of Marbles","FossilizedHelix","SacredBark","Gensokyo:RedStar","Bird Faced Urn","Ice Cream","Gensokyo:ConquerorOfFear","Whetstone","Mastiff:ReiMu","Lizard Tail","Sundial","Cursed Key","MealTicket","theForsaken:ScaryMask","paleoftheancients:Timepiece","paleoftheancients:KeyRelic","CultistMask","paleoftheancients:SoulOfTheWatcher","StoneCalendar","ClockworkSouvenir"],"acts_visited":["Exordium","Gensokyo:Gensokyo","Gensokyo:Gensokyoer","Gensokyo:Gensokyoest"],"potions_floor_usage":[56,60,60],"damage_taken":[{"damage":0.0,"enemies":"Gensokyo:Python","floor":1.0,"turns":1.0},{"damage":0.0,"enemies":"Gensokyo:2_Kodama","floor":2.0,"turns":1.0},{"damage":0.0,"enemies":"Gensokyo:2_Kodama","floor":4.0,"turns":1.0},{"damage":8.0,"enemies":"Gensokyo:Gryphon","floor":5.0,"turns":2.0},{"damage":24.0,"enemies":"Gensokyo:Mamizou","floor":6.0,"turns":6.0},{"damage":20.0,"enemies":"Gensokyo:Kitsune","floor":7.0,"turns":3.0},{"damage":9.0,"enemies":"Gensokyo:VengefulSpirit","floor":10.0,"turns":4.0},{"damage":12.0,"enemies":"Gensokyo:Aya","floor":12.0,"turns":3.0},{"damage":17.0,"enemies":"Gensokyo:Gryphon_and_Rabbit","floor":14.0,"turns":3.0},{"damage":4.0,"enemies":"Gensokyo:Yukari","floor":16.0,"turns":8.0},{"damage":0.0,"enemies":"Gensokyo:CosmicMonolith","floor":18.0,"turns":2.0},{"damage":0.0,"enemies":"Gensokyo:CosmicMonolith","floor":21.0,"turns":3.0},{"damage":0.0,"enemies":"Gensokyo:Reisen","floor":24.0,"turns":3.0},{"damage":16.0,"enemies":"Gensokyo:Koishi","floor":27.0,"turns":4.0},{"damage":0.0,"enemies":"Gensokyo:AngelMirror","floor":28.0,"turns":1.0},{"damage":0.0,"enemies":"Gensokyo:Wraith","floor":29.0,"turns":2.0},{"damage":0.0,"enemies":"Gensokyo:Swordslinger","floor":30.0,"turns":2.0},{"damage":24.0,"enemies":"Gensokyo:Tenshi","floor":31.0,"turns":3.0},{"damage":18.0,"enemies":"Gensokyo:Kaguya","floor":33.0,"turns":10.0},{"damage":26.0,"enemies":"Gensokyo:3_Boulders","floor":35.0,"turns":5.0},{"damage":0.0,"enemies":"Gensokyo:3_Bats","floor":37.0,"turns":3.0},{"damage":0.0,"enemies":"Gensokyo:AtlasGolem","floor":38.0,"turns":5.0},{"damage":0.0,"enemies":"Gensokyo:Kasen","floor":41.0,"turns":1.0},{"damage":0.0,"enemies":"Gensokyo:3_Boulders","floor":42.0,"turns":3.0},{"damage":18.0,"enemies":"Gensokyo:Rafflesia","floor":45.0,"turns":7.0},{"damage":0.0,"enemies":"Gensokyo:SeedOfUnknown","floor":46.0,"turns":4.0},{"damage":7.0,"enemies":"Gensokyo:Sharpion","floor":48.0,"turns":3.0},{"damage":0.0,"enemies":"Gensokyo:Shinki","floor":50.0,"turns":8.0},{"damage":114.0,"enemies":"Gensokyo:Shinki","floor":51.0,"turns":13.0},{"damage":0.0,"enemies":"Gensokyo:Shinki","floor":52.0,"turns":2.0},{"damage":0,"enemies":"Gensokyo:Shinki","floor":56,"turns":4},{"damage":27,"enemies":"paleoftheancients:N","floor":60,"turns":7}],"seed_played":"-3731860727584481980","potions_obtained":[{"floor":4.0,"key":"Regen Potion"},{"floor":6.0,"key":"BlessingOfTheForge"},{"floor":7.0,"key":"FearPotion"},{"floor":10.0,"key":"blueLaboratory:ForbiddenFruitJuice"},{"floor":10.0,"key":"SCP261:DewritoBlazePotion"},{"floor":14.0,"key":"BottledSpark"},{"floor":14.0,"key":"Block Potion"},{"floor":16.0,"key":"blueLaboratory:TrueEctoplasm"},{"floor":21.0,"key":"blueLaboratory:FruitPunch"},{"floor":27.0,"key":"blueLaboratory:StoneskinPotion"},{"floor":29.0,"key":"DuplicationPotion"},{"floor":33.0,"key":"SCP261:PenguinPunchPotion"},{"floor":35.0,"key":"Weak Potion"},{"floor":37.0,"key":"blueLaboratory:PhilterOfMotion"},{"floor":38.0,"key":"jedi:StrikingPotion"},{"floor":45.0,"key":"DuplicationPotion"},{"floor":52.0,"key":"Weak Potion"}],"is_trial":false,"path_per_floor":["M","M","$","?","M","E","M","COS","T","M","?","E","?","M","R","B",null,"M","?","?","?","?","R","E","R","T","E","M","M","M","E","R","B",null,"M","?","M","M","?","R","E","M","T","T","M","M","R","M","R","B","M","M","?","$","R","M","R","$","?","B",null],"character_chosen":"MARISA","items_purchased":["MachineGunSpark","WitchOfGreed","SpeedPotion","DarkMatter","StoneCalendar","ClockworkSouvenir","Thinking Ahead","Energy Potion"],"campfire_rested":1,"item_purchase_floors":[3,3,54,54,54,58,58,58],"current_hp_per_floor":[68,68,68,68,60,41,21,21,28,72,72,60,60,43,43,39,64,64,71,71,71,71,71,75,75,75,62,62,64,64,44,44,68,74,56,45,51,59,59,59,61,63,63,63,57,59,59,54,54,73,13,17,17,32,32,40,62,76,76,49],"gold":24,"neow_bonus":"THREE_ENEMY_KILL","is_daily":false,"chose_seed":false,"campfire_upgraded":7,"win_rate":0.0,"timestamp":1610647051,"path_taken":["M","M","$","?","M","E","M","COS","T","?","?","E","?","M","R","BOSS","M","?","?","?","?","R","E","R","T","E","?","M","M","E","R","BOSS","M","?","M","M","?","R","E","M","T","?","?","?","R","M","R","BOSS","M","M","?","$","R","M","R","$","?","BOSS"],"items_purchased_type":["Card","Card","Potion","Card","Relic","Relic","Card","Potion"],"build_version":"2020-12-22","purchased_purges":2,"victory":true,"max_hp_per_floor":[75,75,75,75,75,75,75,75,82,72,72,72,72,72,72,72,72,72,72,72,72,72,72,76,76,76,76,76,76,76,76,76,76,76,76,76,76,76,76,76,76,76,76,76,76,76,76,76,76,76,76,76,76,76,76,76,76,76,76,76],"card_choices":[{"not_picked":["Acceleration","MagicAbsorber"],"picked":"MysteriousBeam","floor":1.0},{"not_picked":["AlicesGift","ShootingEcho"],"picked":"ChargeUpSpray","floor":2.0},{"not_picked":["UnstableBomb","GalacticHalo"],"picked":"OrrerysSun","floor":4.0},{"not_picked":["AsteroidBelt","Singularity"],"picked":"EnergyRecoil","floor":5.0},{"not_picked":["AsteroidBelt","EnergyFlow"],"picked":"TreasureHunter","floor":6.0},{"not_picked":["DoubleSpark","NonDirectionalLaser"],"picked":"SuperPerseids","floor":7.0},{"not_picked":["DC","ShootTheMoon"],"picked":"AsteroidBelt","floor":10.0},{"not_picked":["ShootTheMoon","MilkyWay"],"picked":"SuperPerseids","floor":12.0},{"not_picked":["DarkSpark","6A"],"picked":"MilkyWay","floor":14.0},{"not_picked":["JA","CollectingQuirk"],"picked":"FinalSpark","floor":16.0},{"not_picked":["WitchOfGreed","DoubleSpark"],"picked":"MachineGunSpark+1","floor":18.0},{"not_picked":["PowerUp","LuminesStrike"],"picked":"GravityBeat","floor":21.0},{"not_picked":["Singularity","Acceleration"],"picked":"UltimateShortwave","floor":24.0},{"not_picked":["FairyDestructionRay","IllusionStar","ShootingEcho"],"picked":"SKIP","floor":27.0},{"not_picked":["DoubleSpark","AsteroidBelt"],"picked":"Acceleration","floor":28.0},{"not_picked":["SuperNova","GalacticHalo"],"picked":"EnergyFlow+1","floor":29.0},{"not_picked":["WitchLeyline","AlicesGift"],"picked":"Acceleration","floor":30.0},{"not_picked":["BlazingStar","LuminesStrike"],"picked":"PulseMagic","floor":31.0},{"not_picked":[],"picked":"Gensokyo:ShootingStar","floor":33.0},{"not_picked":["UltimateShortwave","ManaRampage"],"picked":"EscapeVelocity","floor":33.0},{"not_picked":["DC","DoubleSpark"],"picked":"OortCloud","floor":35.0},{"not_picked":["NonDirectionalLaser+1","GrandCross"],"picked":"Singularity","floor":37.0},{"not_picked":["Robbery","ShootingEcho+1"],"picked":"MysteriousBeam","floor":38.0},{"not_picked":["Acceleration","WitchLeyline"],"picked":"GravityBeat","floor":41.0},{"not_picked":["IllusionStar","Acceleration","DeepEcoloBomb"],"picked":"SKIP","floor":42.0},{"not_picked":["GravityBeat","MaximisePower","Robbery"],"picked":"SKIP","floor":45.0},{"not_picked":["NonDirectionalLaser","WitchLeyline"],"picked":"DoubleSpark","floor":46.0},{"not_picked":["FairyDestructionRay","SprinkleStarSeal"],"picked":"GalacticHalo","floor":48.0},{"not_picked":["GasGiant","PowerUp"],"picked":"OortCloud","floor":51.0},{"not_picked":["6A","DC","StarlightTyphoon"],"picked":"SKIP","floor":52.0},{"not_picked":["WitchLeyline","DeepEcoloBomb+1","ShootingEcho"],"picked":"SKIP","floor":56}],"player_experience":588727,"relics_obtained":[{"floor":4.0,"key":"Gensokyo:MarisaPhilosophersStone"},{"floor":6.0,"key":"Bronze Scales"},{"floor":9.0,"key":"Strawberry"},{"floor":12.0,"key":"Bag of Marbles"},{"floor":21.0,"key":"Bird Faced Urn"},{"floor":21.0,"key":"Ice Cream"},{"floor":24.0,"key":"Gensokyo:ConquerorOfFear"},{"floor":24.0,"key":"Whetstone"},{"floor":26.0,"key":"Mastiff:ReiMu"},{"floor":27.0,"key":"Lizard Tail"},{"floor":31.0,"key":"Sundial"},{"floor":41.0,"key":"MealTicket"},{"floor":44.0,"key":"theForsaken:ScaryMask"},{"floor":51.0,"key":"paleoftheancients:SoulOfTheWatcher"}],"event_choices":[{"damage_healed":0.0,"max_hp_gain":0.0,"max_hp_loss":0.0,"gold_gain":0.0,"event_name":"Upgrade Shrine","player_choice":"Upgraded","floor":53.0,"gold_loss":0.0,"damage_taken":0.0,"cards_upgraded":["Acceleration"]}],"is_beta":false,"boss_relics":[{"not_picked":["aspiration:SecretTechniqueScroll","Velvet Choker"],"picked":"SacredBark"},{"not_picked":["BewitchedHakkero","aspiration:RunicSpoon"],"picked":"Cursed Key"}],"items_purged_floors":[54,58],"is_endless":false,"potions_floor_spawned":[2,4,10,14,16,21,29,35,37,38,45,52],"ascension_level":13}}