{"host":"x21cvmfdo17nyhii","time":1610590815,"event":{"mods":["AchievementEnabler","BaseMod","Colored Map","Colored Powertips","DeckTracker","Highlight Path","Minty Spire (QoL Compilation)","Quick Restart","Rare Cards Sparkle","SuperFastMode"],"gold_per_floor":[113,126,34,49,126,161,161,191,217,233,248,259,259,269,269,269,269],"floor_reached":16,"language":"ENG","playtime":553,"items_purged":[],"score":137,"play_id":"b2cb15bb-8c3a-4423-b88e-2ff05cf572d2","local_time":"20210113182015","is_ascension_mode":true,"campfire_choices":[{"data":"Madness","floor":7.0,"key":"SMITH"},{"floor":13,"key":"REST"},{"floor":15,"key":"REST"}],"circlet_count":0,"master_deck":["Strike_B","Strike_B","Strike_B","Strike_B","Defend_B","Defend_B","Defend_B","Defend_B","Zap","Dualcast","Melter","Defragment","Madness+1","Streamline","Fusion"],"relics":["Runic Pyramid","Eternal Feather","Omamori","Ancient Tea Set","Bag of Marbles"],"acts_visited":["Exordium"],"potions_floor_usage":[16],"damage_taken":[{"damage":6.0,"enemies":"Cultist","floor":1.0,"turns":4.0},{"damage":0.0,"enemies":"Small Slimes","floor":2.0,"turns":3.0},{"damage":0.0,"enemies":"2 Louse","floor":4.0,"turns":3.0},{"damage":5.0,"enemies":"3 Sentries","floor":6.0,"turns":3.0},{"damage":20.0,"enemies":"Lagavulin","floor":8.0,"turns":6.0},{"damage":25,"enemies":"Exordium Wildlife","floor":10,"turns":4},{"damage":0,"enemies":"Large Slime","floor":11,"turns":7},{"damage":21,"enemies":"Lots of Slimes","floor":12,"turns":3},{"damage":2,"enemies":"3 Louse","floor":14,"turns":4},{"damage":64,"enemies":"Hexaghost","floor":16,"turns":11}],"seed_played":"7605071707982848509","potions_obtained":[{"floor":1.0,"key":"Energy Potion"},{"floor":4.0,"key":"AttackPotion"},{"floor":6.0,"key":"Weak Potion"},{"floor":14,"key":"DuplicationPotion"}],"is_trial":false,"path_per_floor":["M","M","$","M","T","E","R","E","T","M","M","M","R","M","R","B"],"character_chosen":"DEFECT","items_purchased":["Madness"],"campfire_rested":2,"item_purchase_floors":[3],"current_hp_per_floor":[69,69,69,69,69,64,70,50,50,25,25,4,35,33,64,0,0],"gold":269,"neow_bonus":"BOSS_RELIC","is_daily":false,"chose_seed":false,"campfire_upgraded":1,"win_rate":0.0,"timestamp":1610590815,"path_taken":["M","M","$","M","?","E","R","E","T","?","M","M","R","M","R","BOSS"],"items_purchased_type":["Card"],"build_version":"2020-12-22","purchased_purges":0,"victory":false,"max_hp_per_floor":[75,75,75,75,75,75,75,75,75,75,75,75,75,75,75,75,75],"card_choices":[{"not_picked":["Consume","Sweeping Beam"],"picked":"Melter","floor":1.0},{"not_picked":["Cold Snap","Consume"],"picked":"Defragment","floor":2.0},{"not_picked":["Beam Cell","Steam Power"],"picked":"Streamline","floor":4.0},{"not_picked":["Capacitor","Turbo","Amplify"],"picked":"SKIP","floor":6.0},{"not_picked":["Multi-Cast","Self Repair"],"picked":"Fusion","floor":8.0},{"not_picked":["Static Discharge","Leap","Double Energy"],"picked":"SKIP","floor":10},{"not_picked":["Ball Lightning","Skim","Steam"],"picked":"SKIP","floor":11},{"not_picked":["Static Discharge","Hologram","Genetic Algorithm"],"picked":"SKIP","floor":12},{"not_picked":["Sweeping Beam","Stack","Leap"],"picked":"SKIP","floor":14}],"player_experience":358336,"relics_obtained":[{"floor":5.0,"key":"Eternal Feather"},{"floor":6.0,"key":"Omamori"},{"floor":8.0,"key":"Ancient Tea Set"},{"floor":9.0,"key":"Bag of Marbles"}],"event_choices":[],"is_beta":false,"boss_relics":[],"items_purged_floors":[],"is_endless":false,"potions_floor_spawned":[1,4,6,14],"killed_by":"Hexaghost","ascension_level":4}}