{"host":"5cc4xbo9rb723k69","time":1610647538,"event":{"mods":["Act Like it!","Aspiration","Astrologer","Bartender","BaseMod","Bestiary","CapriCore","Conspire","Downfall","Duelist Mod","Friendly Minions","Gensokyo","Hermit","Hubris","Infinite Spire","Jedi Mod","Kiyohime????","Koishi","LagranYue(???·?)","Luminous","Mad Scientist","Mari Mod (Legacy)","Mari\u0027s V1 Patch","Marisa????????","Minty Spire (QoL Compilation)","Nova Terra(??·??)","Pale of the Ancients","Prisma Mod","Random Character Button","Reimu??????","Replay The Spire","Robot Space Explorer","Somnambulant","StSLib","The Alterego","The Animator","The Bladedancer","The Clintock","The Construct","The Cursed","The Disciple","The Exalted","The Gatherer","The Immortal","The Jungle","The Marked","The Mystic","The Problem Sleuth","The Runesmith","The Saiyan","The Senshi","The Servant 0.9.4","The Spell Scribe","TheArtist","Waifu the Spire","Yuri Mod","thorton","vexMod"],"gold_per_floor":[117,131,143,1,1,36,36,36,63,63,82,96,96,115,115,220,886,905,922,846,861,880,880,880],"floor_reached":23,"language":"DEU","playtime":4603,"items_purged":[],"score":220,"play_id":"faa6c9b6-3b0d-46d9-b72a-0393fc55a230","local_time":"20210114190538","is_ascension_mode":false,"campfire_choices":[{"floor":7.0,"key":"REST"},{"floor":10.0,"key":"RECALL"},{"floor":15.0,"key":"REST"}],"circlet_count":0,"master_deck":["MokouMod:Strike","MokouMod:Strike","MokouMod:Strike","MokouMod:Strike","MokouMod:Defend","MokouMod:Defend","MokouMod:HeatSpark","MokouMod:ResoluteFlare","MokouMod:DanceofFlames","Replay:Poison Smokescreen","hubris:TrickCloak","Skewer","MokouMod:Overheat","MokouMod:Stoke","MokouMod:ThermalPressure","MokouMod:GuidingSmoke","MokouMod:SearingBlow","MokouMod:ScorchingColumn","MokouMod:ResoluteFlare+1","MokouMod:ScorchedEarth","MokouMod:Ember","MokouMod:GuidingSmoke"],"relics":["MokouMod:PhoenixFeather","LagranYue:RandomDrawCardRelic","Strange Spoon","Pear","Bromod:ArcaneConsequence","Happy Flower","vexMod:RockOfEvil"],"acts_visited":["Gensokyo:Gensokyo","Gensokyo:Gensokyoer"],"potions_floor_usage":[16,18,22,23],"damage_taken":[{"damage":6.0,"enemies":"Gensokyo:Python","floor":1.0,"turns":4.0},{"damage":0.0,"enemies":"Gensokyo:3_Fairies","floor":2.0,"turns":4.0},{"damage":4.0,"enemies":"Gensokyo:2_Kodama","floor":3.0,"turns":4.0},{"damage":35.0,"enemies":"Gensokyo:Cirno","floor":6.0,"turns":7.0},{"damage":8.0,"enemies":"Gensokyo:VengefulSpirit","floor":11.0,"turns":3.0},{"damage":3.0,"enemies":"Gensokyo:2_Rabbits","floor":12.0,"turns":3.0},{"damage":2.0,"enemies":"Gensokyo:5_Fairies","floor":14.0,"turns":8.0},{"damage":14,"enemies":"Gensokyo:Kokoro","floor":16,"turns":9},{"damage":15,"enemies":"Gensokyo:3_Dogs","floor":18,"turns":5},{"damage":31,"enemies":"Gensokyo:CosmicMonolith","floor":19,"turns":5},{"damage":60,"enemies":"Gensokyo:3_Gloops","floor":21,"turns":7},{"damage":26,"enemies":"Gensokyo:Swordslinger","floor":22,"turns":4},{"damage":47,"enemies":"Nightmare","floor":23,"turns":6}],"seed_played":"2880797633772180966","potions_obtained":[{"floor":3.0,"key":"ZuzhouPotion:ReiMu"},{"floor":11.0,"key":"SpeedPotion"},{"floor":12.0,"key":"BlessingOfTheForge"},{"floor":16,"key":"jedi:StrikingPotion"}],"is_trial":false,"path_per_floor":["M","M","M","COS","?","E","R","T","T","R","M","M","?","M","R","B",null,"M","M","$","M","M","NM"],"character_chosen":"MKU","items_purchased":["MokouMod:ScorchedEarth"],"campfire_rested":2,"item_purchase_floors":[20],"current_hp_per_floor":[76,76,72,72,72,47,74,74,74,74,66,63,63,61,88,74,92,77,46,46,19,23,0,0],"gold":880,"neow_bonus":"TEN_PERCENT_HP_BONUS","is_daily":false,"chose_seed":false,"campfire_upgraded":0,"win_rate":0.0,"timestamp":1610647538,"path_taken":["M","M","M","COS","?","E","R","?","T","R","M","M","?","?","R","BOSS","M","M","$","M","M","NM"],"items_purchased_type":["Card"],"build_version":"2020-12-22","purchased_purges":0,"victory":false,"max_hp_per_floor":[82,82,82,82,82,92,92,92,92,92,92,92,92,92,92,92,92,92,92,92,92,92,92,92],"card_choices":[{"not_picked":["MokouMod:IndiscriminateIgnition","MokouMod:Stoke"],"picked":"MokouMod:ResoluteFlare","floor":1.0},{"not_picked":["MokouMod:UncontrollableSolarReaction","MokouMod:HeatTransfer"],"picked":"MokouMod:DanceofFlames","floor":2.0},{"not_picked":["MokouMod:BlazingComet","MokouMod:GuidingSmoke"],"picked":"MokouMod:InfernalWave","floor":3.0},{"not_picked":["MokouMod:Ember","MokouMod:ResoluteFlare"],"picked":"MokouMod:Overheat","floor":6.0},{"not_picked":["MokouMod:ResoluteFlare","MokouMod:PhoenixFeathers"],"picked":"MokouMod:Stoke","floor":11.0},{"not_picked":["MokouMod:Singe","MokouMod:FlickeringFlame"],"picked":"MokouMod:ThermalPressure","floor":12.0},{"not_picked":["MokouMod:FujiyamaVolcano","MokouMod:InfernalWave"],"picked":"MokouMod:GuidingSmoke","floor":14.0},{"not_picked":["MokouMod:RadiantBlade","MokouMod:EnchantingBambooForest"],"picked":"MokouMod:SearingBlow","floor":16},{"not_picked":["MokouMod:BlazingComet","MokouMod:BurningDraft"],"picked":"MokouMod:ScorchingColumn","floor":18},{"not_picked":["MokouMod:AdaptivePyromancy","MokouMod:InfernalWave"],"picked":"MokouMod:ResoluteFlare+1","floor":19},{"not_picked":["MokouMod:BlazingComet","MokouMod:Sear"],"picked":"MokouMod:Ember","floor":21},{"not_picked":["MokouMod:AdaptivePyromancy","MokouMod:HeatTransfer"],"picked":"MokouMod:GuidingSmoke","floor":22}],"player_experience":263306,"relics_obtained":[{"floor":6.0,"key":"Pear"},{"floor":9.0,"key":"Bromod:ArcaneConsequence"}],"event_choices":[],"is_beta":false,"boss_relics":[{"not_picked":["thethorton:BottledFunds","conspire:SpecialSausage"],"picked":"vexMod:RockOfEvil"}],"items_purged_floors":[],"is_endless":false,"potions_floor_spawned":[3,11,12,16],"killed_by":"Nightmare","ascension_level":0}}