{"host":"v711dtdb46xe9u7l","time":1610632623,"event":{"mods":["BaseMod","Minty Spire (QoL Compilation)","StSLib"],"gold_per_floor":[110,129,147,147,147,173,183,183,210,241,2,28,98,114,114,213,263,277,327,337,387,437,437,468,518,518,528,528,558,558,587,587,684,684,703,693,710,771,235,267,267,302,350,369,469,494,494,520,520,520,520,520,17,49,49,49],"floor_reached":55,"language":"ENG","playtime":4154,"items_purged":["Strike_R","Strike_R"],"score":1350,"play_id":"e7767c37-f45f-4941-87da-cc9115aa9a56","local_time":"20210114135703","is_ascension_mode":true,"campfire_choices":[{"data":"Whirlwind","floor":8,"key":"SMITH"},{"data":"Apotheosis","floor":15,"key":"SMITH"},{"data":"Limit Break","floor":23,"key":"SMITH"},{"floor":28,"key":"RECALL"},{"data":"Battle Trance","floor":30,"key":"SMITH"},{"data":"Pommel Strike","floor":32,"key":"SMITH"},{"data":"Disarm","floor":41,"key":"SMITH"},{"data":"Inflame","floor":47,"key":"SMITH"},{"data":"Demon Form","floor":49,"key":"SMITH"},{"data":"Uppercut","floor":52,"key":"SMITH"}],"circlet_count":0,"master_deck":["Strike_R","Defend_R","Defend_R","Defend_R+1","Defend_R","Bash","Disarm+1","Uppercut+1","Cleave","Inflame+1","Whirlwind+1","Apotheosis+1","Twin Strike","Limit Break+1","Flame Barrier","Battle Trance+1","Shockwave+1","Pommel Strike+1","Reaper","Ghostly Armor+1","Headbutt+1","Shrug It Off+1","Demon Form+1","Wireheading+1","Shrug It Off+1","Vault+1"],"relics":["Burning Blood","Orichalcum","SsserpentHead","Bag of Preparation","Ancient Tea Set","PreservedInsect","Tiny House","MutagenicStrength","Mummified Hand","Potion Belt","Enchiridion","Lantern","Toxic Egg 2","Nunchaku","Sozu","PrismaticShard","Akabeko","Vajra","Blood Vial","Regal Pillow","Unceasing Top","Art of War","Omamori","Kunai","DollysMirror","Bottled Tornado"],"acts_visited":["Exordium","TheCity","TheBeyond","TheEnding"],"potions_floor_usage":[10,12,16,20,31,54,54,54,55],"damage_taken":[{"damage":6,"enemies":"Jaw Worm","floor":1,"turns":3},{"damage":6,"enemies":"Small Slimes","floor":2,"turns":4},{"damage":1,"enemies":"Cultist","floor":3,"turns":4},{"damage":14,"enemies":"Gremlin Nob","floor":6,"turns":4},{"damage":7,"enemies":"Exordium Wildlife","floor":7,"turns":4},{"damage":19,"enemies":"Lagavulin","floor":10,"turns":6},{"damage":19,"enemies":"3 Sentries","floor":12,"turns":7},{"damage":0,"enemies":"2 Fungi Beasts","floor":13,"turns":2},{"damage":0,"enemies":"3 Louse","floor":14,"turns":2},{"damage":16,"enemies":"Slime Boss","floor":16,"turns":8},{"damage":0,"enemies":"3 Byrds","floor":18,"turns":4},{"damage":10,"enemies":"Spheric Guardian","floor":20,"turns":4},{"damage":10,"enemies":"Slavers","floor":24,"turns":4},{"damage":0,"enemies":"Snecko","floor":27,"turns":3},{"damage":0,"enemies":"Gremlin Leader","floor":29,"turns":4},{"damage":0,"enemies":"Book of Stabbing","floor":31,"turns":3},{"damage":23,"enemies":"Collector","floor":33,"turns":7},{"damage":1,"enemies":"3 Darklings","floor":35,"turns":3},{"damage":0,"enemies":"3 Shapes","floor":37,"turns":5},{"damage":6,"enemies":"Jaw Worm Horde","floor":38,"turns":4},{"damage":6,"enemies":"Nemesis","floor":40,"turns":7},{"damage":0,"enemies":"Giant Head","floor":42,"turns":4},{"damage":14,"enemies":"Maw","floor":44,"turns":7},{"damage":8,"enemies":"Mind Bloom Boss Battle","floor":45,"turns":5},{"damage":3,"enemies":"Reptomancer","floor":46,"turns":4},{"damage":2,"enemies":"Nemesis","floor":48,"turns":5},{"damage":37,"enemies":"Time Eater","floor":50,"turns":5},{"damage":88,"enemies":"Shield and Spear","floor":54,"turns":7},{"damage":50,"enemies":"The Heart","floor":55,"turns":3}],"seed_played":"749576488126623282","potions_obtained":[{"floor":3,"key":"GamblersBrew"},{"floor":6,"key":"PowerPotion"},{"floor":10,"key":"GamblersBrew"},{"floor":12,"key":"Explosive Potion"},{"floor":16,"key":"LiquidMemories"},{"floor":20,"key":"Regen Potion"},{"floor":24,"key":"DistilledChaos"},{"floor":33,"key":"ColorlessPotion"}],"is_trial":false,"path_per_floor":["M","M","M","?","?","E","M","R","T","E","$","E","M","M","R","B",null,"M","?","M","?","?","R","E","?","T","M","R","E","R","E","R","B",null,"M","?","M","M","$","E","R","E","T","M","?","E","R","E","R","B",null,"R","$","E","B"],"character_chosen":"IRONCLAD","items_purchased":["Apotheosis","FearPotion","Demon Form","PrismaticShard","Akabeko","Kunai","DollysMirror"],"campfire_rested":0,"item_purchase_floors":[11,11,39,39,39,53,53],"current_hp_per_floor":[72,72,77,70,70,62,61,61,61,48,48,35,41,47,47,37,74,80,80,76,76,76,76,72,56,56,62,62,68,68,74,74,57,78,85,85,85,85,85,85,85,85,85,77,85,85,85,85,85,67,81,81,81,34,0,0],"gold":49,"neow_bonus":"RANDOM_COMMON_RELIC","is_daily":false,"chose_seed":false,"campfire_upgraded":9,"win_rate":0.0,"timestamp":1610632623,"path_taken":["M","M","M","?","?","E","M","R","T","E","$","E","?","M","R","BOSS","M","?","M","?","?","R","E","?","T","M","R","E","R","E","R","BOSS","M","?","M","?","$","E","R","E","T","M","?","E","R","E","R","BOSS","R","$","E","BOSS"],"items_purchased_type":["Card","Potion","Card","Relic","Relic","Relic","Relic"],"build_version":"2020-12-22","purchased_purges":2,"victory":false,"max_hp_per_floor":[80,80,80,80,80,80,80,80,80,80,80,80,80,80,80,80,85,85,85,85,85,85,85,85,85,85,85,85,85,85,85,85,85,85,85,85,85,85,85,85,85,85,85,85,85,85,85,85,85,85,85,85,85,85,85,85],"card_choices":[{"not_picked":["Cleave","Ghostly Armor"],"picked":"Disarm","floor":1},{"not_picked":["Ghostly Armor","Rage"],"picked":"Uppercut","floor":2},{"not_picked":["Pommel Strike","Perfected Strike"],"picked":"Cleave","floor":3},{"not_picked":["Clothesline","Brutality"],"picked":"Inflame","floor":6},{"not_picked":["Sword Boomerang","Thunderclap"],"picked":"Whirlwind","floor":7},{"not_picked":["Evolve","Searing Blow","Iron Wave"],"picked":"SKIP","floor":10},{"not_picked":["Clothesline","Dual Wield"],"picked":"Twin Strike","floor":12},{"not_picked":["Body Slam","Fire Breathing","Infernal Blade"],"picked":"SKIP","floor":13},{"not_picked":["Body Slam","Warcry","Wild Strike"],"picked":"SKIP","floor":14},{"not_picked":["Bludgeon","Juggernaut"],"picked":"Limit Break","floor":16},{"not_picked":["Seeing Red","Infernal Blade","Bloodletting"],"picked":"SKIP","floor":18},{"not_picked":["Perfected Strike+1","Iron Wave","Anger+1"],"picked":"SKIP","floor":20},{"not_picked":["Fiend Fire","Evolve"],"picked":"Battle Trance","floor":24},{"not_picked":["Wild Strike+1","Twin Strike+1"],"picked":"Shockwave+1","floor":27},{"not_picked":["Reckless Charge","Dark Embrace","Twin Strike+1"],"picked":"SKIP","floor":29},{"not_picked":["Dropkick+1","Uppercut"],"picked":"Pommel Strike","floor":31},{"not_picked":["Brutality","Barricade"],"picked":"Reaper","floor":33},{"not_picked":["Sword Boomerang+1","Warcry+1"],"picked":"Ghostly Armor+1","floor":35},{"not_picked":["Armaments+1","Rupture+1"],"picked":"Headbutt+1","floor":37},{"not_picked":["Dark Embrace","Clash"],"picked":"Shrug It Off+1","floor":38},{"not_picked":["Escape Plan+1","EmptyFist"],"picked":"Wireheading+1","floor":40},{"not_picked":["Shockwave+1","Perfected Strike+1","Blade Dance+1"],"picked":"SKIP","floor":42},{"not_picked":["Barrage+1","Prepared+1","Sucker Punch"],"picked":"SKIP","floor":44},{"not_picked":["Beam Cell","Deadly Poison+1","Pommel Strike"],"picked":"SKIP","floor":46},{"not_picked":["Thunderclap+1","Body Slam+1","Recycle+1"],"picked":"SKIP","floor":48},{"not_picked":["Adaptation","Flying Knee+1"],"picked":"Vault+1","floor":54}],"player_experience":327670,"relics_obtained":[{"floor":6,"key":"Bag of Preparation"},{"floor":10,"key":"Ancient Tea Set"},{"floor":12,"key":"PreservedInsect"},{"floor":24,"key":"Potion Belt"},{"floor":25,"key":"Enchiridion"},{"floor":26,"key":"Lantern"},{"floor":29,"key":"Toxic Egg 2"},{"floor":31,"key":"Nunchaku"},{"floor":40,"key":"Vajra"},{"floor":42,"key":"Blood Vial"},{"floor":43,"key":"Regal Pillow"},{"floor":45,"key":"Unceasing Top"},{"floor":46,"key":"Art of War"},{"floor":48,"key":"Omamori"},{"floor":54,"key":"Bottled Tornado"}],"event_choices":[{"cards_removed":["Strike_R"],"damage_healed":0,"gold_gain":0,"player_choice":"Card Removal","damage_taken":7,"max_hp_gain":0,"max_hp_loss":0,"event_name":"Golden Wing","floor":4,"gold_loss":0},{"damage_healed":0,"gold_gain":0,"player_choice":"Trade","damage_taken":0,"relics_obtained":["SsserpentHead"],"max_hp_gain":0,"max_hp_loss":0,"event_name":"FaceTrader","floor":5,"gold_loss":0},{"damage_healed":0,"gold_gain":0,"player_choice":"Read","damage_taken":0,"max_hp_gain":0,"max_hp_loss":0,"event_name":"The Library","floor":19,"gold_loss":0,"cards_obtained":["Flame Barrier"]},{"damage_healed":0,"gold_gain":0,"player_choice":"Inject Mutagens","damage_taken":0,"relics_obtained":["MutagenicStrength"],"max_hp_gain":0,"max_hp_loss":0,"event_name":"Drug Dealer","floor":21,"gold_loss":0},{"damage_healed":0,"gold_gain":0,"player_choice":"Opened","damage_taken":0,"relics_obtained":["Mummified Hand"],"max_hp_gain":0,"max_hp_loss":0,"event_name":"The Mausoleum","floor":22,"gold_loss":0},{"damage_healed":0,"gold_gain":0,"player_choice":"Obtained Book","damage_taken":16,"max_hp_gain":0,"max_hp_loss":0,"event_name":"Cursed Tome","floor":25,"gold_loss":0},{"cards_removed":["Strike_R"],"damage_healed":0,"gold_gain":0,"player_choice":"Single Remove","damage_taken":0,"max_hp_gain":0,"max_hp_loss":0,"event_name":"Designer","floor":36,"gold_loss":60},{"damage_healed":0,"gold_gain":0,"player_choice":"Fight","damage_taken":0,"max_hp_gain":0,"max_hp_loss":0,"event_name":"MindBloom","floor":45,"gold_loss":0}],"is_beta":false,"boss_relics":[{"not_picked":["Mark of Pain","Ectoplasm"],"picked":"Tiny House"},{"not_picked":["Busted Crown","Astrolabe"],"picked":"Sozu"}],"items_purged_floors":[39,53],"is_endless":false,"potions_floor_spawned":[3,6,10,12,13,16,20,24,33,35,37,44,46],"killed_by":"The Heart","ascension_level":8}}