{"host":"TheHustler","time":1610643431,"event":{"mods":["BaseMod","Block Reminder","Colored Map","Colored Powertips","Minty Spire (QoL Compilation)","Quick Restart","StSLib","SuperFastMode","Unceasing Turn Reminder"],"gold_per_floor":[114,129,144,159,9,39,54,69,94,94,109,109,109,124,124,224,224,239,254,269,284,214,214,229,229,254,254,269,296,296,326,326,426,426,441,456,471,486,486,486],"floor_reached":39,"language":"ENG","playtime":1808,"items_purged":[],"score":561,"play_id":"f80f208b-2bc8-4ca3-972c-d9fecf851c5e","local_time":"20210114175711","daily_mods":["Insanity","Uncertain Future","Binary"],"is_ascension_mode":false,"campfire_choices":[{"floor":12.0,"key":"REST"},{"floor":15.0,"key":"REST"},{"data":"Adrenaline","floor":23.0,"key":"SMITH"},{"data":"Malaise","floor":27.0,"key":"SMITH"},{"floor":32.0,"key":"REST"}],"circlet_count":0,"master_deck":["Dash","Sucker Punch","Accuracy","Distraction","Deadly Poison","Terror","Poisoned Stab","Distraction","Backstab","Blade Dance","Dagger Throw","Dodge and Roll","Concentrate","Crippling Poison","Acrobatics","Distraction","Dash","Skewer","Deflect","Heel Hook","Deadly Poison","Deflect","Acrobatics","PiercingWail","Dodge and Roll","Distraction","Dodge and Roll","Cloak And Dagger","Outmaneuver","Leg Sweep","Bane","Prepared","Catalyst","Blade Dance","Flying Knee","Acrobatics","Prepared","All Out Attack","Backflip","Reflex","Predator","Dagger Spray","Catalyst","Slice","Tactician","Eviscerate","PiercingWail","Well Laid Plans","Deadly Poison","Blade Dance","Acrobatics","Dagger Throw","Adrenaline+1","Calculated Gamble","Calculated Gamble","Malaise+1","Sucker Punch+1","Unload","Prepared","Tactician","Blade Dance+1","Prepared","Slice","Phantasmal Killer","Quick Slash+1","Cloak And Dagger+1","Caltrops"],"relics":["Ring of the Snake","Happy Flower","Regal Pillow","Oddly Smooth Stone","Smiling Mask","Sozu","Ancient Tea Set","Strawberry","Red Mask","Bag of Preparation","SlaversCollar"],"acts_visited":["Exordium","TheCity","TheBeyond"],"potions_floor_usage":[39,39],"damage_taken":[{"damage":0.0,"enemies":"Cultist","floor":1.0,"turns":2.0},{"damage":0.0,"enemies":"2 Louse","floor":2.0,"turns":1.0},{"damage":0.0,"enemies":"Small Slimes","floor":3.0,"turns":3.0},{"damage":0.0,"enemies":"Blue Slaver","floor":4.0,"turns":4.0},{"damage":36.0,"enemies":"Lagavulin","floor":6.0,"turns":10.0},{"damage":7.0,"enemies":"3 Louse","floor":7.0,"turns":2.0},{"damage":4.0,"enemies":"Gremlin Gang","floor":8.0,"turns":2.0},{"damage":1.0,"enemies":"Red Slaver","floor":11.0,"turns":3.0},{"damage":0.0,"enemies":"Blue Slaver","floor":14.0,"turns":1.0},{"damage":45.0,"enemies":"Slime Boss","floor":16.0,"turns":8.0},{"damage":0.0,"enemies":"Chosen","floor":18.0,"turns":4.0},{"damage":1.0,"enemies":"2 Thieves","floor":19.0,"turns":4.0},{"damage":0.0,"enemies":"Centurion and Healer","floor":20.0,"turns":7.0},{"damage":3.0,"enemies":"Snake Plant","floor":21.0,"turns":5.0},{"damage":4.0,"enemies":"Sentry and Sphere","floor":24.0,"turns":5.0},{"damage":9.0,"enemies":"Snecko","floor":28.0,"turns":4.0},{"damage":8.0,"enemies":"Masked Bandits","floor":29.0,"turns":5.0},{"damage":9.0,"enemies":"Slavers","floor":31.0,"turns":6.0},{"damage":28.0,"enemies":"Champ","floor":33.0,"turns":9.0},{"damage":28.0,"enemies":"3 Darklings","floor":35.0,"turns":7.0},{"damage":6.0,"enemies":"3 Shapes","floor":36.0,"turns":4.0},{"damage":17.0,"enemies":"Jaw Worm Horde","floor":37.0,"turns":4.0},{"damage":22.0,"enemies":"Spire Growth","floor":38.0,"turns":4.0},{"damage":9,"enemies":"Transient","floor":39,"turns":4}],"seed_played":"-4891952413640654339","potions_obtained":[{"floor":1.0,"key":"Dexterity Potion"},{"floor":2.0,"key":"SteroidPotion"},{"floor":4.0,"key":"Poison Potion"}],"is_trial":false,"path_per_floor":["M","M","M","M","$","E","M","M","T","?","M","R","$","M","R","B",null,"M","M","M","M","$","R","M","?","T","R","M","?","?","E","R","B",null,"M","M","M","M","M"],"character_chosen":"THE_SILENT","items_purchased":["Happy Flower","Tactician"],"campfire_rested":3,"item_purchase_floors":[5,22],"current_hp_per_floor":[70,70,70,70,70,34,27,23,23,11,10,46,46,46,70,25,70,70,69,69,66,66,66,62,62,69,69,60,52,52,43,77,49,77,49,43,26,4,0,0],"gold":486,"neow_bonus":"","is_daily":true,"chose_seed":false,"campfire_upgraded":2,"win_rate":0.0,"timestamp":1610643431,"path_taken":["M","M","M","?","?","E","M","M","T","?","M","R","$","M","R","BOSS","M","M","M","M","$","R","M","?","T","R","M","?","?","E","R","BOSS","M","M","?","M","M"],"items_purchased_type":["Relic","Card"],"build_version":"2020-12-18","purchased_purges":0,"victory":false,"max_hp_per_floor":[70,70,70,70,70,70,70,70,70,70,70,70,70,70,70,70,70,70,70,70,70,70,70,70,70,77,77,77,77,77,77,77,77,77,77,77,77,77,77,77],"card_choices":[{"not_picked":["Dodge and Roll"],"picked":"Blade Dance","floor":1.0},{"not_picked":["Sucker Punch","PiercingWail"],"picked":"SKIP","floor":2.0},{"not_picked":["Underhanded Strike"],"picked":"Acrobatics","floor":3.0},{"not_picked":["Flying Knee","Blade Dance"],"picked":"SKIP","floor":4.0},{"not_picked":["Finisher","PiercingWail"],"picked":"SKIP","floor":6.0},{"not_picked":["Crippling Poison"],"picked":"Dagger Throw","floor":7.0},{"not_picked":["Prepared"],"picked":"Adrenaline","floor":8.0},{"not_picked":["Cloak And Dagger"],"picked":"Calculated Gamble","floor":11.0},{"not_picked":["Prepared"],"picked":"Calculated Gamble","floor":14.0},{"not_picked":["Night Terror"],"picked":"Malaise","floor":16.0},{"not_picked":["Deadly Poison+1"],"picked":"Sucker Punch+1","floor":18.0},{"not_picked":["Outmaneuver"],"picked":"Unload","floor":19.0},{"not_picked":["Sucker Punch"],"picked":"Prepared","floor":20.0},{"not_picked":["Dodge and Roll","Deflect"],"picked":"SKIP","floor":21.0},{"not_picked":["Flying Knee"],"picked":"Blade Dance+1","floor":24.0},{"not_picked":["Flying Knee","Infinite Blades"],"picked":"SKIP","floor":28.0},{"not_picked":["Dagger Throw"],"picked":"Prepared","floor":29.0},{"not_picked":["Dash","Backstab"],"picked":"SKIP","floor":31.0},{"not_picked":["Venomology"],"picked":"Phantasmal Killer","floor":33.0},{"not_picked":["Backstab+1"],"picked":"Quick Slash+1","floor":35.0},{"not_picked":["Dodge and Roll","Masterful Stab+1"],"picked":"SKIP","floor":36.0},{"not_picked":["Calculated Gamble"],"picked":"Cloak And Dagger+1","floor":37.0},{"not_picked":["Flying Knee"],"picked":"Caltrops","floor":38.0}],"player_experience":631449,"relics_obtained":[{"floor":6.0,"key":"Regal Pillow"},{"floor":9.0,"key":"Oddly Smooth Stone"},{"floor":26.0,"key":"Strawberry"},{"floor":29.0,"key":"Red Mask"},{"floor":31.0,"key":"Bag of Preparation"}],"event_choices":[{"damage_healed":0.0,"max_hp_gain":0.0,"max_hp_loss":0.0,"gold_gain":0.0,"event_name":"Scrap Ooze","player_choice":"Success","floor":10.0,"gold_loss":0.0,"damage_taken":12.0,"relics_obtained":["Smiling Mask"]},{"damage_healed":0.0,"max_hp_gain":0.0,"max_hp_loss":0.0,"gold_gain":0.0,"event_name":"The Mausoleum","player_choice":"Opened","floor":25.0,"gold_loss":0.0,"damage_taken":0.0,"relics_obtained":["Ancient Tea Set"]},{"damage_healed":0.0,"max_hp_gain":0.0,"max_hp_loss":0.0,"gold_gain":0.0,"event_name":"Masked Bandits","player_choice":"Fought Bandits","floor":29.0,"gold_loss":0.0,"damage_taken":0.0},{"damage_healed":0.0,"max_hp_gain":0.0,"max_hp_loss":0.0,"gold_gain":0.0,"cards_transformed":["Expertise"],"event_name":"Transmorgrifier","player_choice":"Transformed","floor":30.0,"gold_loss":0.0,"damage_taken":0.0,"cards_obtained":["Slice"]}],"is_beta":true,"boss_relics":[{"not_picked":["SacredBark","Ectoplasm"],"picked":"Sozu"},{"not_picked":["Empty Cage","Calling Bell"],"picked":"SlaversCollar"}],"items_purged_floors":[],"is_endless":false,"potions_floor_spawned":[1,2,4,7,11,16,20,21,29,31,33,35,38],"killed_by":"Transient","ascension_level":0}}