{"host":"Jay","time":1610654920,"event":{"mods":["BaseMod","Better Altar","Better Sensory Stone","Better Skull","Better Third Choice","Better Vampires","Colored Map","Custom Start","Highlight Path","Minty Spire (QoL Compilation)","Permanent Neow","StSLib"],"gold_per_floor":[113,113,127,127,140,159,172,185,254,179,254,287,287,310,310,435,435,435],"floor_reached":17,"language":"ENG","playtime":532,"items_purged":["Bouncing Flask+1"],"score":297,"play_id":"02b737c3-6a6f-437d-8dac-5e73601d0ffe","local_time":"20210114150840","is_ascension_mode":true,"campfire_choices":[{"floor":15,"key":"RECALL"}],"circlet_count":0,"master_deck":["Wraith Form v2+1","Catalyst+1","Catalyst+1","Bouncing Flask+1","Burst+1","Adrenaline+1","Bullet Time+1","Night Terror+1","Night Terror+1","Wraith Form v2+1","Wraith Form v2+1","Wraith Form v2+1"],"relics":["Ring of the Snake","Fusion Hammer","Mummified Hand","TungstenRod","Incense Burner","Pantograph","Ring of the Serpent","Brimstone","Bag of Preparation","Bag of Marbles","Torii","TwistedFunnel","FossilizedHelix","Golden Idol","Paper Crane","Empty Cage"],"acts_visited":["Exordium","TheCity"],"potions_floor_usage":[],"damage_taken":[{"damage":0.0,"enemies":"Small Slimes","floor":1.0,"turns":1.0},{"damage":0.0,"enemies":"2 Louse","floor":3.0,"turns":1.0},{"damage":0.0,"enemies":"Jaw Worm","floor":5.0,"turns":1.0},{"damage":0.0,"enemies":"2 Fungi Beasts","floor":6.0,"turns":2.0},{"damage":0.0,"enemies":"3 Louse","floor":7.0,"turns":1.0},{"damage":0.0,"enemies":"Large Slime","floor":8.0,"turns":1.0},{"damage":0,"enemies":"Gremlin Nob","floor":12,"turns":1},{"damage":0,"enemies":"Lots of Slimes","floor":14,"turns":2},{"damage":0,"enemies":"Slime Boss","floor":16,"turns":1}],"seed_played":"8902319738312330813","potions_obtained":[{"floor":5.0,"key":"Swift Potion"},{"floor":8.0,"key":"FearPotion"},{"floor":14,"key":"BlessingOfTheForge"}],"is_trial":true,"path_per_floor":["M","?","M","?","M","M","M","M","T","$","?","E","?","M","R","B",null],"character_chosen":"THE_SILENT","items_purchased":[],"campfire_rested":0,"item_purchase_floors":[],"current_hp_per_floor":[70,54,54,54,54,54,54,54,54,54,44,44,44,44,44,69,70,70],"gold":435,"neow_bonus":"","is_daily":false,"chose_seed":false,"campfire_upgraded":0,"win_rate":0.0,"timestamp":1610654920,"path_taken":["M","?","M","?","M","M","M","M","T","?","?","E","?","M","R","BOSS"],"items_purchased_type":[],"build_version":"2020-12-18","purchased_purges":1,"victory":false,"max_hp_per_floor":[70,70,70,70,70,70,70,70,70,70,70,70,70,70,70,70,70,70],"card_choices":[{"not_picked":["Underhanded Strike","Quick Slash","Slice"],"picked":"SKIP","floor":1.0},{"not_picked":["Acrobatics","Dagger Throw","Blade Dance"],"picked":"SKIP","floor":3.0},{"not_picked":["Deflect","PiercingWail","Flechettes"],"picked":"SKIP","floor":5.0},{"not_picked":["Acrobatics","Backflip","Dodge and Roll"],"picked":"SKIP","floor":6.0},{"not_picked":["Sucker Punch","Underhanded Strike","Escape Plan"],"picked":"SKIP","floor":7.0},{"not_picked":["PiercingWail","Infinite Blades","Prepared"],"picked":"SKIP","floor":8.0},{"not_picked":["Envenom","Bane","Dagger Throw"],"picked":"SKIP","floor":12},{"not_picked":["Sucker Punch","Infinite Blades","PiercingWail"],"picked":"SKIP","floor":14}],"player_experience":2977223,"relics_obtained":[{"floor":12,"key":"Paper Crane"}],"event_choices":[{"damage_healed":0.0,"max_hp_gain":0.0,"max_hp_loss":0.0,"gold_gain":0.0,"event_name":"Golden Idol","player_choice":"Take Damage","floor":2.0,"gold_loss":0.0,"damage_taken":17.0,"relics_obtained":["Golden Idol"]},{"damage_healed":0.0,"max_hp_gain":0.0,"max_hp_loss":0.0,"gold_gain":1.0,"event_name":"betterStone:BetterStone","player_choice":"1","floor":4.0,"gold_loss":0.0,"damage_taken":0.0},{"damage_healed":0,"gold_gain":75,"player_choice":"Gold","damage_taken":11,"max_hp_gain":1,"max_hp_loss":0,"event_name":"betterThird:BetterGoop","floor":11,"gold_loss":0},{"cards_removed":["Wraith Form v2"],"damage_healed":0,"gold_gain":0,"player_choice":"Forget","damage_taken":0,"max_hp_gain":0,"max_hp_loss":0,"event_name":"Living Wall","floor":13,"gold_loss":0}],"is_beta":true,"boss_relics":[{"not_picked":["Snecko Eye","Philosopher\u0027s Stone"],"picked":"Empty Cage"}],"items_purged_floors":[10],"is_endless":false,"potions_floor_spawned":[5,8,14,16],"ascension_level":1}}