{"host":"slngz8sobihb8iwl","time":1610653345,"event":{"mods":["2.2 Compatiblity","Act Like it!","BaseMod","Colored Powertips","Elementarium","Gensokyo","GifTheSpireLib","Hallownest","Hermit","Marisa????????","Menagerie","Minty Spire (QoL Compilation)","Permanent Neow","Random Character Button","Rare Cards Sparkle","Relic Filter","Robot Space Explorer","StSLib","SuperFastMode","Td1madao Mod","The Bug Knight","The Cursed","The Disciple","The Gatherer","The Hierophant","The Judge","The Marked","The Runesmith","Unceasing Turn Reminder"],"gold_per_floor":[115,65,65,84,101,101,135,135,135,135,163,163,408,408,408,509,509,525,525,220,238,16,51,51,51,78,93,110,110,110,110,110,211,211,228,243,243,256,256,282,282,313,313,326,326,338,338,358,358,358],"floor_reached":51,"language":"ENG","playtime":5193,"items_purged":[],"score":1212,"play_id":"45e00922-a059-41a2-8ee0-42efe54799b9","local_time":"20210114144224","is_ascension_mode":true,"campfire_choices":[{"data":"OortCloud","floor":6.0,"key":"SMITH"},{"floor":8.0,"key":"REST"},{"data":"Gensokyo:BlessingOfConstitution","floor":10.0,"key":"SMITH"},{"data":"RefractionSpark","floor":12.0,"key":"SMITH"},{"floor":15.0,"key":"REST"},{"data":"OortCloud","floor":24.0,"key":"SMITH"},{"data":"DoubleSpark","floor":30.0,"key":"SMITH"},{"floor":32.0,"key":"REST"},{"data":"FinalSpark","floor":41,"key":"SMITH"},{"floor":49,"key":"REST"}],"circlet_count":0,"master_deck":["AscendersBane","Strike_MRS+1","Strike_MRS","Strike_MRS","Defend_MRS","Defend_MRS","Defend_MRS","Defend_MRS","MasterSpark","UpSweep","EnergyFlow","Gensokyo:BlessingOfConstitution+1","OortCloud+1","PulseMagic","RefractionSpark+1","Singularity","CollectingQuirk+1","OortCloud+1","Master of Strategy","MilkyWay+1","OortCloud+1","GalacticHalo","AsteroidBelt","SporeBomb","DoubleSpark+1","FinalSpark+1","ChargingUp+1","EnergyFlow","Gensokyo:GreaterSplit","Doubt","MagicAbsorber","Gensokyo:UnhurriedMind","MilkyWay","MagicAbsorber+1","Gensokyo:LifeforceConverter","EventHorizon","SprinkleStarSeal+1"],"relics":["MiniHakkero","Gensokyo:OccultBall","Singing Bowl","TungstenRod","Darkstone Periapt","Philosopher\u0027s Stone","Gensokyo:DirgeOfMelancholy","DollysMirror","Whetstone","MealTicket","Art of War","Pen Nib","Sozu","Regal Pillow","Mummified Hand","Toy Ornithopter"],"acts_visited":["Exordium","Gensokyo:Gensokyo","Gensokyo:Gensokyoer"],"potions_floor_usage":[50,50],"damage_taken":[{"damage":2.0,"enemies":"Gensokyo:2_Kodama","floor":1.0,"turns":5.0},{"damage":6.0,"enemies":"Gensokyo:3_Fairies","floor":4.0,"turns":4.0},{"damage":12.0,"enemies":"Gensokyo:Gryphon","floor":5.0,"turns":3.0},{"damage":0.0,"enemies":"Gensokyo:Aya","floor":7.0,"turns":4.0},{"damage":6.0,"enemies":"Gensokyo:Cirno","floor":11.0,"turns":6.0},{"damage":27.0,"enemies":"Gensokyo:Python_and_Kodama","floor":13.0,"turns":4.0},{"damage":0.0,"enemies":"Gensokyo:Kokoro","floor":16.0,"turns":13.0},{"damage":24.0,"enemies":"Gensokyo:CosmicMonolith","floor":18.0,"turns":9.0},{"damage":4.0,"enemies":"Gensokyo:AngelMirror","floor":21.0,"turns":4.0},{"damage":6.0,"enemies":"Gensokyo:Koishi","floor":23.0,"turns":7.0},{"damage":13.0,"enemies":"Gensokyo:Monolith_and_Dog","floor":27.0,"turns":7.0},{"damage":6.0,"enemies":"Gensokyo:Mirror_and_Dog","floor":28.0,"turns":8.0},{"damage":24.0,"enemies":"Gensokyo:Eiki","floor":33.0,"turns":10.0},{"damage":0,"enemies":"Gensokyo:AncientGuardian","floor":35,"turns":5},{"damage":0,"enemies":"Gensokyo:3_Boulders","floor":36,"turns":3},{"damage":0,"enemies":"Gensokyo:Dusk_and_Dawn","floor":38,"turns":4},{"damage":29,"enemies":"Gensokyo:Dusk_and_Dawn","floor":39,"turns":8},{"damage":4,"enemies":"Gensokyo:Kasen","floor":40,"turns":7},{"damage":0,"enemies":"Gensokyo:Marisa","floor":42,"turns":6},{"damage":15,"enemies":"Gensokyo:Sharpion","floor":44,"turns":3},{"damage":0,"enemies":"Gensokyo:AtlasGolem","floor":46,"turns":5},{"damage":9,"enemies":"Gensokyo:Rafflesia","floor":48,"turns":5},{"damage":19,"enemies":"Gensokyo:Scarlet_Devils","floor":50,"turns":7}],"seed_played":"2103526057194192194","potions_obtained":[{"floor":1.0,"key":"AttackPotion"},{"floor":11.0,"key":"BottledSpark"},{"floor":13.0,"key":"BottledSpark"},{"floor":21.0,"key":"Fruit Juice"},{"floor":23.0,"key":"ColorlessPotion"},{"floor":27.0,"key":"FearPotion"},{"floor":33.0,"key":"FearPotion"}],"is_trial":false,"path_per_floor":["M","?","?","M","M","R","E","R","T","R","E","R","M","?","R","B",null,"M","?","$","M","$","E","R","$","T","M","M","?","R","?","R","B",null,"M","M","?","M","?","E","R","E","T","M","?","M","?","M","R","B",null],"character_chosen":"MARISA","items_purchased":["DollysMirror","Master of Strategy","OortCloud","Whetstone"],"campfire_rested":4,"item_purchase_floors":[20,20,22,22],"current_hp_per_floor":[48,48,48,42,30,30,32,55,55,55,49,49,22,22,45,45,69,47,47,47,48,48,42,42,57,57,44,38,38,38,38,61,37,68,68,68,74,74,74,70,70,70,70,57,57,57,57,48,86,77],"gold":358,"neow_bonus":"RANDOM_COLORLESS_2","is_daily":false,"chose_seed":false,"campfire_upgraded":6,"win_rate":0.0,"timestamp":1610653344,"path_taken":["M","?","?","M","?","R","E","R","T","R","E","R","M","?","R","BOSS","M","?","$","M","$","E","R","?","T","?","M","?","R","?","R","BOSS","M","M","?","?","?","E","R","E","T","?","?","?","?","M","R","BOSS"],"items_purchased_type":["Relic","Card","Card","Relic"],"build_version":"2020-12-22","purchased_purges":0,"victory":true,"max_hp_per_floor":[75,75,75,75,75,75,77,77,77,77,77,77,77,77,77,77,77,79,79,79,84,84,84,84,84,84,84,84,84,84,78,78,78,78,78,78,84,84,84,84,84,84,84,86,86,86,86,86,86,86],"card_choices":[{"not_picked":["Panache","Thinking Ahead"],"picked":"Apotheosis","floor":0.0},{"not_picked":["WitchLeyline","PowerUp"],"picked":"EnergyFlow","floor":1.0},{"not_picked":["AsteroidBelt","DoubleSpark"],"picked":"OortCloud","floor":4.0},{"not_picked":["SporeBomb","MysteriousBeam"],"picked":"PulseMagic","floor":5.0},{"not_picked":["BlazeAway","ShootingEcho","UnstableBomb"],"picked":"Singing Bowl","floor":7.0},{"not_picked":["AbsoluteMagnitude","MagicChant"],"picked":"RefractionSpark","floor":11.0},{"not_picked":["UnstableBomb","OpenUniverse"],"picked":"Singularity","floor":13.0},{"not_picked":["StarDustReverie","BinaryStars"],"picked":"CollectingQuirk","floor":16.0},{"not_picked":["ShootingEcho+1","IllusionStar","LuminesStrike+1"],"picked":"Singing Bowl","floor":18.0},{"not_picked":["Singularity","GalacticHalo+1"],"picked":"MilkyWay+1","floor":21.0},{"not_picked":["FairyDestructionRay+1","ShootTheMoon"],"picked":"GalacticHalo","floor":23.0},{"not_picked":["ChargeUpSpray","StarlightTyphoon"],"picked":"AsteroidBelt","floor":27.0},{"not_picked":["SatelliteIllusion","OpenUniverse+1"],"picked":"SporeBomb","floor":28.0},{"not_picked":["SatelliteIllusion","BlazingStar"],"picked":"FinalSpark","floor":33.0},{"not_picked":["ShootingEcho+1","6A"],"picked":"ChargingUp+1","floor":35},{"not_picked":["EventHorizon","FairyDestructionRay"],"picked":"EnergyFlow","floor":36},{"not_picked":["MilkyWay","Singularity"],"picked":"MagicAbsorber","floor":38},{"not_picked":["Gensokyo:Dawn","Gensokyo:RisingWorld"],"picked":"Gensokyo:UnhurriedMind","floor":39},{"not_picked":["JA","PowerUp"],"picked":"MilkyWay","floor":40},{"not_picked":["OpenUniverse","Orbital+1"],"picked":"MagicAbsorber+1","floor":42},{"not_picked":["6A","GravityBeat","DarkMatter"],"picked":"Singing Bowl","floor":44},{"not_picked":["AsteroidBelt","ShootingEcho+1"],"picked":"EventHorizon","floor":46},{"not_picked":["Robbery+1","EnergyRecoil+1"],"picked":"SprinkleStarSeal+1","floor":48}],"player_experience":398388,"relics_obtained":[{"floor":5.0,"key":"Gensokyo:OccultBall"},{"floor":7.0,"key":"Gensokyo:OccultBall"},{"floor":7.0,"key":"Singing Bowl"},{"floor":9.0,"key":"TungstenRod"},{"floor":11.0,"key":"Darkstone Periapt"},{"floor":16.0,"key":"Gensokyo:OccultBall"},{"floor":23.0,"key":"Gensokyo:OccultBall"},{"floor":23.0,"key":"MealTicket"},{"floor":26.0,"key":"Art of War"},{"floor":33.0,"key":"Gensokyo:OccultBall"},{"floor":40,"key":"Regal Pillow"},{"floor":42,"key":"Mummified Hand"},{"floor":43,"key":"Toy Ornithopter"}],"event_choices":[],"is_beta":false,"boss_relics":[{"not_picked":["Velvet Choker","Runic Dome"],"picked":"Philosopher\u0027s Stone"},{"not_picked":["Runic Pyramid","Snecko Eye"],"picked":"Sozu"}],"items_purged_floors":[],"is_endless":false,"potions_floor_spawned":[1,11,13,21,23,27,33,38,40,44],"ascension_level":10}}