{"host":"g01l53quoe6lrer0","time":1610666559,"event":{"mods":["2.2 Compatiblity","AchievementEnabler","BaseMod","Colored Map","Highlight Path","Keyboard Shortcuts","Minty Spire (QoL Compilation)","Permanent Neow","StSLib","SuperFastMode","everything is the same but u backflip on backflip"],"gold_per_floor":[113,128,147,161,178,178,178,178,178,253,253,288,46,46,46],"floor_reached":14,"language":"KOR","playtime":248,"items_purged":["Strike_B"],"score":171,"play_id":"72a3d99b-a445-46c8-8809-d01b158cade6","local_time":"20210115082239","is_ascension_mode":true,"campfire_choices":[{"data":"Fusion","floor":6.0,"key":"SMITH"},{"data":"Zap","floor":8.0,"key":"SMITH"},{"floor":11.0,"key":"REST"}],"circlet_count":0,"master_deck":["AscendersBane","Strike_B","Strike_B","Strike_B","Defend_B","Defend_B","Defend_B","Defend_B","Zap+1","Dualcast","Blizzard","Compile Driver","Streamline","Fusion+1","Melter","Glacier"],"relics":["Cracked Core","NeowsBlessing","StrikeDummy","Torii","Incense Burner","Chemical X"],"acts_visited":["Exordium"],"potions_floor_usage":[],"damage_taken":[{"damage":0.0,"enemies":"Jaw Worm","floor":1.0,"turns":1.0},{"damage":0.0,"enemies":"Small Slimes","floor":2.0,"turns":1.0},{"damage":0.0,"enemies":"Cultist","floor":3.0,"turns":1.0},{"damage":9.0,"enemies":"Exordium Wildlife","floor":4.0,"turns":4.0},{"damage":5.0,"enemies":"2 Fungi Beasts","floor":5.0,"turns":3.0},{"damage":25.0,"enemies":"Lagavulin","floor":12.0,"turns":5.0},{"damage":24,"enemies":"Gremlin Nob","floor":14,"turns":3}],"seed_played":"636598464486983154","potions_obtained":[{"floor":2.0,"key":"ColorlessPotion"},{"floor":12.0,"key":"LiquidBronze"}],"is_trial":false,"path_per_floor":["M","M","M","M","M","R","?","R","T","?","R","E","$","E"],"character_chosen":"DEFECT","items_purchased":["Chemical X"],"campfire_rested":1,"item_purchase_floors":[13],"current_hp_per_floor":[64,64,64,55,50,50,39,39,39,28,49,24,24,0,0],"gold":46,"neow_bonus":"THREE_ENEMY_KILL","is_daily":false,"chose_seed":false,"campfire_upgraded":2,"win_rate":0.0,"timestamp":1610666559,"path_taken":["M","M","M","M","M","R","?","R","T","?","R","E","?","E"],"items_purchased_type":["Relic"],"build_version":"2020-12-22","purchased_purges":1,"victory":false,"max_hp_per_floor":[71,71,71,71,71,71,71,71,71,71,71,71,71,71,71],"card_choices":[{"not_picked":["Turbo","Hologram"],"picked":"Blizzard","floor":1.0},{"not_picked":["White Noise","Sweeping Beam"],"picked":"Compile Driver","floor":2.0},{"not_picked":["Hologram","Heatsinks"],"picked":"Streamline","floor":3.0},{"not_picked":["Rebound","Sweeping Beam"],"picked":"Fusion","floor":4.0},{"not_picked":["Blizzard","Gash"],"picked":"Melter","floor":5.0},{"not_picked":["Turbo","Scrape"],"picked":"Glacier","floor":12.0}],"player_experience":199257,"relics_obtained":[{"floor":9.0,"key":"Torii"},{"floor":12.0,"key":"Incense Burner"}],"event_choices":[{"damage_healed":0.0,"max_hp_gain":0.0,"max_hp_loss":0.0,"gold_gain":0.0,"event_name":"Scrap Ooze","player_choice":"Success","floor":7.0,"gold_loss":0.0,"damage_taken":11.0,"relics_obtained":["StrikeDummy"]},{"damage_healed":0.0,"max_hp_gain":0.0,"max_hp_loss":0.0,"gold_gain":75.0,"event_name":"World of Goop","player_choice":"Gather Gold","floor":10.0,"gold_loss":0.0,"damage_taken":11.0}],"is_beta":false,"boss_relics":[],"items_purged_floors":[13],"is_endless":false,"potions_floor_spawned":[2,12],"killed_by":"Gremlin Nob","ascension_level":18}}