{"host":"anox4050deqdcqoh","time":1610664961,"event":{"mods":["BaseMod","Colored Map","Highlight Path","Minty Spire (QoL Compilation)","Quick Restart","Rare Cards Sparkle","everything is the same but u backflip on backflip"],"gold_per_floor":[212,223,233,249,265,299,299,299,370,370,228,228,240,255,255,351,351,361,326,44,44,44],"floor_reached":21,"language":"ENG","playtime":1823,"items_purged":["Strike_G","Strike_G"],"score":210,"play_id":"dda423b1-6ca4-4e37-a338-a6898d584474","local_time":"20210114175601","is_ascension_mode":true,"campfire_choices":[{"data":"Bane","floor":7,"key":"SMITH"},{"data":"Dash","floor":10,"key":"SMITH"},{"data":"Well Laid Plans","floor":12,"key":"SMITH"},{"data":"Leg Sweep","floor":15,"key":"SMITH"}],"circlet_count":0,"master_deck":["Strike_G","Strike_G","Strike_G","Defend_G","Defend_G","Defend_G","Defend_G","Defend_G","Survivor","Neutralize","Deadly Poison","Dash+1","Well Laid Plans+1","Bane+1","Deadly Poison","Acrobatics","Leg Sweep+1","Terror","PiercingWail","Die Die Die","Leg Sweep+1","Catalyst+1","Caltrops"],"relics":["Ring of the Snake","Eternal Feather","Letter Opener","Black Star","Blood Vial"],"acts_visited":["Exordium","TheCity"],"potions_floor_usage":[6,6,21],"damage_taken":[{"damage":0,"enemies":"Small Slimes","floor":1,"turns":3},{"damage":11,"enemies":"Jaw Worm","floor":2,"turns":6},{"damage":0,"enemies":"Cultist","floor":3,"turns":3},{"damage":4,"enemies":"3 Louse","floor":4,"turns":4},{"damage":2,"enemies":"Looter","floor":5,"turns":3},{"damage":27,"enemies":"3 Sentries","floor":6,"turns":11},{"damage":0,"enemies":"Gremlin Gang","floor":13,"turns":5},{"damage":6,"enemies":"Exordium Thugs","floor":14,"turns":5},{"damage":20,"enemies":"Slime Boss","floor":16,"turns":10},{"damage":16,"enemies":"Shell Parasite","floor":18,"turns":6},{"damage":7,"enemies":"2 Thieves","floor":19,"turns":5},{"damage":63,"enemies":"Cultist and Chosen","floor":21,"turns":5}],"seed_played":"72912913361683082","potions_obtained":[{"floor":2,"key":"Ancient Potion"},{"floor":4,"key":"SteroidPotion"},{"floor":5,"key":"SteroidPotion"},{"floor":13,"key":"Block Potion"},{"floor":14,"key":"Strength Potion"},{"floor":16,"key":"Ancient Potion"}],"is_trial":false,"path_per_floor":["M","M","M","M","M","E","R","?","T","R","$","R","M","M","R","B",null,"M","M","$","M"],"character_chosen":"THE_SILENT","items_purchased":["Leg Sweep","Caltrops","Blood Vial"],"campfire_rested":0,"item_purchase_floors":[11,20,20],"current_hp_per_floor":[70,59,59,55,53,26,35,40,40,49,49,58,58,52,64,44,75,59,52,52,0,0],"gold":44,"neow_bonus":"HUNDRED_GOLD","is_daily":false,"chose_seed":false,"campfire_upgraded":4,"win_rate":0.0,"timestamp":1610664961,"path_taken":["M","M","M","M","M","E","R","?","T","R","$","R","M","M","R","BOSS","M","M","$","M"],"items_purchased_type":["Card","Card","Relic"],"build_version":"2020-12-22","purchased_purges":2,"victory":false,"max_hp_per_floor":[70,70,70,70,70,70,70,75,75,75,75,75,75,75,75,75,75,75,75,75,75,75],"card_choices":[{"not_picked":["Outmaneuver","Cloak And Dagger"],"picked":"Deadly Poison","floor":1},{"not_picked":["Quick Slash","Dodge and Roll"],"picked":"Dash","floor":2},{"not_picked":["Setup","Deflect"],"picked":"Well Laid Plans","floor":3},{"not_picked":["Accuracy","Calculated Gamble"],"picked":"Bane","floor":4},{"not_picked":["Outmaneuver","Flying Knee"],"picked":"Deadly Poison","floor":5},{"not_picked":["Well Laid Plans","Riddle With Holes"],"picked":"Acrobatics","floor":6},{"not_picked":["Concentrate","All Out Attack"],"picked":"Terror","floor":13},{"not_picked":["Distraction","Dagger Throw"],"picked":"PiercingWail","floor":14},{"not_picked":["Wraith Form v2","Tools of the Trade"],"picked":"Die Die Die","floor":16},{"not_picked":["Cloak And Dagger","Deadly Poison"],"picked":"Leg Sweep+1","floor":18},{"not_picked":["Footwork","Tactician"],"picked":"Catalyst+1","floor":19}],"player_experience":342066,"relics_obtained":[{"floor":6,"key":"Eternal Feather"},{"floor":9,"key":"Letter Opener"}],"event_choices":[{"damage_healed":0,"gold_gain":0,"player_choice":"Donut","damage_taken":0,"max_hp_gain":5,"max_hp_loss":0,"event_name":"Big Fish","floor":8,"gold_loss":0}],"is_beta":false,"boss_relics":[{"not_picked":["Snecko Eye","Ring of the Serpent"],"picked":"Black Star"}],"items_purged_floors":[11,20],"is_endless":false,"potions_floor_spawned":[2,4,5,13,14,16],"killed_by":"Cultist and Chosen","ascension_level":3}}