{"host":"7k2a2omxz3voj5ax","time":1610638530,"event":{"mods":["BaseMod","Marisa£¨ìFÓê¡¡Ä§ÀíÉ³£©","Minty Spire (QoL Compilation)","Quick Restart","Spicy Shops","StSLib","Starting Relic: Pandora\u0027s Box","óô»ðÖ¸ÄÏ"],"gold_per_floor":[112,124,139,153,172,2145,2178,1679,1753,1539,1549,1549,1624,1651,1216,1320,1320,1340,1340,1340,837,854,854,854],"floor_reached":23,"language":"ZHS","playtime":797,"items_purged":["Hello World","Zap","Steam","Chaos","Doom and Gloom"],"score":322,"play_id":"b899907b-9c83-419a-a607-5c8c5329cdfd","local_time":"20210115003530","is_ascension_mode":true,"campfire_choices":[{"floor":12.0,"key":"REST"}],"circlet_count":0,"master_deck":["AscendersBane","Dualcast","Undo","Hologram","Doom and Gloom","White Noise","Core Surge+1","Defragment","Amplify","Creative AI","Storm","Enlightenment","Darkness"],"relics":["Pandora\u0027s Box","TheAbacus","Boot","Molten Egg 2","Emotion Chip","Peace Pipe","OrangePellets","Inserter","Singing Bowl"],"acts_visited":["Exordium","TheCity"],"potions_floor_usage":[],"damage_taken":[{"damage":6.0,"enemies":"Small Slimes","floor":1.0,"turns":2.0},{"damage":6.0,"enemies":"Jaw Worm","floor":2.0,"turns":2.0},{"damage":0.0,"enemies":"Cultist","floor":3.0,"turns":3.0},{"damage":0.0,"enemies":"Large Slime","floor":4.0,"turns":3.0},{"damage":0.0,"enemies":"2 Fungi Beasts","floor":5.0,"turns":3.0},{"damage":39.0,"enemies":"Gremlin Nob","floor":7.0,"turns":5.0},{"damage":10.0,"enemies":"Lots of Slimes","floor":11.0,"turns":2.0},{"damage":1.0,"enemies":"Lagavulin","floor":14.0,"turns":5.0},{"damage":12.0,"enemies":"Slime Boss","floor":16.0,"turns":5.0},{"damage":20.0,"enemies":"Shell Parasite","floor":18.0,"turns":4.0},{"damage":5,"enemies":"Chosen","floor":22,"turns":5},{"damage":45,"enemies":"Gremlin Leader","floor":23,"turns":2}],"seed_played":"-641561190974122436","potions_obtained":[{"floor":2.0,"key":"Dexterity Potion"},{"floor":4.0,"key":"Fruit Juice"}],"is_trial":false,"path_per_floor":["M","M","M","M","M","R","E","R","T","R","M","R","?","E","R","B",null,"M","?","?","$","M","E"],"character_chosen":"DEFECT","items_purchased":["TheAbacus","Molten Egg 2","Core Surge+1","Emotion Chip","OrangePellets","Fission","Singing Bowl","Darkness"],"campfire_rested":1,"item_purchase_floors":[6,8,8,10,15,15,21,21],"current_hp_per_floor":[62,56,56,56,56,56,22,22,22,22,12,36,25,24,24,12,63,43,43,43,43,40,0,0],"gold":854,"neow_bonus":"TRANSFORM_CARD","is_daily":false,"chose_seed":false,"campfire_upgraded":0,"win_rate":0.0,"timestamp":1610638530,"path_taken":["M","M","M","M","M","R","E","R","T","R","M","R","?","E","R","BOSS","M","?","?","$","?","E"],"items_purchased_type":["Relic","Relic","Card","Relic","Relic","Card","Relic","Card"],"build_version":"2020-12-22","purchased_purges":5,"victory":false,"max_hp_per_floor":[75,75,75,75,75,75,80,80,80,80,80,80,80,80,80,80,80,80,80,80,80,82,82,82],"card_choices":[{"not_picked":["Rebound","White Noise","Leap"],"picked":"SKIP","floor":1.0},{"not_picked":["Rebound","Leap"],"picked":"White Noise","floor":1.0},{"not_picked":["Streamline","Fusion","Static Discharge"],"picked":"SKIP","floor":2.0},{"not_picked":["Hello World","FTL","Melter"],"picked":"SKIP","floor":3.0},{"not_picked":["Go for the Eyes","Genetic Algorithm","Auto Shields"],"picked":"SKIP","floor":4.0},{"not_picked":["Leap","Barrage","BootSequence"],"picked":"SKIP","floor":5.0},{"not_picked":["Chill","Sunder","Steam Power"],"picked":"SKIP","floor":7.0},{"not_picked":["Heatsinks","Steam","BootSequence"],"picked":"SKIP","floor":11.0},{"not_picked":["Barrage+1","Lockon+1"],"picked":"Defragment","floor":14.0},{"not_picked":["Thunder Strike+1","Buffer"],"picked":"Amplify","floor":16.0},{"not_picked":["Gash+1","Cold Snap+1","Compile Driver+1"],"picked":"SKIP","floor":18.0},{"not_picked":["Conserve Battery","Melter+1","Streamline+1"],"picked":"Singing Bowl","floor":22}],"player_experience":442499,"relics_obtained":[{"floor":7.0,"key":"Boot"},{"floor":14.0,"key":"Peace Pipe"}],"event_choices":[{"damage_healed":0.0,"max_hp_gain":0.0,"max_hp_loss":0.0,"gold_gain":75.0,"event_name":"World of Goop","player_choice":"Gather Gold","floor":13.0,"gold_loss":0.0,"damage_taken":11.0},{"damage_healed":0.0,"max_hp_gain":0.0,"max_hp_loss":0.0,"gold_gain":0.0,"cards_transformed":["Beam Cell","Fission"],"event_name":"Drug Dealer","player_choice":"Became Test Subject","floor":19.0,"gold_loss":0.0,"damage_taken":0.0,"cards_obtained":["Creative AI","Storm"]},{"damage_healed":0.0,"max_hp_gain":0.0,"max_hp_loss":0.0,"gold_gain":0.0,"event_name":"Match and Keep!","player_choice":"1 cards matched","floor":20.0,"gold_loss":0.0,"damage_taken":0.0,"cards_obtained":["Enlightenment"]}],"is_beta":false,"boss_relics":[{"not_picked":["Fusion Hammer","Busted Crown"],"picked":"Inserter"}],"items_purged_floors":[6,8,10,15,21],"is_endless":false,"potions_floor_spawned":[2,4,11,14,16,22],"killed_by":"Gremlin Leader","ascension_level":12}}