{"host":"4hkuu26ltn0le3bk","time":1610658674,"event":{"mods":["100% Spire Juice","Arknights The Spire","Astrologer","BaseMod","BetterRewards","Clockwork Mod","Colored Map","Colored Powertips","Downfall","Friendly Minions","Gremlin Mod","Hermit","Marisa????????","Minty Spire (QoL Compilation)","Quick Restart","StSLib","Td1madao Mod","The Bug Knight","The Construct","The Cursed","The Disciple","The Factory","The Hierophant","The Jungle","The Servant 0.9.4"],"gold_per_floor":[115,115,115,115,115,115,70,94,94,110,129,145,159,183,183,304,304,84,100,119,143,23,23,64,64,135,158,60,60,60,79,79,205,148,168,168,168,183,103,137,137,156,156,156,156,156],"floor_reached":45,"language":"ENG","playtime":2427,"items_purged":["Moonworks:Strike","Moonworks:Gamble"],"score":480,"play_id":"e064ba88-5bbb-47b5-8d7b-fe352d977585","local_time":"20210114161114","is_ascension_mode":false,"campfire_choices":[{"data":"expansioncontent:CaCaw","floor":6.0,"key":"SMITH"},{"floor":15.0,"key":"RECALL"},{"data":"Moonworks:MiracleWalker","floor":23.0,"key":"SMITH"},{"data":"Moonworks:Wanted","floor":25.0,"key":"SMITH"},{"floor":30.0,"key":"REST"},{"floor":32.0,"key":"REST"},{"floor":41.0,"key":"REST"},{"data":"Metamorphosis","floor":44.0,"key":"SMITH"}],"circlet_count":0,"master_deck":["Moonworks:Strike","Moonworks:Defend+1","Moonworks:Defend","Moonworks:Defend+1","Moonworks:Defend","Moonworks:Ambush","Moonworks:LongDistanceShot","Moonworks:SakisCookie","Moonworks:SakisCookie","Moonworks:JonathanRush","Moonworks:JonathanRush","Moonworks:BeyondHell","Moonworks:MiracleWalker+1","Moonworks:Bloodlust","Moonworks:PlushieMaster","Moonworks:SakisCookie","Moonworks:JonathanRush+1","Moonworks:AwakeningOfTalent","Moonworks:Wanted+1","Moonworks:CloudOfSeagulls+1","Moonworks:EvilSpyWorkPreparation","Moonworks:TacticalRetreat","Moonworks:NicePresent","Moonworks:CloudOfSeagulls+1","Moonworks:FullSpeedAlicianrone","expansioncontent:Corrupt","Swift Strike","Metamorphosis+1","Moonworks:CloudOfSeagulls+1","Moonworks:EvilSpyWorkPreparation","Moonworks:Heat300Percent+1"],"relics":["Moonworks:BrokenBomb","Moonworks:Homemark","Golden Idol","The Courier","HollowMod:StagPassRelic","construct:WeddingRing","Turnip","Frozen Egg 2","Regal Pillow","Tiny House","Ginger","Ornamental Fan"],"acts_visited":["Exordium","TheCity","TheBeyond"],"potions_floor_usage":[45,45],"damage_taken":[{"damage":0.0,"enemies":"2 Louse","floor":1.0,"turns":4.0},{"damage":2.0,"enemies":"Jaw Worm","floor":8.0,"turns":4.0},{"damage":0.0,"enemies":"Cultist","floor":10.0,"turns":3.0},{"damage":2.0,"enemies":"Lots of Slimes","floor":11.0,"turns":5.0},{"damage":6.0,"enemies":"2 Fungi Beasts","floor":12.0,"turns":3.0},{"damage":0.0,"enemies":"Exordium Wildlife","floor":13.0,"turns":3.0},{"damage":4.0,"enemies":"Looter","floor":14.0,"turns":3.0},{"damage":4.0,"enemies":"Slime Boss","floor":16.0,"turns":2.0},{"damage":14.0,"enemies":"Chosen","floor":18.0,"turns":5.0},{"damage":0.0,"enemies":"Spheric Guardian","floor":19.0,"turns":2.0},{"damage":38.0,"enemies":"Shelled Parasite and Fungi","floor":20.0,"turns":6.0},{"damage":25.0,"enemies":"Snake Plant","floor":21.0,"turns":5.0},{"damage":5.0,"enemies":"Gremlin Leader","floor":24.0,"turns":6.0},{"damage":48.0,"enemies":"Snecko","floor":31.0,"turns":6.0},{"damage":48.0,"enemies":"Collector","floor":33.0,"turns":9.0},{"damage":23.0,"enemies":"3 Darklings","floor":35.0,"turns":5.0},{"damage":4.0,"enemies":"3 Shapes","floor":38.0,"turns":4.0},{"damage":16.0,"enemies":"Giant Head","floor":40.0,"turns":5.0},{"damage":31.0,"enemies":"Jaw Worm Horde","floor":42.0,"turns":4.0},{"damage":50,"enemies":"Transient","floor":45,"turns":5}],"seed_played":"8670674662028195555","potions_obtained":[{"floor":1.0,"key":"DistilledChaos"},{"floor":10.0,"key":"FearPotion"},{"floor":11.0,"key":"Weak Potion"},{"floor":21.0,"key":"SteroidPotion"},{"floor":33.0,"key":"Regen Potion"},{"floor":34.0,"key":"EssenceOfSteel"},{"floor":38.0,"key":"Explosive Potion"},{"floor":40.0,"key":"Regen Potion"}],"is_trial":false,"path_per_floor":["M","?","?","$","T","R","?","M","T","M","M","M","M","M","R","B",null,"M","M","M","M","?","R","E","R","T","T","$","?","R","M","R","B",null,"M","?","?","M","$","E","R","M","T","R","M"],"character_chosen":"THE_STARBREAKER","items_purchased":["Moonworks:CloudOfSeagulls"],"campfire_rested":3,"item_purchase_floors":[28],"current_hp_per_floor":[60,45,33,33,33,33,27,25,25,27,27,21,21,17,17,17,60,55,55,34,11,11,11,14,14,14,14,14,14,47,7,40,10,65,44,34,34,36,36,27,61,30,30,30,0,0],"gold":156,"neow_bonus":"RANDOM_COLORLESS","is_daily":false,"chose_seed":false,"campfire_upgraded":4,"win_rate":0.0,"timestamp":1610658674,"path_taken":["M","?","?","$","?","R","?","M","T","?","M","M","M","M","R","BOSS","M","?","M","M","?","R","E","R","T","?","$","?","R","M","R","BOSS","M","?","?","M","$","E","R","M","T","R","M"],"items_purchased_type":["Card"],"build_version":"2020-12-22","purchased_purges":2,"victory":false,"max_hp_per_floor":[60,60,60,60,60,60,60,60,60,60,60,60,60,60,60,60,60,60,60,60,60,60,60,60,60,60,60,60,60,60,60,60,60,65,65,65,65,65,65,65,65,65,65,65,65,65],"card_choices":[{"not_picked":["Purity","expansioncontent:Flail"],"picked":"expansioncontent:CaCaw","floor":0.0},{"not_picked":["Moonworks:Assault","Moonworks:RedAndBlue"],"picked":"Moonworks:SakisCookie","floor":1.0},{"not_picked":["Moonworks:IndiscriminateFireSupport","Moonworks:JonathanRush"],"picked":"Moonworks:SakisCookie","floor":8.0},{"not_picked":["Moonworks:TacticalRetreat","Moonworks:SealedMemories"],"picked":"Moonworks:JonathanRush","floor":10.0},{"not_picked":["Moonworks:DevilHand","Moonworks:DeployBits"],"picked":"Moonworks:JonathanRush","floor":11.0},{"not_picked":["Moonworks:BigBangBell","Moonworks:IntelligenceOfficer"],"picked":"Moonworks:BeyondHell","floor":12.0},{"not_picked":["Moonworks:ImmovableObject","Moonworks:SelfDestruct"],"picked":"Moonworks:MiracleWalker","floor":13.0},{"not_picked":["Moonworks:ReproductionOfRecords","Moonworks:EvilSpyWorkPreparation"],"picked":"Moonworks:Bloodlust","floor":14.0},{"not_picked":["Moonworks:SubspaceTunnel","Moonworks:GoAway"],"picked":"Moonworks:PlushieMaster","floor":16.0},{"not_picked":["Moonworks:DeployBits","Moonworks:IndiscriminateFireSupport"],"picked":"Moonworks:SakisCookie","floor":18.0},{"not_picked":["Moonworks:EvilSpyWorkPreparation","Moonworks:RocketCannon"],"picked":"Moonworks:JonathanRush","floor":19.0},{"not_picked":["Moonworks:IndiscriminateFireSupport","Moonworks:Heat300Percent","Moonworks:SealedMemories"],"picked":"SKIP","floor":20.0},{"not_picked":["Moonworks:ImOnFire+1","Moonworks:BigMagnum","Moonworks:RagingMadness"],"picked":"SKIP","floor":21.0},{"not_picked":["Moonworks:LulusLuckyEgg","Moonworks:Assault"],"picked":"Moonworks:Wanted","floor":24.0},{"not_picked":["Moonworks:MiracleRedBeanIceCream","Moonworks:BigMagnum+1"],"picked":"Moonworks:NicePresent","floor":31.0},{"not_picked":["Moonworks:OutOfAmmo+1","Moonworks:Wanted"],"picked":"Moonworks:Gamble","floor":33.0},{"not_picked":["Moonworks:BackdoorTrade","Moonworks:Assault"],"picked":"Moonworks:CloudOfSeagulls+1","floor":34.0},{"not_picked":["Moonworks:Flamethrower","Moonworks:Assault+1"],"picked":"Moonworks:FullSpeedAlicianrone","floor":35.0},{"not_picked":["expansioncontent:SuperHexaguard","expansioncontent:YouAreMine"],"picked":"expansioncontent:Corrupt","floor":36.0},{"not_picked":["expansioncontent:Hexaburn","expansioncontent:DonusPower"],"picked":"Swift Strike","floor":36.0},{"not_picked":["The Bomb","Swift Strike"],"picked":"Metamorphosis","floor":36.0},{"not_picked":["Moonworks:ExtendedPhotonRifle+1","Moonworks:SakisCookie+1"],"picked":"Moonworks:CloudOfSeagulls+1","floor":38.0},{"not_picked":["Moonworks:SakisCookie+1","Moonworks:AngelHand"],"picked":"Moonworks:EvilSpyWorkPreparation","floor":40.0},{"not_picked":["Moonworks:UnluckyCharm","Moonworks:BeyondHell+1"],"picked":"Moonworks:Heat300Percent+1","floor":42.0}],"player_experience":203571,"relics_obtained":[{"floor":5.0,"key":"The Courier"},{"floor":9.0,"key":"HollowMod:StagPassRelic"},{"floor":24.0,"key":"Turnip"},{"floor":26.0,"key":"Frozen Egg 2"},{"floor":27.0,"key":"Regal Pillow"},{"floor":40.0,"key":"Ginger"},{"floor":43.0,"key":"Ornamental Fan"}],"event_choices":[{"damage_healed":0.0,"max_hp_gain":0.0,"max_hp_loss":0.0,"gold_gain":0.0,"event_name":"Golden Idol","player_choice":"Take Damage","floor":2.0,"gold_loss":0.0,"damage_taken":15.0,"relics_obtained":["Golden Idol"]},{"damage_healed":0.0,"max_hp_gain":0.0,"max_hp_loss":0.0,"gold_gain":0.0,"event_name":"Shining Light","player_choice":"Entered Light","floor":3.0,"gold_loss":0.0,"damage_taken":12.0,"cards_upgraded":["Moonworks:Defend","Moonworks:Defend"]},{"damage_healed":0.0,"max_hp_gain":0.0,"max_hp_loss":0.0,"gold_gain":75.0,"event_name":"FaceTrader","player_choice":"Touch","floor":7.0,"gold_loss":0.0,"damage_taken":6.0},{"damage_healed":0.0,"max_hp_gain":0.0,"max_hp_loss":0.0,"gold_gain":0.0,"event_name":"The Library","player_choice":"Read","floor":22.0,"gold_loss":0.0,"damage_taken":0.0,"cards_obtained":["Moonworks:AwakeningOfTalent"]},{"damage_healed":0.0,"max_hp_gain":0.0,"max_hp_loss":0.0,"gold_gain":0.0,"cards_transformed":["Moonworks:Strike","Moonworks:Strike"],"event_name":"Drug Dealer","player_choice":"Became Test Subject","floor":29.0,"gold_loss":0.0,"damage_taken":0.0,"cards_obtained":["Moonworks:EvilSpyWorkPreparation","Moonworks:TacticalRetreat"]},{"damage_healed":0.0,"max_hp_gain":0.0,"max_hp_loss":0.0,"gold_gain":0.0,"event_name":"SensoryStone","player_choice":"Memory 3","floor":36.0,"gold_loss":0.0,"damage_taken":10.0},{"cards_removed":["expansioncontent:CaCaw"],"damage_healed":0.0,"max_hp_gain":0.0,"max_hp_loss":0.0,"gold_gain":0.0,"event_name":"Falling","player_choice":"Removed Power","floor":37.0,"gold_loss":0.0,"damage_taken":0.0}],"is_beta":false,"boss_relics":[{"not_picked":["Black Star","Sozu"],"picked":"construct:WeddingRing"},{"not_picked":["Velvet Choker","Calling Bell"],"picked":"Tiny House"}],"items_purged_floors":[28,39],"is_endless":false,"potions_floor_spawned":[1,10,11,18,20,21,33,38,40],"killed_by":"Transient","ascension_level":0}}