{"host":"qik6c64y69p9jmph","time":1610658071,"event":{"mods":["AchievementEnabler","BaseMod","BetterRewards","Highlight Path","Minty Spire (QoL Compilation)","Quick Restart","Replay The Spire","StSLib","Synergy Search"],"gold_per_floor":[17,92,112,112,124,124,137,137,189,189,32,32,67,85,85,85,85],"floor_reached":16,"language":"ENG","playtime":615,"items_purged":[],"score":120,"play_id":"e38a763a-dadd-4841-874a-0d2e5589c7d5","local_time":"20210114160111","is_ascension_mode":true,"campfire_choices":[{"data":"Fire Breathing","floor":6,"key":"SMITH"},{"data":"Rampage","floor":8,"key":"SMITH"},{"data":"Body Slam","floor":15,"key":"SMITH"}],"circlet_count":0,"master_deck":["Strike_R","Strike_R","Strike_R","Strike_R","Strike_R","Defend_R","Defend_R","Defend_R","Defend_R+1","ReplayTheSpireMod:Stacked","Rampage+1","Fire Breathing+1","Wild Strike","Flame Barrier","Body Slam+1"],"relics":["Burning Blood","Peace Pipe","Blood Vial","Medical Kit","Gremlin Food","Vajra"],"acts_visited":["Exordium"],"potions_floor_usage":[13,13],"damage_taken":[{"damage":0,"enemies":"2 Louse","floor":1,"turns":4},{"damage":6,"enemies":"Cultist","floor":3,"turns":3},{"damage":7,"enemies":"Small Slimes","floor":5,"turns":3},{"damage":0,"enemies":"Exordium Wildlife","floor":7,"turns":4},{"damage":23,"enemies":"Replay:BlueRogue","floor":13,"turns":6},{"damage":3,"enemies":"Blue Slaver","floor":14,"turns":5},{"damage":68,"enemies":"The Guardian","floor":16,"turns":11}],"seed_played":"-8869803805334455853","potions_obtained":[{"floor":1,"key":"LiquidBronze"},{"floor":7,"key":"SpeedPotion"}],"is_trial":false,"path_per_floor":["M","?","M","?","M","R","M","R","T","?","$","?","E","M","R","B"],"character_chosen":"IRONCLAD","items_purchased":["Medical Kit"],"campfire_rested":0,"item_purchase_floors":[11],"current_hp_per_floor":[80,69,69,69,68,68,74,74,74,74,74,71,56,61,61,0,0],"gold":85,"neow_bonus":"ONE_RARE_RELIC","is_daily":false,"chose_seed":false,"campfire_upgraded":3,"win_rate":0.0,"timestamp":1610658071,"path_taken":["M","?","M","?","?","R","M","R","T","?","?","?","E","M","R","BOSS"],"items_purchased_type":["Relic"],"build_version":"2020-12-22","purchased_purges":0,"victory":false,"max_hp_per_floor":[80,80,80,80,80,80,80,80,80,80,80,80,80,80,80,80,80],"card_choices":[{"not_picked":["ReplayTheSpireMod:Limb From Limb","Combust","Clothesline"],"picked":"SKIP","floor":1},{"not_picked":["Warcry","Cleave"],"picked":"ReplayTheSpireMod:Stacked","floor":3},{"not_picked":["Sever Soul","Combust"],"picked":"Fire Breathing","floor":5},{"not_picked":["Perfected Strike","Thunderclap"],"picked":"Wild Strike","floor":7},{"not_picked":["Ghostly Armor","Dual Wield"],"picked":"Flame Barrier","floor":13},{"not_picked":["Havoc","Warcry"],"picked":"Body Slam","floor":14}],"player_experience":495880,"relics_obtained":[{"floor":9,"key":"Blood Vial"},{"floor":13,"key":"Vajra"}],"event_choices":[{"damage_healed":0,"gold_gain":75,"player_choice":"Gather Gold","damage_taken":11,"max_hp_gain":0,"max_hp_loss":0,"event_name":"World of Goop","floor":2,"gold_loss":0},{"damage_healed":0,"gold_gain":0,"cards_transformed":["Bash"],"player_choice":"Transformed","damage_taken":0,"max_hp_gain":0,"max_hp_loss":0,"event_name":"Transmorgrifier","floor":4,"gold_loss":0,"cards_obtained":["Rampage"]},{"damage_healed":0,"gold_gain":0,"player_choice":"Success","damage_taken":3,"relics_obtained":["Gremlin Food"],"max_hp_gain":0,"max_hp_loss":0,"event_name":"Scrap Ooze","floor":12,"gold_loss":0}],"is_beta":false,"boss_relics":[],"items_purged_floors":[],"is_endless":false,"potions_floor_spawned":[1,7],"killed_by":"The Guardian","ascension_level":4}}