{"host":"dvmlwakpkji5sbch","time":1610623171,"event":{"mods":["BaseMod","Faster Ascension Climbing","Minty Spire (QoL Compilation)","Permanent Neow","Relic Stats"],"gold_per_floor":[115,115,127,141,141,141,158,158,158,189,206,206,206,240,240,314,314,325,325,119,89,103,136,136,136,136],"floor_reached":25,"language":"ENG","playtime":1511,"items_purged":["Body Slam"],"score":458,"play_id":"1d987d3c-d305-4170-93a3-bc7b1efc8e53","local_time":"20210114141931","is_ascension_mode":true,"campfire_choices":[{"data":"Searing Blow","floor":6.0,"key":"SMITH"},{"data":"Searing Blow+1","floor":8.0,"key":"SMITH"},{"data":"Searing Blow+2","floor":12.0,"key":"SMITH"},{"data":"Searing Blow+4","floor":15.0,"key":"SMITH"},{"data":"Searing Blow+5","floor":24.0,"key":"SMITH"}],"circlet_count":0,"master_deck":["AscendersBane","Bash","Corruption","True Grit","Searing Blow+6","Bludgeon","Battle Trance","Immolate","Offering","Reckless Charge","Evolve+1","Body Slam","Juggernaut+1","Flex","Exhume","Second Wind","Intimidate","Power Through","Bloodletting"],"relics":["Burning Blood","Darkstone Periapt","Frozen Egg 2","Ancient Tea Set","Incense Burner","Pandora\u0027s Box","Pen Nib"],"acts_visited":["Exordium","TheCity"],"potions_floor_usage":[25],"damage_taken":[{"damage":7.0,"enemies":"Small Slimes","floor":1.0,"turns":4.0},{"damage":0.0,"enemies":"Cultist","floor":3.0,"turns":4.0},{"damage":4.0,"enemies":"Jaw Worm","floor":4.0,"turns":5.0},{"damage":20.0,"enemies":"Exordium Thugs","floor":7.0,"turns":5.0},{"damage":38.0,"enemies":"3 Sentries","floor":10.0,"turns":11.0},{"damage":13.0,"enemies":"Gremlin Gang","floor":11.0,"turns":6.0},{"damage":20.0,"enemies":"Lagavulin","floor":14.0,"turns":7.0},{"damage":15.0,"enemies":"Hexaghost","floor":16.0,"turns":7.0},{"damage":16.0,"enemies":"2 Thieves","floor":18.0,"turns":3.0},{"damage":13.0,"enemies":"3 Byrds","floor":22.0,"turns":5.0},{"damage":27.0,"enemies":"Gremlin Leader","floor":23.0,"turns":5.0},{"damage":25,"enemies":"Slavers","floor":25,"turns":2}],"seed_played":"-3363737205523122667","potions_obtained":[{"floor":2.0,"key":"SkillPotion"},{"floor":2.0,"key":"ColorlessPotion"},{"floor":3.0,"key":"Explosive Potion"},{"floor":7.0,"key":"Strength Potion"},{"floor":11.0,"key":"Regen Potion"},{"floor":14.0,"key":"Strength Potion"},{"floor":16.0,"key":"SkillPotion"},{"floor":21.0,"key":"CultistPotion"},{"floor":23.0,"key":"Strength Potion"}],"is_trial":false,"path_per_floor":["M","?","M","M","?","R","M","R","T","E","M","R","?","E","R","B",null,"M","?","$","?","M","E","R","E"],"character_chosen":"IRONCLAD","items_purchased":["Bloodletting","PowerPotion"],"campfire_rested":0,"item_purchase_floors":[20,20],"current_hp_per_floor":[67,67,73,75,75,75,61,61,61,29,22,22,22,22,22,13,60,50,50,50,50,43,22,22,0,0],"gold":136,"neow_bonus":"ONE_RANDOM_RARE_CARD","is_daily":false,"chose_seed":false,"campfire_upgraded":5,"win_rate":0.0,"timestamp":1610623171,"path_taken":["M","?","M","?","?","R","?","R","T","E","?","R","?","E","R","BOSS","M","?","$","?","M","E","R","E"],"items_purchased_type":["Card","Potion"],"build_version":"2020-12-22","purchased_purges":1,"victory":false,"max_hp_per_floor":[75,75,75,75,75,75,75,75,75,75,75,75,75,75,75,75,75,75,75,75,75,75,75,75,75,75],"relic_stats":{"Darkstone Periapt":0,"counters":[12,64],"Pandora\u0027s Box":["Reckless Charge","Evolve","Body Slam","Juggernaut","Body Slam","Flex","Exhume","Second Wind","Intimidate"],"Pen Nib":[0],"obtain_stats":[{"Darkstone Periapt":5,"Pandora\u0027s Box":17,"Pen Nib":23,"Incense Burner":14,"Frozen Egg 2":9,"Ancient Tea Set":10,"Burning Blood":0},{"Darkstone Periapt":3,"Pandora\u0027s Box":8,"Pen Nib":11,"Incense Burner":7,"Frozen Egg 2":4,"Ancient Tea Set":5,"Burning Blood":0},{"Darkstone Periapt":13,"Pandora\u0027s Box":49,"Pen Nib":62,"Incense Burner":42,"Frozen Egg 2":18,"Ancient Tea Set":29,"Burning Blood":0}],"Burning Blood":66},"card_choices":[{"not_picked":["Body Slam","Flex"],"picked":"True Grit","floor":1.0},{"not_picked":["Inflame","Headbutt"],"picked":"Searing Blow","floor":3.0},{"not_picked":["Sword Boomerang","Havoc"],"picked":"Bludgeon","floor":4.0},{"not_picked":["Body Slam","Searing Blow","Wild Strike"],"picked":"SKIP","floor":7.0},{"not_picked":["Iron Wave","Pommel Strike","Corruption+1"],"picked":"SKIP","floor":10.0},{"not_picked":["Body Slam","Pommel Strike"],"picked":"Battle Trance","floor":11.0},{"not_picked":["Wild Strike","Corruption+1"],"picked":"Immolate","floor":14.0},{"not_picked":["Impervious","Juggernaut+1"],"picked":"Offering","floor":16.0},{"not_picked":["Iron Wave","Perfected Strike","Heavy Blade"],"picked":"SKIP","floor":18.0},{"not_picked":["Infernal Blade+1","Body Slam","Anger"],"picked":"SKIP","floor":22.0},{"not_picked":["Havoc","Twin Strike","Clash"],"picked":"SKIP","floor":23.0}],"player_experience":316896,"relics_obtained":[{"floor":9.0,"key":"Frozen Egg 2"},{"floor":10.0,"key":"Ancient Tea Set"},{"floor":14.0,"key":"Incense Burner"},{"floor":23.0,"key":"Pen Nib"}],"event_choices":[{"damage_healed":0.0,"max_hp_gain":0.0,"max_hp_loss":0.0,"gold_gain":0.0,"event_name":"Lab","player_choice":"Got Potions","floor":2.0,"gold_loss":0.0,"damage_taken":0.0},{"damage_healed":0.0,"max_hp_gain":0.0,"max_hp_loss":0.0,"gold_gain":0.0,"event_name":"WeMeetAgain","player_choice":"Gave Potion","floor":5.0,"gold_loss":0.0,"damage_taken":0.0,"relics_obtained":["Darkstone Periapt"]},{"damage_healed":0.0,"max_hp_gain":0.0,"max_hp_loss":0.0,"gold_gain":0.0,"event_name":"Living Wall","player_choice":"Grow","floor":13.0,"gold_loss":0.0,"damage_taken":0.0,"cards_upgraded":["Searing Blow"]},{"damage_healed":0.0,"max_hp_gain":0.0,"max_hp_loss":0.0,"gold_gain":0.0,"event_name":"The Library","player_choice":"Read","floor":19.0,"gold_loss":0.0,"damage_taken":0.0,"cards_obtained":["Power Through"]},{"damage_healed":0.0,"max_hp_gain":0.0,"max_hp_loss":0.0,"gold_gain":0.0,"event_name":"The Woman in Blue","player_choice":"Bought 2 Potions","floor":21.0,"gold_loss":0.0,"damage_taken":0.0}],"is_beta":false,"boss_relics":[{"not_picked":["Calling Bell","Runic Dome"],"picked":"Pandora\u0027s Box"}],"items_purged_floors":[20],"is_endless":false,"potions_floor_spawned":[3,7,11,14,16,23],"killed_by":"Slavers","ascension_level":20}}