{"host":"38abhf7uonnoqlzr","time":1610666523,"event":{"mods":["Act Like it!","Aspiration","BaseMod","Better Note","Better Third Choice","Block Reminder","CapriCore","Colored Map","Conspire","Displayed Cursed Tome","Dota2Spire","Downfall","Energized Spire","Friendly Minions","Hallownest","Hubris","Minty Spire (QoL Compilation)","Pale of the Ancients","Rare Cards Sparkle","Relic Stats","Replay The Spire","Spicy Shops","StSLib","TheWitcher","Waifu the Spire"],"gold_per_floor":[110,177,177,177,211,238,266,266,299,299,299,324,344,376,60,85,177,183,183],"floor_reached":18,"language":"ENG","playtime":2116,"items_purged":[],"score":157,"play_id":"7f1dd731-ab63-493e-986e-59bcb247e7c1","local_time":"20210115002203","is_ascension_mode":false,"campfire_choices":[{"floor":8,"key":"REST"},{"data":"SnafuTest:PowerContactIsContract","floor":10,"key":"SMITH"}],"circlet_count":0,"master_deck":["SnafuTest:DefaultCommonAttack","SnafuTest:DefaultCommonAttack","SnafuTest:DefaultCommonAttack","SnafuTest:BountyHunt","SnafuTest:DefaultCommonSkill","SnafuTest:DefaultCommonSkill","SnafuTest:DefaultCommonSkill","SnafuTest:SignAard","SnafuTest:DesperateRemediation","SnafuTest:PowerMartialMagical","SnafuTest:FlashingRaid","SnafuTest:PayWeaponSmith","SnafuTest:PowerContactIsContract+1","SnafuTest:PowerBloodLust","SnafuTest:SpellLifeDrain","SnafuTest:Shooting","SnafuTest:AssassinOfKings"],"relics":["SnafuTest:UnstableMutagenRelic","Regal Pillow","conspire:TopHat","Dota2Spire:ShadowBlade","Art of War","Nunchaku","Dota2Spire:HeartOfTarrasque","Dota2Spire:PhaseBoots"],"acts_visited":["Exordium"],"potions_floor_usage":[14,14,18,18],"damage_taken":[{"damage":9,"enemies":"Hallownest:2_MossCreeps","floor":1,"turns":6},{"damage":2,"enemies":"2_ Uuma","floor":5,"turns":5},{"damage":10,"enemies":"Hallownest:monsterHuskGuard","floor":6,"turns":6},{"damage":1,"enemies":"Hallownest:monsterAspidMother","floor":7,"turns":6},{"damage":10,"enemies":"Hallownest:eliteMossKnight","floor":9,"turns":7},{"damage":31,"enemies":"Hallownest:eliteCrystalGuardian","floor":12,"turns":7},{"damage":4,"enemies":"Hallownest:monsterMossCharger","floor":13,"turns":5},{"damage":15,"enemies":"Hallownest:eliteVengeflyKing","floor":14,"turns":8},{"damage":10,"enemies":"Hallownest:1_Ooma_and_2_Uuma","floor":16,"turns":7},{"damage":20,"enemies":"Hallownest:BossBrokenVessel","floor":18,"turns":8}],"seed_played":"6176410428821880876","potions_obtained":[{"floor":12,"key":"champ:CounterPotion"},{"floor":13,"key":"Cursed Concoction"},{"floor":14,"key":"Venom Potion"},{"floor":16,"key":"DistilledChaos"}],"is_trial":false,"path_per_floor":["M","?","PTL","PTL","M","M","M","R","E","R","T","E","M","?","$","M","R_BF","B"],"character_chosen":"THE_WITCHER","items_purchased":["Nunchaku","Dota2Spire:HeartOfTarrasque","Dota2Spire:PhaseBoots"],"campfire_rested":1,"item_purchase_floors":[15,15,15],"current_hp_per_floor":[73,73,73,73,71,61,60,82,72,72,72,41,37,22,30,20,20,0,0],"gold":183,"neow_bonus":"TEN_PERCENT_HP_BONUS","is_daily":false,"chose_seed":false,"campfire_upgraded":1,"win_rate":0.0,"timestamp":1610666523,"path_taken":["M","?","PTL","PTL","M","M","M","R","E","R","T","E","M","?","$","?","R_BF","BOSS"],"items_purchased_type":["Relic","Relic","Relic"],"build_version":"2020-12-22","purchased_purges":0,"victory":false,"max_hp_per_floor":[82,82,82,82,82,82,82,82,82,82,82,82,82,82,90,90,90,90,90],"relic_stats":{"Regal Pillow":0,"Nunchaku":[3],"counters":[10,65],"Art of War":[2],"obtain_stats":[{"Regal Pillow":9,"Nunchaku":15,"SnafuTest:UnstableMutagenRelic":0,"Dota2Spire:ShadowBlade":12,"Art of War":14,"Dota2Spire:HeartOfTarrasque":15,"conspire:TopHat":11,"Dota2Spire:PhaseBoots":15},{"Regal Pillow":5,"Nunchaku":8,"SnafuTest:UnstableMutagenRelic":0,"Dota2Spire:ShadowBlade":6,"Art of War":8,"Dota2Spire:HeartOfTarrasque":8,"conspire:TopHat":5,"Dota2Spire:PhaseBoots":8},{"Regal Pillow":30,"Nunchaku":50,"SnafuTest:UnstableMutagenRelic":0,"Dota2Spire:ShadowBlade":37,"Art of War":50,"Dota2Spire:HeartOfTarrasque":50,"conspire:TopHat":30,"Dota2Spire:PhaseBoots":50}]},"card_choices":[{"not_picked":["SnafuTest:AncestralRitual","SnafuTest:SwiftAssault"],"picked":"SnafuTest:DesperateRemediation","floor":1},{"not_picked":["SnafuTest:SuddenPuncture","SnafuTest:SpellBlindFury"],"picked":"SnafuTest:PowerMartialMagical","floor":5},{"not_picked":["SnafuTest:SpellButterflyIllusion","SnafuTest:Shooting"],"picked":"SnafuTest:FlashingRaid","floor":6},{"not_picked":["SnafuTest:ExcessiveLevies","SnafuTest:BombMoonDust"],"picked":"SnafuTest:PayWeaponSmith","floor":7},{"not_picked":["SnafuTest:SpellBitingFrost","SnafuTest:PaySmithWorkshop"],"picked":"SnafuTest:PowerContactIsContract","floor":9},{"not_picked":["SnafuTest:PowerVainGlory","SnafuTest:PayWeaponSmith"],"picked":"SnafuTest:PowerBloodLust","floor":12},{"not_picked":["SnafuTest:BombNorthernWind","SnafuTest:BombSamum"],"picked":"SnafuTest:SpellLifeDrain","floor":13},{"not_picked":["SnafuTest:NoPass","SnafuTest:GetPaid"],"picked":"SnafuTest:Shooting","floor":14},{"not_picked":["SnafuTest:BombNorthernWind","SnafuTest:ShieldUp"],"picked":"SnafuTest:AssassinOfKings","floor":16}],"player_experience":304890,"relics_obtained":[{"floor":9,"key":"Regal Pillow"},{"floor":11,"key":"conspire:TopHat"},{"floor":12,"key":"Dota2Spire:ShadowBlade"},{"floor":14,"key":"Art of War"}],"event_choices":[],"is_beta":false,"boss_relics":[],"items_purged_floors":[],"is_endless":false,"potions_floor_spawned":[12,13,14,16],"killed_by":"Hallownest:BossBrokenVessel","ascension_level":0}}