{"host":"5f3w3xqo483bhjcu","time":1610632259,"event":{"mods":["Act Like it!","BaseMod","KinomotoSakuraMod(ƒæ÷Æ±æ”£)","Koishi","Marisa£®ÏF”Í°°ƒß¿Ì…≥£©","Minty Spire (QoL Compilation)","Reimu£®≤©¿ˆ¡È√Œ£©","Remilia£®¿Ÿ√◊¿Ú—«£©","StSLib","The Servant 0.9.4","Waifu the Spire","WarShipGirlsR/’ΩΩ¢…Ÿ≈ÆR mod","Yakumo Yukari mod","Youmu£®ªÍ∆«—˝√Œ£©","Yuyuko","[IsaacMod]“‘»ˆº‚À˛","°æ“≈ŒÔø®≈∆°øREMEMod"],"gold_per_floor":[115,12,12,12,25,51,51,13,37,55,71,71,97,108,108,108,108],"floor_reached":16,"language":"ZHS","playtime":445,"items_purged":["Strike_R"],"score":193,"play_id":"c2ef4e12-b3c0-43e1-bf7b-e41a2595acec","local_time":"20210114215059","is_ascension_mode":true,"campfire_choices":[{"data":"Double Tap","floor":7,"key":"SMITH"},{"floor":15,"key":"REST"}],"circlet_count":0,"master_deck":["AscendersBane","Strike_R","Strike_R","Strike_R","Strike_R","Defend_R","Defend_R","Defend_R","Bash","SuicideKing","Double Tap+1","Ghostly Armor","Flex","Impervious","REME_Scribble","Battle Trance","Cleave"],"relics":["Burning Blood","REME_ComplimentaryCards","HushsDoor","SteamSale","Tiny Chest","PreservedInsect","SharpPlug","REME_LimitBreaker","TheBean","Molten Egg 2","Omamori"],"acts_visited":["Exordium"],"potions_floor_usage":[13,16,16],"damage_taken":[{"damage":14,"enemies":"Jaw Worm","floor":1,"turns":2},{"damage":5,"enemies":"Cultist","floor":5,"turns":4},{"damage":19,"enemies":"Lagavulin","floor":6,"turns":7},{"damage":2,"enemies":"2 Louse","floor":10,"turns":4},{"damage":10,"enemies":"Blue Slaver","floor":11,"turns":4},{"damage":13,"enemies":"3 Sentries","floor":13,"turns":3},{"damage":10,"enemies":"Exordium Wildlife","floor":14,"turns":4},{"damage":59,"enemies":"Hexaghost","floor":16,"turns":10}],"seed_played":"6832488123515425740","potions_obtained":[{"floor":6,"key":"Explosive Potion"},{"floor":10,"key":"PowerPotion"},{"floor":13,"key":"SteroidPotion"}],"is_trial":false,"path_per_floor":["M","$","?","?","M","E","R","$","T","M","M","T","E","M","R","B"],"character_chosen":"IRONCLAD","items_purchased":["PreservedInsect","Flex"],"campfire_rested":1,"item_purchase_floors":[2,2],"current_hp_per_floor":[60,60,42,42,43,32,32,32,32,38,36,36,31,29,54,0,0],"gold":108,"neow_bonus":"RANDOM_COMMON_RELIC","is_daily":false,"chose_seed":false,"campfire_upgraded":1,"win_rate":0.0,"timestamp":1610632259,"path_taken":["M","$","?","?","M","E","R","$","T","M","?","?","E","M","R","BOSS"],"items_purchased_type":["Relic","Card"],"build_version":"2020-12-22","purchased_purges":1,"victory":false,"max_hp_per_floor":[75,75,75,75,75,77,77,77,77,79,81,81,83,85,85,87,87],"card_choices":[{"not_picked":[],"picked":"SuicideKing","floor":0},{"not_picked":["Power Through","Whirlwind"],"picked":"Ghostly Armor","floor":1},{"not_picked":["Reckless Charge","Uppercut"],"picked":"REME_Scribble","floor":5},{"not_picked":["Flame Barrier","Corruption","Clothesline"],"picked":"SKIP","floor":6},{"not_picked":["Sword Boomerang","Headbutt"],"picked":"Battle Trance","floor":10},{"not_picked":["Anger","Body Slam"],"picked":"Cleave","floor":11},{"not_picked":["REME_Scribble","Headbutt+1","Perfected Strike+1"],"picked":"SKIP","floor":13},{"not_picked":["Body Slam+1","Wild Strike+1","Sword Boomerang+1"],"picked":"SKIP","floor":14}],"player_experience":391483,"relics_obtained":[{"floor":6,"key":"REME_LimitBreaker"},{"floor":9,"key":"TheBean"},{"floor":12,"key":"Molten Egg 2"},{"floor":13,"key":"Omamori"}],"event_choices":[{"damage_healed":0,"gold_gain":0,"player_choice":"Success","damage_taken":18,"relics_obtained":["SharpPlug"],"max_hp_gain":0,"max_hp_loss":0,"event_name":"Scrap Ooze","floor":3,"gold_loss":0},{"damage_healed":0,"gold_gain":0,"cards_transformed":["Defend_R"],"player_choice":"Transformed","damage_taken":0,"max_hp_gain":0,"max_hp_loss":0,"event_name":"Transmorgrifier","floor":4,"gold_loss":0,"cards_obtained":["Impervious"]}],"is_beta":false,"boss_relics":[],"items_purged_floors":[8],"is_endless":false,"potions_floor_spawned":[6,10,11,13],"killed_by":"Hexaghost","ascension_level":15}}