{"host":"shco1hyybuygyub0","time":1610606244,"event":{"mods":["BaseMod","Minty Spire (QoL Compilation)","Replay The Spire","StSLib","SuperFastMode"],"gold_per_floor":[110,125,137,147,163,190,190,220,220,236,236,236,265,17,17,17,17],"floor_reached":16,"language":"KOR","playtime":570,"items_purged":["Strike_R"],"score":244,"play_id":"ce609618-a489-4849-8a9a-8989e219e94f","local_time":"20210114153724","is_ascension_mode":true,"campfire_choices":[{"data":"Uppercut","floor":7.0,"key":"SMITH"},{"data":"Replay:Undeath\u0027s Touch","floor":12,"key":"SMITH"},{"data":"Replay:Undeath\u0027s Touch","floor":15,"key":"SMITH"}],"circlet_count":0,"master_deck":["AscendersBane","Strike_R","Strike_R","Strike_R","Strike_R","Defend_R","Defend_R","Defend_R","Defend_R","Bash","Defend_P","Strike_P","Offering+1","Uppercut+1","Run Through+1","Replay:Undeath\u0027s Touch+1","Shrug It Off","Shrug It Off","Replay:Undeath\u0027s Touch+1"],"relics":["Burning Blood","Letter Opener","Unceasing Top","Question Card","Chameleon Ring","MealTicket","Guide Book"],"acts_visited":["Exordium"],"potions_floor_usage":[13,16],"damage_taken":[{"damage":7.0,"enemies":"Cultist","floor":1.0,"turns":3.0},{"damage":0.0,"enemies":"2 Louse","floor":2.0,"turns":4.0},{"damage":6.0,"enemies":"Jaw Worm","floor":3.0,"turns":3.0},{"damage":7.0,"enemies":"Looter","floor":4.0,"turns":2.0},{"damage":7.0,"enemies":"2 Fungi Beasts","floor":5.0,"turns":4.0},{"damage":23.0,"enemies":"Replay:BlueRogue","floor":6.0,"turns":5.0},{"damage":31.0,"enemies":"Lagavulin","floor":8.0,"turns":7.0},{"damage":10.0,"enemies":"3 Louse","floor":10.0,"turns":4.0},{"damage":12,"enemies":"Gremlin Nob","floor":13,"turns":3},{"damage":32,"enemies":"The Guardian","floor":16,"turns":6}],"seed_played":"647554326139435670","potions_obtained":[{"floor":2.0,"key":"Toxic Potion"},{"floor":3.0,"key":"Fire Potion"},{"floor":5.0,"key":"FearPotion"},{"floor":8.0,"key":"FearPotion"},{"floor":13,"key":"SneckoOil"}],"is_trial":false,"path_per_floor":["M","M","M","M","M","E","R","E","T","M","?","R","E","$","R","B"],"character_chosen":"IRONCLAD","items_purchased":["Guide Book"],"campfire_rested":0,"item_purchase_floors":[14],"current_hp_per_floor":[67,73,73,72,71,54,54,29,29,25,25,25,19,34,34,2,2],"gold":17,"neow_bonus":"THREE_RARE_CARDS","is_daily":false,"chose_seed":false,"campfire_upgraded":3,"win_rate":0.0,"timestamp":1610606244,"path_taken":["M","M","?","M","M","E","R","E","T","M","?","R","E","$","R","BOSS"],"items_purchased_type":["Relic"],"build_version":"2020-12-22","purchased_purges":1,"victory":false,"max_hp_per_floor":[75,75,75,75,75,75,75,75,75,75,75,75,75,75,75,75,75],"card_choices":[{"not_picked":["Fiend Fire","Exhume"],"picked":"Offering","floor":0.0},{"not_picked":["Wild Strike","Cleave"],"picked":"Uppercut","floor":1.0},{"not_picked":["Perfected Strike","ReplayTheSpireMod:Stacked"],"picked":"Run Through","floor":2.0},{"not_picked":["Clash","Entrench","Havoc"],"picked":"SKIP","floor":3.0},{"not_picked":["Havoc","Power Through","Life Link"],"picked":"SKIP","floor":4.0},{"not_picked":["ReplayTheSpireMod:Strike From Hell","Iron Wave"],"picked":"Replay:Undeath\u0027s Touch","floor":5.0},{"not_picked":["Defy Death","Cleave"],"picked":"Shrug It Off","floor":6.0},{"not_picked":["True Grit","Infernal Blade"],"picked":"Shrug It Off","floor":8.0},{"not_picked":["True Grit","Whirlwind","Headbutt"],"picked":"Replay:Undeath\u0027s Touch","floor":10.0},{"not_picked":["Bludgeon","Run Through","Headbutt","Thunderclap"],"picked":"SKIP","floor":13}],"player_experience":1288290,"relics_obtained":[{"floor":6.0,"key":"Letter Opener"},{"floor":8.0,"key":"Unceasing Top"},{"floor":9.0,"key":"Question Card"},{"floor":13,"key":"MealTicket"}],"event_choices":[{"damage_healed":0,"gold_gain":0,"player_choice":"Searched \u00272\u0027 times","damage_taken":0,"relics_obtained":["Chameleon Ring"],"max_hp_gain":0,"max_hp_loss":0,"event_name":"Dead Adventurer","floor":11,"gold_loss":0}],"is_beta":false,"boss_relics":[],"items_purged_floors":[14],"is_endless":false,"potions_floor_spawned":[2,3,5,8,13],"killed_by":"The Guardian","ascension_level":20}}