{"host":"zjc1tzo4ovig5lll","time":1610640476,"event":{"mods":["AchievementEnabler","Aspiration","BaseMod","Beaked The Cultist","Better Altar","Better Match","Better Note","Better Sensory Stone","Colored Map","Colored Powertips","Conspire","Energized Spire","Friendly Minions","GifTheSpireLib","Halation","Hermit","Hubris","Minty Spire (QoL Compilation)","Rare Cards Sparkle","Replay The Spire","StSLib","The Blue Laboratory","The Bug Knight","The Construct","The Jungle","everything is the same but u backflip on backflip","vexMod"],"gold_per_floor":[118,16,28,40,140,174,174,208,208,238,252,252,252,269,269,386,386,400,361,375,445,470,470,470,470,470,489,502,535,535,550,550,657,657,670,591,591,603,630,630,653,653,653,672,688,688,688,701,701],"floor_reached":48,"language":"ENG","playtime":1602,"items_purged":[],"score":599,"play_id":"89a2cf8c-1efe-4c60-b278-5cfd70b68a4d","local_time":"20210114180756","is_ascension_mode":true,"campfire_choices":[{"floor":7.0,"key":"REST"},{"floor":13.0,"key":"REST"},{"data":"Zap","floor":15.0,"key":"SMITH"},{"data":"Consume","floor":23.0,"key":"SMITH"},{"data":"Electrodynamics","floor":25.0,"key":"SMITH"},{"floor":30.0,"key":"RECALL"},{"floor":32.0,"key":"REST"},{"floor":40,"key":"REST"},{"floor":46,"key":"REST"}],"circlet_count":0,"master_deck":["Strike_B","Strike_B","Defend_B","Defend_B","Defend_B","Defend_B","Zap+1","Dualcast","Melter","Leap","hubris:PowerSurge","Auto Shields","Crystallizer","Electrodynamics+1","Conserve Battery","Mirror Shield","Capacitor","Consume+1","Tempest","FIFO Queue","Machine Learning","BasicCrystalCard","Self Repair","Pain","Capacitor+1","Echo Form"],"relics":["halation:IllGainedPizza","hubris:BallOfYels","Regal Pillow","InkBottle","energizedSpire:OldTV","Nloth\u0027s Gift","ReplayTheSpireMod:TigerMarble","aspiration:ChemicalBlood","Painkiller Herb","WarpedTongs","HollowMod:PaleOreRelic"],"acts_visited":["Exordium","TheCity","TheBeyond"],"potions_floor_usage":[39,39,44,45,45,48,48],"damage_taken":[{"damage":3.0,"enemies":"conspire:RoseBush","floor":1.0,"turns":2.0},{"damage":1.0,"enemies":"Cultist","floor":3.0,"turns":3.0},{"damage":0.0,"enemies":"Small Slimes","floor":4.0,"turns":3.0},{"damage":35.0,"enemies":"Lagavulin","floor":6.0,"turns":8.0},{"damage":10.0,"enemies":"3 Sentries","floor":8.0,"turns":4.0},{"damage":15.0,"enemies":"Lagavulin","floor":10.0,"turns":6.0},{"damage":0.0,"enemies":"Red Slaver","floor":11.0,"turns":3.0},{"damage":0.0,"enemies":"Blue Slaver","floor":14.0,"turns":3.0},{"damage":10.0,"enemies":"The Guardian","floor":16.0,"turns":10.0},{"damage":2.0,"enemies":"conspire:FuzzyDice","floor":18.0,"turns":5.0},{"damage":0.0,"enemies":"Chosen","floor":20.0,"turns":3.0},{"damage":9.0,"enemies":"Snake Plant","floor":22.0,"turns":4.0},{"damage":24.0,"enemies":"Shelled Parasite and Fungi","floor":27.0,"turns":4.0},{"damage":12.0,"enemies":"Centurion and Healer","floor":28.0,"turns":3.0},{"damage":0.0,"enemies":"conspire:Head Lice","floor":29.0,"turns":6.0},{"damage":18.0,"enemies":"Snecko","floor":31.0,"turns":4.0},{"damage":69.0,"enemies":"Champ","floor":33.0,"turns":8.0},{"damage":11.0,"enemies":"3 Darklings","floor":35.0,"turns":3.0},{"damage":0.0,"enemies":"3 Shapes","floor":38.0,"turns":1.0},{"damage":23,"enemies":"Spire Growth","floor":39,"turns":4},{"damage":2,"enemies":"4 Shapes","floor":41,"turns":2},{"damage":38,"enemies":"Transient","floor":44,"turns":5},{"damage":44,"enemies":"Writhing Mass","floor":45,"turns":4},{"damage":48,"enemies":"4 Shapes","floor":48,"turns":5}],"seed_played":"1715442741536562709","potions_obtained":[{"floor":6.0,"key":"blueLaboratory:BottledHope"},{"floor":10.0,"key":"blueLaboratory:TeslaPotion"},{"floor":14.0,"key":"conspire:TimeTravelPotion"},{"floor":41,"key":"Regen Potion"},{"floor":44,"key":"blueLaboratory:RelayPotion"},{"floor":45,"key":"Fire Potion"}],"is_trial":false,"path_per_floor":["M","$","M","M","?","E","R","E","T","E","M","?","R","M","R","B",null,"M","$","M","T","M","R","?","R","T","M","M","E","R","M","R","B",null,"?","T","?","?","?","T","?","?","T","?","?","T","?","?"],"character_chosen":"DEFECT","items_purchased":["hubris:PowerSurge","Auto Shields","Consume","Self Repair"],"campfire_rested":5,"item_purchase_floors":[2,2,19,36],"current_hp_per_floor":[72,72,71,71,71,36,58,48,48,33,33,33,70,70,70,60,75,73,73,73,73,64,64,64,64,64,64,52,52,52,34,71,2,75,64,64,64,64,48,75,75,75,75,37,2,39,47,0,0],"gold":701,"neow_bonus":"TRANSFORM_CARD","is_daily":false,"chose_seed":false,"campfire_upgraded":3,"win_rate":0.0,"timestamp":1610640476,"path_taken":["M","$","M","M","?","E","R","E","T","E","?","?","R","M","R","BOSS","M","$","M","?","?","R","?","R","T","M","M","E","R","M","R","BOSS","?","T","?","?","?","T","?","?","T","?","?","T","?","?"],"items_purchased_type":["Card","Card","Card","Card"],"build_version":"2020-12-22","purchased_purges":0,"victory":false,"max_hp_per_floor":[75,75,75,75,75,75,75,75,75,75,75,75,75,75,75,75,75,75,75,75,75,75,75,75,75,75,75,75,75,75,75,75,75,75,75,75,75,75,75,75,75,75,75,75,75,75,75,75,75],"card_choices":[{"not_picked":["Ball Lightning","Stack"],"picked":"Leap","floor":1.0},{"not_picked":["Rebound","Go for the Eyes"],"picked":"Crystallizer","floor":3.0},{"not_picked":["Hello World","Steam","ReplayTheSpireMod:Repulse"],"picked":"SKIP","floor":4.0},{"not_picked":["BasicCrystalCard","Darkness"],"picked":"Electrodynamics","floor":6.0},{"not_picked":["ReplayTheSpireMod:System Scan","ReplayTheSpireMod:Reroute Power","Ball Lightning"],"picked":"SKIP","floor":8.0},{"not_picked":["Sweeping Beam","Barrage","Gash"],"picked":"SKIP","floor":10.0},{"not_picked":["Ball Lightning","Stack","Go for the Eyes"],"picked":"SKIP","floor":11.0},{"not_picked":["Barrage","ReplayGash"],"picked":"Conserve Battery","floor":14.0},{"not_picked":["Meteor Strike","Biased Cognition"],"picked":"Mirror Shield","floor":16.0},{"not_picked":["Storm","ReplayTheSpireMod:Dual Polarity"],"picked":"Capacitor","floor":18.0},{"not_picked":["Rebound","Ball Lightning","Hologram"],"picked":"SKIP","floor":20.0},{"not_picked":["ReplayTheSpireMod:Dual Polarity","hubris:DoWhile","Streamline"],"picked":"SKIP","floor":22.0},{"not_picked":["Auto Shields","Redo+1"],"picked":"Tempest","floor":27.0},{"not_picked":["Chill","Fusion","Streamline"],"picked":"SKIP","floor":28.0},{"not_picked":["Aggregate","Go for the Eyes"],"picked":"FIFO Queue","floor":29.0},{"not_picked":["Skim","Coolheaded","ReplaySort"],"picked":"SKIP","floor":31.0},{"not_picked":["Reboot","hubris:DoWhile"],"picked":"Machine Learning","floor":33.0},{"not_picked":["Gash+1","Steam+1"],"picked":"BasicCrystalCard","floor":35.0},{"not_picked":["Cold Snap","Ball Lightning"],"picked":"Capacitor+1","floor":38.0},{"not_picked":["Hello World+1","Sweeping Beam+1","Coolheaded+1"],"picked":"SKIP","floor":39},{"not_picked":["Ball Lightning+1","Sunder+1","Skim"],"picked":"SKIP","floor":41},{"not_picked":["aspiration:Polymerization","Ball Lightning+1"],"picked":"Echo Form","floor":44},{"not_picked":["aspiration:Polymerization+1","Stack+1","ReplayTheSpireMod:GoodbyeWorld+1"],"picked":"SKIP","floor":45}],"player_experience":661244,"relics_obtained":[{"floor":6.0,"key":"halation:IllGainedPizza"},{"floor":8.0,"key":"hubris:BallOfYels"},{"floor":9.0,"key":"Regal Pillow"},{"floor":10.0,"key":"InkBottle"},{"floor":26.0,"key":"ReplayTheSpireMod:TigerMarble"},{"floor":29.0,"key":"aspiration:ChemicalBlood"},{"floor":43,"key":"HollowMod:PaleOreRelic"}],"event_choices":[{"damage_healed":0.0,"max_hp_gain":0.0,"max_hp_loss":0.0,"gold_gain":100.0,"event_name":"Golden Shrine","player_choice":"Pray","floor":5.0,"gold_loss":0.0,"damage_taken":0.0},{"cards_removed":["Strike_B"],"damage_healed":0.0,"max_hp_gain":0.0,"max_hp_loss":0.0,"gold_gain":0.0,"event_name":"Bonfire Elementals","player_choice":"Offered Basic","floor":12.0,"gold_loss":0.0,"damage_taken":0.0},{"damage_healed":0.0,"max_hp_gain":0.0,"max_hp_loss":0.0,"gold_gain":0.0,"event_name":"N\u0027loth","player_choice":"Traded Relic","floor":24.0,"relics_lost":["Cracked Core"],"gold_loss":0.0,"damage_taken":0.0,"relics_obtained":["Nloth\u0027s Gift"]},{"damage_healed":0.0,"max_hp_gain":0.0,"max_hp_loss":0.0,"gold_gain":0.0,"event_name":"Accursed Blacksmith","player_choice":"Rummage","floor":37.0,"gold_loss":0.0,"damage_taken":0.0,"relics_obtained":["WarpedTongs"],"cards_obtained":["Pain"]}],"is_beta":false,"boss_relics":[{"not_picked":["Black Star","conspire:RoyalGoblet"],"picked":"energizedSpire:OldTV"},{"not_picked":["aspiration:PoetsPen_weak","Ring of Chaos"],"picked":"Painkiller Herb"}],"items_purged_floors":[],"is_endless":false,"potions_floor_spawned":[6,8,10,14,20,28,29,31,39,41,45],"killed_by":"4 Shapes","ascension_level":4}}