{"host":"qswkx8hggytna0kc","time":1610642565,"event":{"mods":["Aspiration","BaseMod","BetterRewards","Colored Map","Colored Powertips","Highlight Path","Hubris","Mimic Mod","Minty Spire (QoL Compilation)","MostiFishMod","Quick Restart","Replay The Spire","StSLib","SuperFastMode"],"gold_per_floor":[117,130,130,147,159,159,186,202,239,239,239,252,285,285,139,180,180,292,292,321,321,347,366,389,430,430,467,550,759,809,837,874,896,896,1014,1014,1035,1063,931,1010,1033,1074,1074,1127,1173,1073,1135,1135,1159,1211,1211,1211],"floor_reached":53,"language":"ZHS","playtime":3878,"items_purged":["Pain","hubris:Gluttony"],"score":2183,"play_id":"d31661d7-4853-452c-bdf4-b3c09f75569b","local_time":"20210115004245","is_ascension_mode":true,"campfire_choices":[{"data":"MostiFishMod:SephirahHod","floor":6.0,"key":"SMITH"},{"data":"MostiFishMod:Listen","floor":17.0,"key":"SMITH"},{"data":"Tools of the Trade","floor":26,"key":"SMITH"},{"data":"ReplayTheSpireMod:Faulty Equipment","floor":34,"key":"SMITH"},{"data":"MostiFishMod:Neurotoxin","floor":43,"key":"SMITH"},{"data":"Concentrate","floor":51,"key":"SMITH"}],"circlet_count":0,"master_deck":["AscendersBane","Strike_G","Strike_G","Strike_G+1","Strike_G","Strike_G","Defend_G","Defend_G","Defend_G","Defend_G","Defend_G","Survivor","Neutralize+1","MostiFishMod:SephirahHod+1","Acrobatics","Calculated Gamble","Eviscerate","Hidden Blade","Escape Plan","MostiFishMod:PreservedThorns","Tactician","MostiFishMod:Listen+1","Noxious Fumes","ReplayTheSpireMod:Speed Training","MostiFishMod:Neurotoxin+1","Prepared","Calculated Gamble+1","Underhanded Strike","Tools of the Trade+1","Toxin Wave","Calculated Gamble","Hidden Blade+1","CommonCold","Slice+1","Concentrate+1","Escape Plan","Storm of Steel+1","Underhanded Strike","ReplayTheSpireMod:Scrap Shanks+1","Doubt","Prepared","Prepared+1","ReplayTheSpireMod:The Works+1","Slice","hubris:Despair","Backstab+1","ReplayTheSpireMod:Scrap Shanks+1","Prepared+1","ReplayTheSpireMod:Restless Dread","Underhanded Strike+1"],"relics":["Ring of the Snake","DaveBox","MostiFishMod:Hod","aspiration:Nostalgia","Replay:M_StaffOfTheSnake","SynthV:TestCard","WarpedTongs","hubris:AncientText","hubris:OldNail","ReplayFunnel","ReplayTheSpireMod:Ring of Collecting","CeramicFish","OneHitWonderSystem","Pet Ghost","hubris:TenFootPole","Golden Egg","Ring of Greed","Tiny Chest","The Courier","PreservedInsect","Bag of Preparation","Honey Jar","Regal Pillow","CombinedTypeHook","Gremlin Horn","Tough Bandages","Ring of Fangs","Torii","ReplayTheSpireMod:Ring of Exchange","Mango","Whetstone"],"acts_visited":["Exordium","TheCity","TheBeyond"],"potions_floor_usage":[],"damage_taken":[{"damage":0.0,"enemies":"Small Slimes","floor":1.0,"turns":2.0},{"damage":0.0,"enemies":"Cultist","floor":2.0,"turns":2.0},{"damage":1.0,"enemies":"Jaw Worm","floor":4.0,"turns":2.0},{"damage":1.0,"enemies":"Red Slaver","floor":5.0,"turns":3.0},{"damage":3.0,"enemies":"Gremlin Nob","floor":7.0,"turns":3.0},{"damage":4.0,"enemies":"3 Louse","floor":8.0,"turns":2.0},{"damage":4.0,"enemies":"Exordium Thugs","floor":9.0,"turns":4.0},{"damage":4.0,"enemies":"Exordium Thugs","floor":12.0,"turns":2.0},{"damage":9.0,"enemies":"Replay:BlueRogue","floor":13.0,"turns":3.0},{"damage":0.0,"enemies":"Lagavulin","floor":16.0,"turns":4.0},{"damage":0.0,"enemies":"Fading Forest","floor":18.0,"turns":11.0},{"damage":0.0,"enemies":"Chosen","floor":20.0,"turns":1.0},{"damage":0.0,"enemies":"3 Byrds","floor":22.0,"turns":2.0},{"damage":0.0,"enemies":"3 Cultists","floor":23.0,"turns":2.0},{"damage":0,"enemies":"Centurion and Healer","floor":24,"turns":1},{"damage":0,"enemies":"Book of Stabbing","floor":25,"turns":2},{"damage":0,"enemies":"Gremlin Leader","floor":27,"turns":2},{"damage":0,"enemies":"Snecko","floor":28,"turns":3},{"damage":0,"enemies":"Replay:Snechameleon","floor":30,"turns":2},{"damage":0,"enemies":"Snecko","floor":31,"turns":2},{"damage":0,"enemies":"Slavers","floor":32,"turns":1},{"damage":0,"enemies":"Sentry and Sphere","floor":33,"turns":1},{"damage":0,"enemies":"hubris:MusketHawk","floor":35,"turns":3},{"damage":0,"enemies":"3 Shapes","floor":37,"turns":2},{"damage":0,"enemies":"Orb Walker","floor":38,"turns":1},{"damage":0,"enemies":"Writhing Mass","floor":41,"turns":2},{"damage":0,"enemies":"Reptomancer","floor":42,"turns":1},{"damage":0,"enemies":"Nemesis","floor":44,"turns":3},{"damage":0,"enemies":"Maw","floor":45,"turns":2},{"damage":0,"enemies":"2 Orb Walkers","floor":47,"turns":1},{"damage":0,"enemies":"Maw","floor":49,"turns":1},{"damage":0,"enemies":"Giant Head","floor":50,"turns":1},{"damage":0,"enemies":"Awakened One","floor":52,"turns":2}],"seed_played":"-70108214326708443","potions_obtained":[{"floor":5.0,"key":"GamblersBrew"},{"floor":7.0,"key":"GamblersBrew"},{"floor":18.0,"key":"Weak Potion"},{"floor":22.0,"key":"DistilledChaos"},{"floor":40,"key":"Block Potion"},{"floor":41,"key":"Strength Potion"},{"floor":42,"key":"AttackPotion"},{"floor":47,"key":"SkillPotion"},{"floor":49,"key":"DuplicationPotion"},{"floor":50,"key":"Weak Potion"}],"is_trial":false,"path_per_floor":["M","M","?","M","M","R","E","M","MIM","PTL","PTL","M","E","?","$","E","R","B",null,"M","?","M","M","M","E","R","E","MIM","?","E","M","E","M","R","B",null,"M","M","$","?","M","E","R","E","MIM","NS","?","T","M","E","R","B",null],"character_chosen":"THE_SILENT","items_purchased":["Noxious Fumes","ReplayTheSpireMod:Scrap Shanks"],"campfire_rested":0,"item_purchase_floors":[15,39],"current_hp_per_floor":[63,63,63,62,61,61,58,54,50,50,50,46,37,37,37,37,37,45,1,1,1,1,1,1,1,1,1,1,1,1,1,1,1,1,1,1,1,1,1,1,1,1,1,1,1,1,1,15,1,1,1,1],"gold":1211,"neow_bonus":"NOSTALGIA","is_daily":false,"chose_seed":false,"campfire_upgraded":6,"win_rate":0.0,"timestamp":1610642565,"path_taken":["M","M","?","M","M","R","E","?","MIM","PTL","PTL","M","E","?","$","E","R","BOSS","M","?","?","M","M","E","R","E","MIM","?","E","M","E","M","R","BOSS","M","M","$","?","M","E","R","E","MIM","NS","?","?","?","E","R","BOSS"],"items_purchased_type":["Card","Card"],"build_version":"2020-12-22","purchased_purges":2,"victory":true,"max_hp_per_floor":[70,70,70,70,70,70,70,70,70,70,70,70,70,70,70,70,70,70,1,1,1,1,1,1,1,1,1,1,1,1,1,1,1,1,1,1,1,1,1,1,1,1,1,1,1,1,1,15,1,1,1,1],"card_choices":[{"not_picked":["Outmaneuver","Poisoned Stab","Dagger Spray"],"picked":"SKIP","floor":1.0},{"not_picked":["Tactician","Bane","Reflex","Underhanded Strike"],"picked":"Acrobatics","floor":2.0},{"not_picked":["ClearTheMind","Poisoned Stab","Dodge and Roll","Deadly Poison"],"picked":"Calculated Gamble","floor":4.0},{"not_picked":["Dagger Spray","Concentrate","MostiFishMod:Opportunism","WaveOfTheHand"],"picked":"Eviscerate","floor":5.0},{"not_picked":["Predator","Poison Darts","Replay:Poison Smokescreen","Poisoned Stab"],"picked":"Hidden Blade","floor":7.0},{"not_picked":["Dodge and Roll","Sucker Punch","ClearTheMind","Underhanded Strike"],"picked":"Escape Plan","floor":8.0},{"not_picked":["Dagger Throw","Underhanded Strike","MostiFishMod:InvigoratingSolution","Riddle With Holes"],"picked":"MostiFishMod:PreservedThorns","floor":9.0},{"not_picked":["PiercingWail","Backstab","Slice","Well Laid Plans"],"picked":"Tactician","floor":12.0},{"not_picked":["Underhanded Strike","ClearTheMind","Bane","Sanctity"],"picked":"MostiFishMod:Listen","floor":13.0},{"not_picked":["Poison Darts","Footwork","Dodge and Roll","Flechettes"],"picked":"ReplayTheSpireMod:Speed Training","floor":16.0},{"not_picked":["aspiration:Lunge","Corpse Explosion","MostiFishMod:AdrenalineArouse","MasterReality"],"picked":"MostiFishMod:Neurotoxin","floor":18.0},{"not_picked":["Backflip","Deflect","Outmaneuver","Cloak And Dagger"],"picked":"Prepared","floor":20.0},{"not_picked":["Acrobatics","Distraction","Sucker Punch","Poisoned Stab"],"picked":"Calculated Gamble+1","floor":22.0},{"not_picked":["Hidden Blade","Deflect","Dodge and Roll+1","Cloak And Dagger"],"picked":"Underhanded Strike","floor":23.0},{"not_picked":["Leg Sweep","Deadly Poison","Outmaneuver","Underhanded Strike"],"picked":"Tools of the Trade","floor":24},{"not_picked":["All Out Attack+1","Blur","Dash","Bane"],"picked":"Toxin Wave","floor":25},{"not_picked":["Bullet Time","WaveOfTheHand+1","SashWhip","Poisoned Stab+1"],"picked":"Calculated Gamble","floor":27},{"not_picked":["Bane","Dodge and Roll+1","Backflip","Deflect"],"picked":"Hidden Blade+1","floor":30},{"not_picked":["Toxin Wave","WaveOfTheHand","Bane","hubris:SlightOfHand"],"picked":"Slice+1","floor":31},{"not_picked":["Corpse Explosion","Poisoned Stab","JustLucky","Skewer"],"picked":"Concentrate","floor":32},{"not_picked":["Dodge and Roll","ThirdEye","Deadly Poison","Draining Mist"],"picked":"Escape Plan","floor":33},{"not_picked":["Phantasmal Killer","aspiration:Lunge","Replay:Bag of Tricks","Bullet Time"],"picked":"Storm of Steel","floor":35},{"not_picked":["Dodge and Roll","Sucker Punch","PiercingWail","Slice","Blade Dance"],"picked":"Underhanded Strike","floor":37},{"not_picked":["Riddle With Holes+1","Dagger Spray","Flying Knee","Replay:Poison Smokescreen+1","Poisoned Stab+1"],"picked":"Skewer+1","floor":38},{"not_picked":["Leg Sweep+1","Underhanded Strike","PiercingWail+1","Dodge and Roll","Outmaneuver"],"picked":"Cloak And Dagger+1","floor":40},{"not_picked":["Burst","Poisoned Stab","Catalyst+1","PiercingWail+1","Slice+1"],"picked":"Prepared","floor":40},{"not_picked":["Hidden Blade+1","Predator","Well Laid Plans","Underhanded Strike","Acrobatics+1"],"picked":"Prepared+1","floor":41},{"not_picked":["Setup","Cloak And Dagger","Masterful Stab","Crippling Poison+1","Tools of the Trade"],"picked":"ReplayTheSpireMod:The Works+1","floor":42},{"not_picked":["Quick Slash","MostiFishMod:PerfectParry","Infinite Blades","Doppelganger","Sucker Punch"],"picked":"Slice","floor":44},{"not_picked":["Underhanded Strike","hubris:SlightOfHand","Sucker Punch","Deflect+1","MostiFishMod:PerfectParry"],"picked":"Backstab+1","floor":45},{"not_picked":["Flying Knee+1","Deadly Poison+1","PiercingWail","Expertise","Outmaneuver"],"picked":"ReplayTheSpireMod:Scrap Shanks+1","floor":47},{"not_picked":["MostiFishMod:Confrontation","Bouncing Flask+1","Dagger Spray+1","Infinite Blades+1","ReplayTheSpireMod:Scrap Shanks"],"picked":"Prepared+1","floor":49},{"not_picked":["Infinite Blades","MostiFishMod:PerfectParry","All Out Attack","Wraith Form v2","Deflect+1"],"picked":"Underhanded Strike+1","floor":50}],"player_experience":308227,"relics_obtained":[{"floor":1.0,"key":"SynthV:TestCard"},{"floor":7.0,"key":"hubris:AncientText"},{"floor":9.0,"key":"hubris:OldNail"},{"floor":13.0,"key":"ReplayFunnel"},{"floor":14.0,"key":"ReplayTheSpireMod:Ring of Collecting"},{"floor":16.0,"key":"CeramicFish"},{"floor":25,"key":"Pet Ghost"},{"floor":27,"key":"hubris:TenFootPole"},{"floor":28,"key":"Golden Egg"},{"floor":28,"key":"Ring of Greed"},{"floor":28,"key":"Tiny Chest"},{"floor":28,"key":"The Courier"},{"floor":30,"key":"PreservedInsect"},{"floor":32,"key":"Bag of Preparation"},{"floor":40,"key":"Regal Pillow"},{"floor":42,"key":"CombinedTypeHook"},{"floor":44,"key":"Gremlin Horn"},{"floor":45,"key":"Tough Bandages"},{"floor":45,"key":"Ring of Fangs"},{"floor":47,"key":"Torii"},{"floor":48,"key":"ReplayTheSpireMod:Ring of Exchange"},{"floor":48,"key":"Mango"},{"floor":50,"key":"Whetstone"}],"event_choices":[{"damage_healed":0.0,"max_hp_gain":0.0,"max_hp_loss":0.0,"gold_gain":0.0,"event_name":"Accursed Blacksmith","player_choice":"Rummage","floor":3.0,"gold_loss":0.0,"damage_taken":0.0,"relics_obtained":["WarpedTongs"],"cards_obtained":["Pain"]},{"damage_healed":0.0,"max_hp_gain":0.0,"max_hp_loss":0.0,"gold_gain":0.0,"event_name":"The Woman in Blue","player_choice":"Bought 0 Potions","floor":21.0,"gold_loss":0.0,"damage_taken":0.0},{"damage_healed":0,"gold_gain":200,"player_choice":"Gold","damage_taken":0,"max_hp_gain":0,"max_hp_loss":0,"event_name":"Wheel of Change","floor":29,"gold_loss":0},{"damage_healed":0,"gold_gain":0,"player_choice":"Fight","damage_taken":0,"max_hp_gain":0,"max_hp_loss":0,"event_name":"Mysterious Sphere","floor":47,"gold_loss":0}],"is_beta":false,"boss_relics":[{"not_picked":["Cursed Key","hubris:BlackHole"],"picked":"OneHitWonderSystem"},{"not_picked":["Runic Pyramid","SynthV:MejaisSoulstealer"],"picked":"Honey Jar"}],"items_purged_floors":[15,39],"is_endless":false,"potions_floor_spawned":[5,7,12,16,18,22,27,30,31,33,41,42,47,49,50],"ascension_level":11}}