{"host":"kg61lsvem4dxoat8","time":1610590190,"event":{"mods":["BaseMod","Colored Powertips","Minty Spire (QoL Compilation)","Quick Restart","Rare Cards Sparkle","Relic Stats","slay the spire mod where everything is the same but ironclad has a cowboy hat"],"gold_per_floor":[117,117,141,141,155,155,171,171,197,197,216,247,272,38,38,38,38],"floor_reached":16,"language":"ENG","playtime":325,"items_purged":[],"score":138,"play_id":"e5d80c88-1f76-4d70-9edb-53bfcce826cc","local_time":"20210114100950","is_ascension_mode":true,"campfire_choices":[{"floor":6,"key":"REST"},{"data":"Strike_R","floor":8,"key":"SMITH"},{"data":"Inflame","floor":15,"key":"SMITH"}],"circlet_count":0,"master_deck":["Strike_R+1","Strike_R","Strike_R+1","Strike_R","Strike_R","Defend_R","Defend_R","Defend_R","Defend_R","Bash+1","Inflame+1","Whirlwind"],"relics":["Burning Blood","Golden Idol","MealTicket","Red Skull","Frozen Egg 2","Bag of Preparation"],"acts_visited":["Exordium"],"potions_floor_usage":[12,12,16],"damage_taken":[{"damage":11,"enemies":"Jaw Worm","floor":1,"turns":6},{"damage":4,"enemies":"Small Slimes","floor":3,"turns":4},{"damage":8,"enemies":"2 Louse","floor":5,"turns":3},{"damage":11,"enemies":"Looter","floor":7,"turns":2},{"damage":21,"enemies":"2 Fungi Beasts","floor":11,"turns":3},{"damage":3,"enemies":"Gremlin Nob","floor":12,"turns":3},{"damage":21,"enemies":"3 Louse","floor":13,"turns":5},{"damage":58,"enemies":"The Guardian","floor":16,"turns":11}],"seed_played":"-5664249645596813418","potions_obtained":[{"floor":1,"key":"PowerPotion"},{"floor":5,"key":"ElixirPotion"},{"floor":11,"key":"Weak Potion"},{"floor":13,"key":"Weak Potion"}],"is_trial":false,"path_per_floor":["M","?","M","?","M","R","M","R","T","?","M","E","M","$","R","B"],"character_chosen":"IRONCLAD","items_purchased":["Whirlwind","Bag of Preparation"],"campfire_rested":1,"item_purchase_floors":[14,14],"current_hp_per_floor":[75,75,77,61,59,81,76,76,76,69,54,57,42,57,57,0,0],"gold":38,"neow_bonus":"TEN_PERCENT_HP_BONUS","is_daily":false,"chose_seed":false,"campfire_upgraded":2,"win_rate":0.0,"timestamp":1610590190,"path_taken":["M","?","M","?","M","R","M","R","T","?","M","E","M","$","R","BOSS"],"items_purchased_type":["Card","Relic"],"build_version":"2020-12-22","purchased_purges":0,"victory":false,"max_hp_per_floor":[88,81,81,81,81,81,81,81,81,81,81,81,81,81,81,81,81],"relic_stats":{"counters":[8,37],"Golden Idol":26,"MealTicket":15,"Bag of Preparation":[2],"obtain_stats":[{"Golden Idol":2,"MealTicket":9,"Bag of Preparation":14,"Frozen Egg 2":12,"Burning Blood":0,"Red Skull":10},{"Golden Idol":1,"MealTicket":4,"Bag of Preparation":7,"Frozen Egg 2":6,"Burning Blood":0,"Red Skull":4},{"Golden Idol":6,"MealTicket":15,"Bag of Preparation":26,"Frozen Egg 2":21,"Burning Blood":0,"Red Skull":15}],"Burning Blood":42},"card_choices":[{"not_picked":["Combust","Evolve","Sentinel"],"picked":"SKIP","floor":1},{"not_picked":["Wild Strike","Warcry","Headbutt"],"picked":"SKIP","floor":3},{"not_picked":["Blood for Blood","Flex","Entrench"],"picked":"SKIP","floor":5},{"not_picked":["Dual Wield","Sentinel","Anger"],"picked":"SKIP","floor":7},{"not_picked":["Shrug It Off","Rupture"],"picked":"Inflame","floor":11},{"not_picked":["Headbutt","Armaments","Fiend Fire"],"picked":"SKIP","floor":12},{"not_picked":["Armaments","Sword Boomerang","Heavy Blade"],"picked":"SKIP","floor":13}],"player_experience":1329710,"relics_obtained":[{"floor":9,"key":"MealTicket"},{"floor":12,"key":"Frozen Egg 2"}],"event_choices":[{"damage_healed":0,"gold_gain":0,"player_choice":"Lose Max HP","damage_taken":0,"relics_obtained":["Golden Idol"],"max_hp_gain":0,"max_hp_loss":7,"event_name":"Golden Idol","floor":2,"gold_loss":0},{"damage_healed":0,"gold_gain":0,"player_choice":"Entered Light","damage_taken":16,"max_hp_gain":0,"max_hp_loss":0,"event_name":"Shining Light","floor":4,"gold_loss":0,"cards_upgraded":["Bash","Strike_R"]},{"damage_healed":0,"gold_gain":0,"player_choice":"Success","damage_taken":7,"relics_obtained":["Red Skull"],"max_hp_gain":0,"max_hp_loss":0,"event_name":"Scrap Ooze","floor":10,"gold_loss":0}],"is_beta":false,"boss_relics":[],"items_purged_floors":[],"is_endless":false,"potions_floor_spawned":[1,5,11,13],"killed_by":"The Guardian","ascension_level":7}}