{"host":"dpbezu80jg8zk7un","time":1610638046,"event":{"mods":["BaseMod","Colored Map","Colored Powertips","Custom Start","DeckTracker","Minty Spire (QoL Compilation)","Quick Restart","StSLib","SuperFastMode"],"gold_per_floor":[11,11,30,43,43,87,100,140,164,203,43,43,83,83,83,173,173,186,186,209,209,109,144,144,173,173,202,77,102,114,141,153,243,255,286,323,355,367,229,264,264,278,278,312,312,312,337,355,355,355,355,355],"floor_reached":51,"language":"KOR","playtime":1615,"items_purged":["Strike_P","Strike_P+1","Strike_P+1","FollowUp+1"],"score":2124,"play_id":"85b69b09-3b39-46fb-9d8f-4f3a41e41831","local_time":"20210115002726","is_ascension_mode":true,"campfire_choices":[{"floor":12.0,"key":"REST"},{"data":"Eruption","floor":15.0,"key":"SMITH"},{"floor":30.0,"key":"RECALL"},{"data":"Tantrum","floor":32.0,"key":"SMITH"},{"floor":41.0,"key":"REST"},{"floor":45.0,"key":"REST"},{"floor":49,"key":"REST"}],"circlet_count":0,"master_deck":["AscendersBane","Defend_P+1","Eruption+1","Vigilance+1","EmptyFist+1","LessonLearned+1","Scrawl+1","CrushJoints+1","MentalFortress+1","Tantrum+1","EmptyMind+1","EmptyMind+1"],"relics":["PureWater","Bloody Idol","Mercury Hourglass","Centennial Puzzle","Vajra","Bag of Preparation","Art of War","Philosopher\u0027s Stone","HornCleat","Tiny Chest","Yang","Boot","MawBank","VioletLotus","Bird Faced Urn","Kunai","Smiling Mask","Blood Vial","Dream Catcher"],"acts_visited":["Exordium","TheCity","TheBeyond"],"potions_floor_usage":[51],"damage_taken":[{"damage":0.0,"enemies":"Jaw Worm","floor":1.0,"turns":3.0},{"damage":0.0,"enemies":"2 Louse","floor":3.0,"turns":3.0},{"damage":0.0,"enemies":"Cultist","floor":4.0,"turns":3.0},{"damage":24.0,"enemies":"3 Sentries","floor":6.0,"turns":8.0},{"damage":7.0,"enemies":"Large Slime","floor":7.0,"turns":4.0},{"damage":0.0,"enemies":"Lagavulin","floor":8.0,"turns":4.0},{"damage":0.0,"enemies":"Gremlin Nob","floor":10.0,"turns":2.0},{"damage":3.0,"enemies":"Lagavulin","floor":13.0,"turns":5.0},{"damage":24.0,"enemies":"Slime Boss","floor":16.0,"turns":4.0},{"damage":0.0,"enemies":"3 Byrds","floor":18.0,"turns":3.0},{"damage":12.0,"enemies":"2 Thieves","floor":20.0,"turns":2.0},{"damage":2.0,"enemies":"Slavers","floor":23.0,"turns":2.0},{"damage":1.0,"enemies":"Gremlin Leader","floor":25.0,"turns":3.0},{"damage":0.0,"enemies":"Slavers","floor":27.0,"turns":3.0},{"damage":15.0,"enemies":"Book of Stabbing","floor":29.0,"turns":2.0},{"damage":0.0,"enemies":"Sentry and Sphere","floor":31.0,"turns":2.0},{"damage":0.0,"enemies":"Champ","floor":33.0,"turns":5.0},{"damage":0.0,"enemies":"3 Shapes","floor":35.0,"turns":1.0},{"damage":0.0,"enemies":"Mind Bloom Boss Battle","floor":36.0,"turns":2.0},{"damage":0.0,"enemies":"3 Darklings","floor":37.0,"turns":2.0},{"damage":0.0,"enemies":"Nemesis","floor":40.0,"turns":3.0},{"damage":0.0,"enemies":"4 Shapes","floor":42.0,"turns":2.0},{"damage":0.0,"enemies":"Giant Head","floor":44.0,"turns":4.0},{"damage":0.0,"enemies":"Nemesis","floor":47.0,"turns":3.0},{"damage":0,"enemies":"Jaw Worm Horde","floor":48,"turns":2},{"damage":0,"enemies":"Donu and Deca","floor":50,"turns":8},{"damage":3,"enemies":"Time Eater","floor":51,"turns":7}],"seed_played":"-9142660087129728965","potions_obtained":[{"floor":6.0,"key":"BlessingOfTheForge"},{"floor":7.0,"key":"Swift Potion"},{"floor":10.0,"key":"ColorlessPotion"},{"floor":16.0,"key":"AttackPotion"},{"floor":18.0,"key":"Strength Potion"},{"floor":29.0,"key":"Dexterity Potion"},{"floor":33.0,"key":"BlessingOfTheForge"},{"floor":40.0,"key":"PowerPotion"}],"is_trial":false,"path_per_floor":["M","?","M","M","?","E","M","E","T","E","$","R","E","?","R","B",null,"M","?","M","?","$","E","?","E","T","E","$","E","R","M","R","B",null,"M","?","M","T","$","E","R","M","T","E","R","?","E","M","R","B","B"],"character_chosen":"WATCHER","items_purchased":["MentalFortress"],"campfire_rested":4,"item_purchase_floors":[11],"current_hp_per_floor":[61,61,61,61,61,37,30,30,30,30,30,48,45,45,45,21,52,52,52,40,40,40,43,55,59,59,62,62,52,57,62,62,62,62,62,62,62,62,62,62,62,62,62,62,62,62,62,62,62,62,59,59],"gold":355,"neow_bonus":"REMOVE_TWO","is_daily":false,"chose_seed":false,"campfire_upgraded":2,"win_rate":0.0,"timestamp":1610638046,"path_taken":["M","?","M","M","?","E","M","E","T","E","$","R","E","?","R","BOSS","M","?","M","?","$","E","?","E","T","E","?","E","R","?","R","BOSS","M","?","M","?","$","E","R","M","T","E","R","?","E","M","R","BOSS","BOSS"],"items_purchased_type":["Card"],"build_version":"2020-12-22","purchased_purges":4,"victory":false,"max_hp_per_floor":[68,62,62,62,62,62,62,62,62,62,62,62,62,62,62,62,62,62,62,62,62,62,62,62,62,62,62,62,62,62,62,62,62,62,62,62,62,62,62,62,62,62,62,62,62,62,62,62,62,62,62,62],"card_choices":[{"not_picked":["SashWhip","FlyingSleeves","Crescendo"],"picked":"SKIP","floor":1.0},{"not_picked":["ClearTheMind","JustLucky","Vengeance"],"picked":"SKIP","floor":3.0},{"not_picked":["Consecrate","Nirvana"],"picked":"EmptyFist","floor":4.0},{"not_picked":["Consecrate","InnerPeace"],"picked":"LessonLearned","floor":6.0},{"not_picked":["BowlingBash","TalkToTheHand"],"picked":"FollowUp","floor":7.0},{"not_picked":["CutThroughFate","FlurryOfBlows"],"picked":"Scrawl","floor":8.0},{"not_picked":["JustLucky","ThirdEye"],"picked":"CrushJoints","floor":10.0},{"not_picked":["FlurryOfBlows","Wireheading"],"picked":"Tantrum","floor":13.0},{"not_picked":["CrushJoints","JustLucky","FlurryOfBlows"],"picked":"SKIP","floor":18.0},{"not_picked":["Nirvana","MentalFortress","FlurryOfBlows"],"picked":"SKIP","floor":20.0},{"not_picked":["BattleHymn","Pray","Fasting2"],"picked":"SKIP","floor":23.0},{"not_picked":["SandsOfTime","PathToVictory","BowlingBash"],"picked":"SKIP","floor":25.0},{"not_picked":["ReachHeaven","Crescendo+1","WaveOfTheHand"],"picked":"SKIP","floor":27.0},{"not_picked":["Nirvana","CarveReality+1","Fasting2+1"],"picked":"SKIP","floor":29.0},{"not_picked":["ClearTheMind","Prostrate","EmptyFist"],"picked":"SKIP","floor":31.0},{"not_picked":["LessonLearned","Brilliance"],"picked":"DeusExMachina","floor":33.0},{"not_picked":["BowlingBash","SashWhip","FlurryOfBlows"],"picked":"SKIP","floor":35.0},{"not_picked":["EmptyBody","DeceiveReality","Fasting2+1"],"picked":"SKIP","floor":37.0},{"not_picked":["EmptyBody","Fasting2","Protect"],"picked":"SKIP","floor":40.0},{"not_picked":["Judgement","SashWhip+1"],"picked":"EmptyMind","floor":42.0},{"not_picked":["Perseverance+1","Crescendo","CutThroughFate"],"picked":"SKIP","floor":44.0},{"not_picked":["MentalFortress+1","DeusExMachina","Wish"],"picked":"SKIP","floor":47.0},{"not_picked":["SandsOfTime","ThirdEye","Collect"],"picked":"SKIP","floor":48},{"not_picked":["ClearTheMind","CrushJoints"],"picked":"EmptyMind+1","floor":49}],"player_experience":2878772,"relics_obtained":[{"floor":6.0,"key":"Mercury Hourglass"},{"floor":8.0,"key":"Centennial Puzzle"},{"floor":9.0,"key":"Vajra"},{"floor":10.0,"key":"Bag of Preparation"},{"floor":13.0,"key":"Art of War"},{"floor":23.0,"key":"HornCleat"},{"floor":25.0,"key":"Tiny Chest"},{"floor":26.0,"key":"Yang"},{"floor":27.0,"key":"Boot"},{"floor":29.0,"key":"MawBank"},{"floor":36.0,"key":"Bird Faced Urn"},{"floor":38.0,"key":"Kunai"},{"floor":40.0,"key":"Smiling Mask"},{"floor":44.0,"key":"Blood Vial"},{"floor":47.0,"key":"Dream Catcher"}],"event_choices":[{"damage_healed":0.0,"max_hp_gain":0.0,"max_hp_loss":6.0,"gold_gain":0.0,"event_name":"Golden Idol","player_choice":"Lose Max HP","floor":2.0,"gold_loss":0.0,"damage_taken":0.0,"relics_obtained":["Golden Idol"]},{"cards_removed":["Defend_P"],"damage_healed":0.0,"max_hp_gain":0.0,"max_hp_loss":0.0,"gold_gain":0.0,"event_name":"Living Wall","player_choice":"Forget","floor":5.0,"gold_loss":0.0,"damage_taken":0.0},{"cards_removed":["Defend_P"],"damage_healed":0.0,"max_hp_gain":0.0,"max_hp_loss":0.0,"gold_gain":0.0,"event_name":"Bonfire Elementals","player_choice":"Offered Basic","floor":14.0,"gold_loss":0.0,"damage_taken":0.0},{"damage_healed":0.0,"max_hp_gain":0.0,"max_hp_loss":0.0,"gold_gain":0.0,"event_name":"Ghosts","player_choice":"Ignored","floor":19.0,"gold_loss":0.0,"damage_taken":0.0},{"damage_healed":0.0,"max_hp_gain":0.0,"max_hp_loss":0.0,"gold_gain":0.0,"event_name":"Forgotten Altar","player_choice":"Gave Idol","floor":21.0,"relics_lost":["Golden Idol"],"gold_loss":0.0,"damage_taken":0.0,"relics_obtained":["Bloody Idol"]},{"damage_healed":12.0,"max_hp_gain":0.0,"max_hp_loss":0.0,"gold_gain":0.0,"event_name":"The Library","player_choice":"Heal","floor":24.0,"gold_loss":0.0,"damage_taken":0.0},{"damage_healed":0.0,"max_hp_gain":0.0,"max_hp_loss":0.0,"gold_gain":0.0,"event_name":"MindBloom","player_choice":"Fight","floor":36.0,"gold_loss":0.0,"damage_taken":0.0},{"cards_removed":["DeusExMachina"],"damage_healed":0.0,"max_hp_gain":0.0,"max_hp_loss":0.0,"gold_gain":0.0,"event_name":"Falling","player_choice":"Removed Skill","floor":46.0,"gold_loss":0.0,"damage_taken":0.0}],"is_beta":false,"boss_relics":[{"not_picked":["Calling Bell","Cursed Key"],"picked":"Philosopher\u0027s Stone"},{"not_picked":["Runic Dome","Sozu"],"picked":"VioletLotus"}],"items_purged_floors":[11,22,28,39],"is_endless":false,"potions_floor_spawned":[6,7,10,16,18,20,29,33,35,40,42],"killed_by":"Time Eater","ascension_level":20}}