{"host":"6p0attdrtjqaih7v","time":1610611476,"event":{"mods":["2.2 Compatiblity","AchievementEnabler","Bard","BaseMod","Better Skull","Better Third Choice","Colored Powertips","Hermit","Highlight Path","Jorbs\u0027s Wanderer Trilogy","Key Reminder","Minty Spire (QoL Compilation)","Permanent Neow","Quick Restart","Random Character Button","Relic Stats","Replay The Spire","Robot Space Explorer","StSLib"],"gold_per_floor":[122,14,14,39,59,94,94,165,165,42,71,71,87,87,87,171,171,188,214,214,230,230,230,265,302,326,326,37,48,48,48,48,129,129,170,191,191,210,235,235,280,280,303,347,370,426,463,520,520,547,586],"floor_reached":52,"language":"ENG","playtime":3155,"items_purged":["stsjorbsmod:Strike_Wanderer"],"score":2110,"play_id":"a35e5894-4764-4a42-b992-8fd526f6e940","local_time":"20210114030436","is_ascension_mode":true,"campfire_choices":[{"data":"stsjorbsmod:TrueStrike","floor":7,"key":"SMITH"},{"data":"stsjorbsmod:GatherPower","floor":12,"key":"SMITH"},{"data":"stsjorbsmod:TinyHut","floor":15,"key":"SMITH"},{"data":"stsjorbsmod:ColorSpray","floor":23,"key":"SMITH"},{"floor":27,"key":"REST"},{"data":"stsjorbsmod:IvoryTower","floor":30,"key":"SMITH"},{"data":"stsjorbsmod:Stalwart","floor":32,"key":"SMITH"},{"data":"stsjorbsmod:GatherPower","floor":40,"key":"SMITH"},{"data":"stsjorbsmod:FindFamiliar","floor":42,"key":"SMITH"},{"floor":49,"key":"REST"}],"circlet_count":0,"master_deck":["AscendersBane","stsjorbsmod:ForbiddenGrimoire+1","stsjorbsmod:Strike_Wanderer","stsjorbsmod:Defend_Wanderer+1","stsjorbsmod:Defend_Wanderer","stsjorbsmod:Defend_Wanderer","stsjorbsmod:FreshAdventure+1","stsjorbsmod:EyeOfTheStorm","stsjorbsmod:TrueStrike+1","stsjorbsmod:Materialize+1","stsjorbsmod:TinyHut+1","stsjorbsmod:MageArmor+1","stsjorbsmod:MageArmor","stsjorbsmod:ColorSpray+1","stsjorbsmod:Stalwart+1","stsjorbsmod:GatherPower+1","stsjorbsmod:DeathThroes+1","stsjorbsmod:BurningFlask","stsjorbsmod:ArcaneWeapon","stsjorbsmod:FindFamiliar+1","stsjorbsmod:IvoryTower+1","stsjorbsmod:Channel+1","stsjorbsmod:ColorSpray+1","stsjorbsmod:ArcaneWeapon+1","stsjorbsmod:GatherPower+1","AbeCurse","stsjorbsmod:UnseenServant+1","stsjorbsmod:FranticSearch","stsjorbsmod:MistyStep","stsjorbsmod:TrueStrike+1"],"relics":["stsjorbsmod:GrimoireRelic","Replay:Bandana","stsjorbsmod:MindPalaceRelic","Replay:WaspNest","White Beast Statue","Replay:Ringing Soul","Boot","Replay:Drink Me","CultistMask","Lizard Tail","Vajra","DollysMirror","Abe\u0027s Treasure","Golden Egg","Akabeko","PreservedInsect","Gremlin Food","Centennial Puzzle"],"acts_visited":["Exordium","TheCity","TheBeyond"],"potions_floor_usage":[6,6,8,13,16,19,24,29,33,36,41,50,50],"damage_taken":[{"damage":0,"enemies":"Cultist","floor":1,"turns":4},{"damage":0,"enemies":"Jaw Worm","floor":4,"turns":3},{"damage":4,"enemies":"2 Louse","floor":5,"turns":3},{"damage":24,"enemies":"Gremlin Nob","floor":6,"turns":4},{"damage":3,"enemies":"3 Sentries","floor":8,"turns":4},{"damage":13,"enemies":"Lagavulin","floor":11,"turns":6},{"damage":0,"enemies":"Lots of Slimes","floor":13,"turns":5},{"damage":21,"enemies":"The Guardian","floor":16,"turns":9},{"damage":14,"enemies":"Chosen","floor":18,"turns":7},{"damage":7,"enemies":"2 Thieves","floor":19,"turns":4},{"damage":0,"enemies":"Cultist and Chosen","floor":21,"turns":4},{"damage":23,"enemies":"Gremlin Leader","floor":24,"turns":6},{"damage":0,"enemies":"Chosen and Byrds","floor":25,"turns":3},{"damage":12,"enemies":"Centurion and Healer","floor":29,"turns":7},{"damage":0,"enemies":"Collector","floor":33,"turns":5},{"damage":0,"enemies":"3 Shapes","floor":35,"turns":3},{"damage":0,"enemies":"Orb Walker","floor":36,"turns":3},{"damage":9,"enemies":"Spire Growth","floor":38,"turns":4},{"damage":0,"enemies":"Transient","floor":39,"turns":6},{"damage":23,"enemies":"Nemesis","floor":41,"turns":4},{"damage":0,"enemies":"Giant Head","floor":44,"turns":4},{"damage":6,"enemies":"3 Darklings","floor":45,"turns":4},{"damage":0,"enemies":"Sphere and 2 Shapes","floor":47,"turns":1},{"damage":31,"enemies":"Reptomancer","floor":48,"turns":6},{"damage":27,"enemies":"Awakened One","floor":50,"turns":6},{"damage":9,"enemies":"Donu and Deca","floor":51,"turns":5}],"seed_played":"-3227023376818721878","potions_obtained":[{"floor":5,"key":"Energy Potion"},{"floor":6,"key":"SkillPotion"},{"floor":8,"key":"Dexterity Potion"},{"floor":11,"key":"Swift Potion"},{"floor":13,"key":"Strength Potion"},{"floor":16,"key":"Cursed Concoction"},{"floor":18,"key":"ColorlessPotion"},{"floor":19,"key":"Milkshake"},{"floor":24,"key":"BlessingOfTheForge"},{"floor":25,"key":"Block Potion"},{"floor":29,"key":"PowerPotion"},{"floor":33,"key":"Adrenaline Potion"},{"floor":35,"key":"Fruit Juice"},{"floor":36,"key":"FearPotion"},{"floor":41,"key":"SpeedPotion"},{"floor":45,"key":"Strength Potion"},{"floor":48,"key":"Block Potion"}],"is_trial":false,"path_per_floor":["M","$","T","M","M","E","R","E","T","$","E","R","M","?","R","B",null,"M","M","?","M","?","R","E","M","T","R","$","M","R","$","R","B",null,"M","M","?","M","M","R","E","R","T","E","M","?","M","E","R","B","B",null],"character_chosen":"WANDERER","items_purchased":["stsjorbsmod:Materialize","ColorlessPotion","stsjorbsmod:ColorSpray","stsjorbsmod:Stalwart","Strength Potion","DollysMirror"],"campfire_rested":2,"item_purchase_floors":[2,2,10,10,28,28],"current_hp_per_floor":[60,60,60,62,60,39,39,40,40,43,36,36,47,47,47,29,53,44,42,24,29,29,29,14,20,20,44,47,45,45,45,45,52,84,90,98,96,90,97,97,77,77,77,85,82,82,83,61,92,73,69],"gold":586,"neow_bonus":"RANDOM_COMMON_RELIC","is_daily":false,"chose_seed":false,"campfire_upgraded":8,"win_rate":0.0,"timestamp":1610611476,"path_taken":["M","$","?","M","M","E","R","E","T","$","E","R","M","?","R","BOSS","M","M","?","M","?","R","E","?","T","R","$","M","R","?","R","BOSS","M","M","?","M","M","R","E","R","T","E","M","?","?","E","R","BOSS","BOSS"],"items_purchased_type":["Card","Potion","Card","Card","Potion","Relic"],"build_version":"2020-12-22","purchased_purges":1,"victory":true,"max_hp_per_floor":[64,64,64,64,64,64,64,64,64,67,70,70,78,78,78,81,61,64,67,72,75,75,75,78,81,81,81,84,87,87,87,87,90,93,96,101,96,96,99,99,99,99,99,102,102,102,102,105,105,105,105],"relic_stats":{"Lizard Tail":0,"Centennial Puzzle":[6],"counters":[26,120],"PreservedInsect":61,"Boot":[24],"obtain_stats":[{"Gremlin Food":46,"Golden Egg":41,"Vajra":26,"stsjorbsmod:GrimoireRelic":0,"Replay:WaspNest":6,"PreservedInsect":44,"stsjorbsmod:MindPalaceRelic":3,"Boot":11,"White Beast Statue":8,"Akabeko":43,"Replay:Ringing Soul":9,"Replay:Bandana":0,"Lizard Tail":24,"Centennial Puzzle":48,"DollysMirror":28,"CultistMask":22,"Replay:Drink Me":17,"Abe\u0027s Treasure":34},{"Gremlin Food":22,"Golden Egg":20,"Vajra":13,"stsjorbsmod:GrimoireRelic":0,"Replay:WaspNest":4,"PreservedInsect":21,"stsjorbsmod:MindPalaceRelic":1,"Boot":6,"White Beast Statue":5,"Akabeko":20,"Replay:Ringing Soul":5,"Replay:Bandana":0,"Lizard Tail":12,"Centennial Puzzle":24,"DollysMirror":13,"CultistMask":11,"Replay:Drink Me":8,"Abe\u0027s Treasure":15},{"Gremlin Food":102,"Golden Egg":94,"Vajra":62,"stsjorbsmod:GrimoireRelic":0,"Replay:WaspNest":14,"PreservedInsect":98,"stsjorbsmod:MindPalaceRelic":4,"Boot":24,"White Beast Statue":18,"Akabeko":94,"Replay:Ringing Soul":18,"Replay:Bandana":0,"Lizard Tail":59,"Centennial Puzzle":109,"DollysMirror":62,"CultistMask":53,"Replay:Drink Me":38,"Abe\u0027s Treasure":74}]},"card_choices":[{"not_picked":["stsjorbsmod:BlackTentacles","stsjorbsmod:Rest"],"picked":"stsjorbsmod:TrueStrike","floor":1},{"not_picked":["stsjorbsmod:RefuseToForget","stsjorbsmod:DisguiseSelf","stsjorbsmod:BurningFlask"],"picked":"SKIP","floor":4},{"not_picked":["stsjorbsmod:BookOfTongues","stsjorbsmod:SchoolsOfMagic"],"picked":"stsjorbsmod:TinyHut","floor":5},{"not_picked":["stsjorbsmod:Prestidigitation","stsjorbsmod:Stalwart"],"picked":"stsjorbsmod:MageArmor","floor":6},{"not_picked":["stsjorbsmod:Firebolt","stsjorbsmod:RefuseToForget"],"picked":"stsjorbsmod:MageArmor","floor":8},{"not_picked":["stsjorbsmod:UnseenServant","stsjorbsmod:FranticSearch"],"picked":"stsjorbsmod:GatherPower","floor":11},{"not_picked":["stsjorbsmod:Will","stsjorbsmod:TrueStrike","stsjorbsmod:MagicMirror"],"picked":"SKIP","floor":13},{"not_picked":["stsjorbsmod:HoldMonster","stsjorbsmod:Pyromancy"],"picked":"stsjorbsmod:DeathThroes","floor":16},{"not_picked":["stsjorbsmod:Aid","stsjorbsmod:Mending"],"picked":"stsjorbsmod:BurningFlask","floor":18},{"not_picked":["stsjorbsmod:OldPocket","stsjorbsmod:TrueStrike"],"picked":"stsjorbsmod:ArcaneWeapon","floor":19},{"not_picked":["stsjorbsmod:ChainLightning","stsjorbsmod:LoseGrip"],"picked":"stsjorbsmod:FindFamiliar","floor":21},{"not_picked":["stsjorbsmod:Rest","stsjorbsmod:ChatteringStrike"],"picked":"stsjorbsmod:IvoryTower","floor":24},{"not_picked":["stsjorbsmod:FracturedMind","stsjorbsmod:Will"],"picked":"stsjorbsmod:Channel+1","floor":25},{"not_picked":["stsjorbsmod:Inferno","stsjorbsmod:Index"],"picked":"stsjorbsmod:ArcaneWeapon","floor":29},{"not_picked":["stsjorbsmod:Fear","stsjorbsmod:Banish"],"picked":"stsjorbsmod:GatherPower","floor":33},{"not_picked":["stsjorbsmod:Mending+1","stsjorbsmod:ChatteringStrike"],"picked":"stsjorbsmod:UnseenServant","floor":35},{"not_picked":["stsjorbsmod:ScorchingRay+1","stsjorbsmod:Inferno+1","stsjorbsmod:MagicMissiles"],"picked":"SKIP","floor":36},{"not_picked":["stsjorbsmod:ArcaneWeapon+1","stsjorbsmod:Channel","stsjorbsmod:DisguiseSelf"],"picked":"SKIP","floor":38},{"not_picked":["stsjorbsmod:Firebolt","stsjorbsmod:Patron+1"],"picked":"stsjorbsmod:FranticSearch","floor":39},{"not_picked":["stsjorbsmod:Aid+1","stsjorbsmod:BlackTentacles","stsjorbsmod:ChatteringStrike"],"picked":"SKIP","floor":41},{"not_picked":["stsjorbsmod:BurningFlask+1","stsjorbsmod:RefuseToForget+1"],"picked":"stsjorbsmod:MistyStep","floor":44},{"not_picked":["stsjorbsmod:Mending","stsjorbsmod:BlackTentacles","stsjorbsmod:HoldMonster"],"picked":"SKIP","floor":45},{"not_picked":["stsjorbsmod:DoubleCheck","stsjorbsmod:Will","stsjorbsmod:Channel"],"picked":"SKIP","floor":47},{"not_picked":["stsjorbsmod:Will","stsjorbsmod:UnseenServant"],"picked":"stsjorbsmod:TrueStrike+1","floor":48}],"player_experience":834158,"relics_obtained":[{"floor":3,"key":"stsjorbsmod:MindPalaceRelic"},{"floor":6,"key":"Replay:WaspNest"},{"floor":8,"key":"White Beast Statue"},{"floor":9,"key":"Replay:Ringing Soul"},{"floor":11,"key":"Boot"},{"floor":24,"key":"Lizard Tail"},{"floor":26,"key":"Vajra"},{"floor":41,"key":"Golden Egg"},{"floor":43,"key":"Akabeko"},{"floor":44,"key":"PreservedInsect"},{"floor":46,"key":"Gremlin Food"},{"floor":48,"key":"Centennial Puzzle"}],"event_choices":[{"damage_healed":0,"gold_gain":0,"player_choice":"Shed Blood","damage_taken":23,"max_hp_gain":5,"max_hp_loss":0,"event_name":"Forgotten Altar","floor":20,"gold_loss":0},{"damage_healed":0,"gold_gain":0,"player_choice":"Trade","damage_taken":0,"relics_obtained":["CultistMask"],"max_hp_gain":0,"max_hp_loss":0,"event_name":"FaceTrader","floor":22,"gold_loss":0},{"damage_healed":0,"gold_gain":0,"player_choice":"Max HP","damage_taken":0,"max_hp_gain":0,"max_hp_loss":5,"event_name":"Winding Halls","floor":37,"gold_loss":0}],"is_beta":false,"boss_relics":[{"not_picked":["Black Star","ChewingGum"],"picked":"Replay:Drink Me"},{"not_picked":["SacredBark","Empty Cage"],"picked":"Abe\u0027s Treasure"}],"items_purged_floors":[28],"is_endless":false,"potions_floor_spawned":[5,6,8,11,13,16,18,19,21,24,25,29,33,35,36,38,39,41,44,45,47,48],"ascension_level":20}}