{"host":"j6locglyv7e0c0tm","time":1610663966,"event":{"mods":["BaseMod","Better Altar","Better Match","Better Note","Better Sensory Stone","Better Skull","Better Third Choice","Better Vampires","BetterRewards","Card Forge","Colored Powertips","Custom Start","DeckTracker","Downfall","Googly Eyes","Hermit","Highlight Path","Jorbs\u0027s Wanderer Trilogy","Marked Mod","Minty Spire (QoL Compilation)","Relic Stats","Replay The Spire","Shade Mod","Shop Mod","StSLib","Swap Starting Deck Mod","The Runesmith","TheFirefly"],"gold_per_floor":[117,134,134,7,23,53,53,8,8,8,23,33,33,33],"floor_reached":13,"language":"ENG","playtime":637,"items_purged":[],"score":85,"play_id":"926d906e-bba5-41ec-b036-a0dd46bac12d","local_time":"20210115093926","is_ascension_mode":false,"campfire_choices":[{"data":"MarkedMod:OneThousandNeedles","floor":7,"key":"SMITH"},{"data":"Eruption","floor":10,"key":"SMITH"}],"circlet_count":0,"master_deck":["Strike_P","Strike_P","Strike_P","Strike_P","Defend_P","Defend_P","Defend_P","Defend_P","Eruption+1","Vigilance","Replay:ManipulateFuture","Nirvana","Worship","Crescendo","MarkedMod:OneThousandNeedles+1","EmptyFist","EmptyFist","EmptyBody","Replay:Battleflow+1","Wireheading"],"relics":["PureWater","Hammer of Thor","Seething Fire","Anvil of the Gods","HandDrill","Replay:Accelerometer","Toxic Egg 2"],"acts_visited":["Exordium"],"potions_floor_usage":[6],"damage_taken":[{"damage":3.0,"enemies":"Jaw Worm","floor":1.0,"turns":3.0},{"damage":2.0,"enemies":"Small Slimes","floor":2.0,"turns":4.0},{"damage":5.0,"enemies":"Cultist","floor":5.0,"turns":5.0},{"damage":17,"enemies":"Lagavulin","floor":6,"turns":6},{"damage":8,"enemies":"Exordium Thugs","floor":11,"turns":5},{"damage":2,"enemies":"Looter","floor":12,"turns":3},{"damage":83,"enemies":"Gremlin Nob","floor":13,"turns":5}],"seed_played":"3545025627123729738","potions_obtained":[{"floor":2.0,"key":"SmokeBomb"},{"floor":5.0,"key":"Weak Potion"},{"floor":11,"key":"Elixir"}],"is_trial":false,"path_per_floor":["M","M","?","$","M","E","R","$","T","R","M","M","E"],"character_chosen":"WATCHER","items_purchased":["HandDrill","Replay:ManipulateFuture","Nirvana","MarkedMod:OneThousandNeedles","EmptyFist","EmptyBody"],"campfire_rested":0,"item_purchase_floors":[0,0,0,4,4,8],"current_hp_per_floor":[61,59,59,59,54,37,37,37,37,37,29,27,0,0],"gold":33,"neow_bonus":"","is_daily":false,"chose_seed":false,"campfire_upgraded":2,"win_rate":0.0,"timestamp":1610663966,"path_taken":["M","M","?","$","M","E","R","$","T","R","M","M","E"],"items_purchased_type":["Relic","Card","Card","Card","Card","Card"],"build_version":"2020-12-22","purchased_purges":0,"victory":false,"max_hp_per_floor":[72,72,72,72,72,72,72,72,72,72,72,72,72,72],"relic_stats":{"counters":[26,116],"HandDrill":[4],"obtain_stats":[{"Replay:Accelerometer":6,"NeowsBlessing":0,"Gremlin Horn":24,"Hammer of Thor":0,"Omamori":12,"Seething Fire":0,"Ginger":26,"Akabeko":11,"Replay:Bandana":6,"Dream Catcher":21,"Busted Crown":17,"Anvil of the Gods":0,"betterThird:SlimedRelic":8,"HandDrill":0,"PureWater":0,"Toxic Egg 2":9},{"Replay:Accelerometer":23,"NeowsBlessing":0,"Gremlin Horn":15,"Hammer of Thor":0,"Omamori":7,"Seething Fire":0,"Ginger":15,"Akabeko":6,"Replay:Bandana":5,"Dream Catcher":13,"Busted Crown":10,"Anvil of the Gods":0,"betterThird:SlimedRelic":6,"HandDrill":19,"PureWater":0,"Toxic Egg 2":23},{"Replay:Accelerometer":103,"NeowsBlessing":0,"Gremlin Horn":65,"Hammer of Thor":0,"Omamori":24,"Seething Fire":0,"Ginger":65,"Akabeko":17,"Replay:Bandana":14,"Dream Catcher":56,"Busted Crown":42,"Anvil of the Gods":0,"betterThird:SlimedRelic":17,"HandDrill":85,"PureWater":0,"Toxic Egg 2":103}]},"card_choices":[{"not_picked":["WreathOfFlame","Protect"],"picked":"Worship","floor":1.0},{"not_picked":["MarkedMod:Acupuncture","FollowUp"],"picked":"Crescendo","floor":2.0},{"not_picked":["Tantrum","Prostrate"],"picked":"EmptyFist","floor":5.0},{"not_picked":["Swivel","TalkToTheHand","CutThroughFate"],"picked":"SKIP","floor":6},{"not_picked":["Replay:BluntJabs","SandsOfTime"],"picked":"Replay:Battleflow+1","floor":11},{"not_picked":["BowlingBash","EmptyBody+1"],"picked":"Wireheading","floor":12}],"player_experience":815657,"relics_obtained":[{"floor":6,"key":"Replay:Accelerometer"},{"floor":9,"key":"Toxic Egg 2"}],"event_choices":[{"damage_healed":0.0,"max_hp_gain":0.0,"max_hp_loss":0.0,"gold_gain":0.0,"event_name":"Golden Wing","player_choice":"Ignored","floor":3.0,"gold_loss":0.0,"damage_taken":0.0}],"is_beta":false,"boss_relics":[],"items_purged_floors":[],"is_endless":false,"potions_floor_spawned":[2,5,11],"killed_by":"Gremlin Nob","ascension_level":0}}