{"host":"ttgbaqegq96hv5uv","time":1610586093,"event":{"mods":["2.2 Compatiblity","AchievementEnabler","Aspiration","BaseMod","Beaked The Cultist","Better Synergies","Better Vampires","BetterRewards","ChefMod","Clawfect","Colored Map","Colored Powertips","Conspire","Defuse TimeMaze Blight","Displayed Cursed Tome","Emptier Cage","Friendly Minions","Gold Saver","GungeonMod","Hermit","Hubris","Infinite Spire","JesterMod","Marked Mod","Minty Spire (QoL Compilation)","Poor People Problems","QueenMod","Relic Stats","Replay The Spire","Robot Space Explorer","Shop Mod","Spicy Shops","StSLib","The Blackbeard","The Cursed","The Dragon Tamer","The Factory","The Marked","The Mystic","TheHero","TheVacant","egg"],"gold_per_floor":[3502,3513,3513,2896,2914,2914,2914,2914,2963,2963,2975,3008,3034,3047,3047,3142,3142,3153,3153,3170,3170,3170,3170,3184,3195,3195,2856,2868,2868,2901,2911,2911,3008,3008,2920,2920,2931,2943,2961,2961,2979,2979,3047,2486,2486,2486,2498,2512,2512,2512],"floor_reached":51,"language":"ENG","playtime":4569,"items_purged":["DTMod:Strike"],"score":721,"play_id":"5a5a7e46-7145-4eb6-ab3c-94161f7c8fcd","local_time":"20210114010133","is_ascension_mode":false,"metric_token":2707,"campfire_choices":[{"data":"DTMod:Adaptation","floor":6,"key":"SMITH"},{"data":"DTMod:BurningForce","floor":10,"key":"SMITH"},{"data":"DTMod:FlameSlash","floor":15,"key":"SMITH"},{"floor":23,"key":"REST"},{"floor":29,"key":"REST"},{"data":"DTMod:OpeningTactic","floor":32,"key":"SMITH"},{"floor":40,"key":"REST"},{"floor":42,"key":"REST"},{"floor":46,"key":"REST"},{"data":"DTMod:Observe","floor":49,"key":"SMITH"}],"dtmod_dragon_data":[29,58,1,0,8,0],"circlet_count":0,"master_deck":["DTMod:Strike","DTMod:Strike","DTMod:Strike","DTMod:TargetDefense+1","DTMod:TargetDefense+1","DTMod:TargetDefense","DTMod:SwitchingTactic","DTMod:FlameSlash+1","DTMod:ShieldDrain","DTMod:Adaptation+1","DTMod:BlueScale+1","DTMod:ComboAttack","DTMod:FlameSlash+1","DTMod:OpeningTactic+1","DTMod:Weaken","DTMod:InvisibleFlame","DTMod:ForkedFire+1","DTMod:Observe+1","DTMod:MasterPlan+1","DTMod:ForkedFire","DTMod:Training+1","DTMod:GearUp+1","DTMod:FlameSlash","DTMod:Training+1","DTMod:BreakAttack+1","DTMod:StarRain","DTMod:StarRain","DTMod:DragonDance+1","DTMod:Punisher+1","Normality","DTMod:MasterPlan+1","DTMod:Cover+1"],"relics":["DTMod:PactStone","NeowsBlessing","hubris:Icosahedron","Membership Card","infinitespire:Lucky Rock","Ice Cream","DemoMod:Metronome","DemoMod:GnawedKey","Bag of Preparation","Art of War","Anchor","aspiration:SecretTechniqueScroll","aspiration:Stabinomicon","conspire:BottledYoYo","Golden Egg","War Paint","DTMod:MindBender","Toy Ornithopter","Kintsugi","infinitespire:BottledMercury","hubris:Potato","Gremlin Horn","HandDrill","Blood Vial","TheAbacus"],"acts_visited":["Exordium","TheCity","TheBeyond"],"potions_floor_usage":[16,38,47,50],"damage_taken":[{"damage":0,"enemies":"conspire:RoseBush","floor":1,"turns":1},{"damage":0,"enemies":"Small Slimes","floor":2,"turns":1},{"damage":0,"enemies":"infinitespire:Voidling","floor":5,"turns":1},{"damage":0,"enemies":"Exordium Wildlife","floor":11,"turns":5},{"damage":0,"enemies":"Lagavulin","floor":12,"turns":7},{"damage":0,"enemies":"3 Louse","floor":14,"turns":2},{"damage":22,"enemies":"Fading Forest","floor":16,"turns":11},{"damage":0,"enemies":"2 Thieves","floor":18,"turns":4},{"damage":0,"enemies":"Chosen","floor":20,"turns":4},{"damage":0,"enemies":"Snake Plant","floor":24,"turns":4},{"damage":0,"enemies":"Snecko","floor":25,"turns":4},{"damage":0,"enemies":"Centurion and Healer","floor":28,"turns":4},{"damage":0,"enemies":"conspire:SneckoGhost","floor":30,"turns":6},{"damage":0,"enemies":"Cultist and Chosen","floor":31,"turns":5},{"damage":40,"enemies":"Champ","floor":33,"turns":13},{"damage":4,"enemies":"3 Darklings","floor":35,"turns":5},{"damage":0,"enemies":"3 Shapes","floor":37,"turns":3},{"damage":0,"enemies":"Writhing Mass","floor":38,"turns":7},{"damage":35,"enemies":"4 Shapes","floor":39,"turns":3},{"damage":0,"enemies":"Jaw Worm Horde","floor":41,"turns":2},{"damage":0,"enemies":"Writhing Mass","floor":47,"turns":5},{"damage":0,"enemies":"Sphere and 2 Shapes","floor":48,"turns":2},{"damage":29,"enemies":"infinitespire:MassOfShapes","floor":50,"turns":8}],"seed_played":"191393084904039108","potions_obtained":[{"floor":2,"key":"Languid Potion"},{"floor":14,"key":"Elixir"},{"floor":20,"key":"CultistPotion"},{"floor":24,"key":"AttackPotion"},{"floor":39,"key":"SkillPotion"}],"is_trial":false,"path_per_floor":["M","M","?","$","M","R","?","?","T","R","M","E","T","M","R","B",null,"M","?","M","?","?","R","M","M","T","$","M","R","E","M","R","B",null,"M","?","M","M","M","R","M","R","T","$","?","R","M","M","R","B",null],"character_chosen":"THE_DT","items_purchased":["Membership Card","infinitespire:Lucky Rock","Ice Cream","DemoMod:Metronome","DemoMod:GnawedKey","DTMod:Threaten+1","DTMod:Dissolve","DTMod:BurningForce","Golden Egg","War Paint","DTMod:MindBender","DTMod:MasterPlan","hubris:Potato","Gremlin Horn","HandDrill","Blood Vial","TheAbacus","DTMod:DragonDance","DTMod:Punisher"],"campfire_rested":5,"item_purchase_floors":[4,4,4,4,4,4,4,4,27,27,27,27,44,44,44,44,44,44,44],"current_hp_per_floor":[45,45,45,45,45,45,45,45,45,45,45,45,45,45,45,23,45,45,45,45,45,29,42,42,42,42,42,42,45,45,45,45,5,45,41,41,41,45,10,23,23,36,36,36,36,45,45,45,45,21],"gold":2512,"neow_bonus":"THREE_ENEMY_KILL","is_daily":false,"chose_seed":false,"campfire_upgraded":5,"win_rate":0.0,"timestamp":1610586093,"path_taken":["M","M","?","$","M","R","?","?","T","R","?","E","?","M","R","BOSS","M","?","M","?","?","R","?","M","T","$","M","R","E","M","R","BOSS","M","?","?","M","M","R","M","R","T","$","?","R","M","M","R","BOSS"],"items_purchased_type":["Relic","Relic","Relic","Relic","Relic","Card","Card","Card","Relic","Relic","Relic","Card","Relic","Relic","Relic","Relic","Relic","Card","Card"],"build_version":"2020-12-22","purchased_purges":1,"victory":true,"max_hp_per_floor":[45,45,45,45,45,45,45,45,45,45,45,45,45,45,45,45,45,45,45,45,45,45,45,45,45,45,45,45,45,45,45,45,45,45,45,45,45,45,45,45,45,45,45,45,45,45,45,45,45,45],"relic_stats":{"Blood Vial":0,"TheAbacus":[12],"Gremlin Horn":[2,2],"counters":[23,107],"Bag of Preparation":[40],"Art of War":[4],"HandDrill":[10],"War Paint":["DTMod:TargetDefense","DTMod:TargetDefense"],"obtain_stats":[{"Ice Cream":4,"Golden Egg":27,"infinitespire:BottledMercury":43,"Gremlin Horn":44,"DemoMod:GlassGuonStoneRelic":11,"Bag of Preparation":9,"aspiration:Stabinomicon":22,"Blood Vial":44,"hubris:Icosahedron":3,"DTMod:MindBender":27,"TheAbacus":44,"DemoMod:Metronome":4,"DemoMod:GnawedKey":4,"HandDrill":44,"NeowsBlessing":0,"infinitespire:Lucky Rock":4,"aspiration:SecretTechniqueScroll":17,"War Paint":27,"Anchor":13,"DTMod:PactStone":0,"Art of War":12,"conspire:BottledYoYo":26,"Membership Card":4,"Kintsugi":34,"Toy Ornithopter":30,"hubris:Potato":44},{"Ice Cream":2,"Golden Egg":11,"infinitespire:BottledMercury":20,"Gremlin Horn":20,"DemoMod:GlassGuonStoneRelic":4,"Bag of Preparation":3,"aspiration:Stabinomicon":9,"Blood Vial":20,"hubris:Icosahedron":2,"DTMod:MindBender":11,"TheAbacus":20,"DemoMod:Metronome":2,"DemoMod:GnawedKey":2,"HandDrill":20,"NeowsBlessing":0,"infinitespire:Lucky Rock":2,"aspiration:SecretTechniqueScroll":7,"War Paint":11,"Anchor":5,"DTMod:PactStone":0,"Art of War":5,"conspire:BottledYoYo":11,"Membership Card":2,"Kintsugi":15,"Toy Ornithopter":13,"hubris:Potato":20},{"Ice Cream":2,"Golden Egg":44,"infinitespire:BottledMercury":92,"Gremlin Horn":92,"DemoMod:GlassGuonStoneRelic":8,"Bag of Preparation":3,"aspiration:Stabinomicon":36,"Blood Vial":92,"hubris:Icosahedron":2,"DTMod:MindBender":44,"TheAbacus":92,"DemoMod:Metronome":2,"DemoMod:GnawedKey":2,"HandDrill":92,"NeowsBlessing":0,"infinitespire:Lucky Rock":2,"aspiration:SecretTechniqueScroll":28,"War Paint":44,"Anchor":15,"DTMod:PactStone":0,"Art of War":15,"conspire:BottledYoYo":44,"Membership Card":2,"Kintsugi":72,"Toy Ornithopter":54,"hubris:Potato":92}],"Toy Ornithopter":9},"card_choices":[{"not_picked":["DTMod:Observe","DTMod:Cover"],"picked":"DTMod:FlameSlash","floor":1},{"not_picked":["DTMod:DarkBreath","DTMod:Threaten"],"picked":"DTMod:ShieldDrain","floor":2},{"not_picked":["DTMod:ShieldDrain","DTMod:Threaten"],"picked":"DTMod:Adaptation","floor":5},{"not_picked":["DTMod:BuildUp","DTMod:Hide","DTMod:MasterPlan"],"picked":"SKIP","floor":11},{"not_picked":["DTMod:Multitask","DTMod:Cover"],"picked":"DTMod:ComboAttack","floor":12},{"not_picked":["DTMod:Hide","DTMod:ForkedFire"],"picked":"DTMod:FlameSlash","floor":14},{"not_picked":["DTMod:Safeguard","DTMod:Multitask"],"picked":"DTMod:OpeningTactic","floor":16},{"not_picked":["DTMod:BreakAttack+1","DTMod:BurningEnergy"],"picked":"DTMod:Weaken","floor":18},{"not_picked":["DTMod:Cover","DTMod:DarkBreath"],"picked":"DTMod:InvisibleFlame","floor":20},{"not_picked":["DTMod:BurningForce","DTMod:BreakAttack"],"picked":"DTMod:ForkedFire+1","floor":24},{"not_picked":["DTMod:BlueScale","DTMod:StarRain"],"picked":"DTMod:Observe","floor":25},{"not_picked":["DTMod:QuickFly+1","DTMod:SneakAttack"],"picked":"DTMod:ForkedFire","floor":28},{"not_picked":["DTMod:DeepFocus","DTMod:Coolant"],"picked":"DTMod:Haste+1","floor":30},{"not_picked":["DTMod:PurifyingFlame","DTMod:CleansingStrike"],"picked":"DTMod:Training+1","floor":31},{"not_picked":["DTMod:HeadStart","DTMod:Multitask"],"picked":"DTMod:GearUp","floor":33},{"not_picked":["DTMod:LastStand","DTMod:Threaten+1"],"picked":"DTMod:FlameSlash","floor":35},{"not_picked":["DTMod:Feint","DTMod:GhostSkin+1","DTMod:TauntingStrike+1"],"picked":"SKIP","floor":37},{"not_picked":["DTMod:DeepFocus","DTMod:BurningEnergy"],"picked":"DTMod:BreakAttack+1","floor":38},{"not_picked":["DTMod:ForkedFire+1","DTMod:HeatWave"],"picked":"DTMod:StarRain","floor":39},{"not_picked":["DTMod:Haste+1","DTMod:Astonish"],"picked":"DTMod:StarRain","floor":41},{"not_picked":["DTMod:ForkedFire","DTMod:QuickFly"],"picked":"DTMod:MasterPlan+1","floor":47},{"not_picked":["DTMod:DeepFocus+1","DTMod:HeatWave+1"],"picked":"DTMod:Cover+1","floor":48}],"player_experience":640138,"relics_obtained":[{"floor":9,"key":"Bag of Preparation"},{"floor":12,"key":"Art of War"},{"floor":13,"key":"Anchor"},{"floor":26,"key":"conspire:BottledYoYo"},{"floor":30,"key":"Toy Ornithopter"},{"floor":43,"key":"infinitespire:BottledMercury"}],"event_choices":[{"damage_healed":0,"gold_gain":0,"player_choice":"Forge","damage_taken":0,"max_hp_gain":0,"max_hp_loss":0,"event_name":"Accursed Blacksmith","floor":8,"gold_loss":0,"cards_upgraded":["DTMod:FlameSlash"]},{"damage_healed":0,"gold_gain":0,"player_choice":"Ignored","damage_taken":0,"max_hp_gain":0,"max_hp_loss":0,"event_name":"Vampires","floor":19,"gold_loss":0},{"damage_healed":0,"gold_gain":0,"player_choice":"Ignored","damage_taken":0,"max_hp_gain":0,"max_hp_loss":0,"event_name":"Ghosts","floor":21,"gold_loss":0},{"damage_healed":0,"gold_gain":0,"player_choice":"Obtained Book","damage_taken":16,"max_hp_gain":0,"max_hp_loss":0,"event_name":"Cursed Tome","floor":22,"gold_loss":0},{"damage_healed":0,"gold_gain":0,"player_choice":"Copied","damage_taken":0,"max_hp_gain":0,"max_hp_loss":0,"event_name":"Duplicator","floor":36,"gold_loss":0,"cards_obtained":["DTMod:Training"]},{"damage_healed":0,"gold_gain":0,"cards_transformed":["Writhe"],"player_choice":"Transformed","damage_taken":0,"max_hp_gain":0,"max_hp_loss":0,"event_name":"Transmorgrifier","floor":45,"gold_loss":0,"cards_obtained":["Normality"]}],"is_beta":false,"boss_relics":[{"not_picked":["Tiny House","SacredBark"],"picked":"aspiration:SecretTechniqueScroll"},{"not_picked":["ChewingGum","ReplayTheSpireMod:DimensionalGlitch"],"picked":"Kintsugi"}],"items_purged_floors":[27],"is_endless":false,"potions_floor_spawned":[2,5,12,14,20,24,30,33,39,41],"ascension_level":0}}