{"host":"hbwa3kjetxrogfq8","time":1610584184,"event":{"mods":["AchievementEnabler","BaseMod","Block Reminder","Colored Map","Colored Powertips","Dark Map","Highlight Path","Minty Spire (QoL Compilation)","Rare Cards Sparkle","Relic Stats","StSLib","Synergy Search"],"gold_per_floor":[115,187,61,136,136,170,183,218,218,218,74,92,92,117,117,236,236,257,24,24,24],"floor_reached":20,"language":"ENG","playtime":685,"items_purged":["Defend_R"],"score":287,"play_id":"f9f64806-b8a3-411a-8b4a-f5ee7592857a","local_time":"20210114012944","is_ascension_mode":true,"campfire_choices":[{"floor":10,"key":"REST"},{"data":"Barricade","floor":15,"key":"SMITH"}],"circlet_count":0,"master_deck":["Strike_R","Strike_R","Strike_R","Strike_R","Strike_R","Defend_R+1","Defend_R+1","Defend_R","Bash","Heavy Blade","Disarm","Battle Trance","Shrug It Off","Shrug It Off","Barricade+1","Demon Form","Uppercut+1","Pommel Strike","Armaments","Inflame","Madness"],"relics":["Burning Blood","NeowsBlessing","Golden Idol","Prayer Wheel","War Paint","Champion Belt","DollysMirror","Empty Cage"],"acts_visited":["Exordium","TheCity"],"potions_floor_usage":[8,16],"damage_taken":[{"damage":0,"enemies":"2 Louse","floor":1,"turns":1},{"damage":0,"enemies":"Gremlin Nob","floor":6,"turns":1},{"damage":0,"enemies":"Jaw Worm","floor":7,"turns":1},{"damage":54,"enemies":"Lagavulin","floor":8,"turns":6},{"damage":0,"enemies":"Cultist","floor":12,"turns":3},{"damage":4,"enemies":"Red Slaver","floor":14,"turns":4},{"damage":40,"enemies":"Slime Boss","floor":16,"turns":13},{"damage":37,"enemies":"Spheric Guardian","floor":18,"turns":7},{"damage":38,"enemies":"3 Byrds","floor":20,"turns":6}],"seed_played":"-6499552167213518818","potions_obtained":[{"floor":6,"key":"LiquidMemories"},{"floor":14,"key":"Fruit Juice"},{"floor":16,"key":"Ancient Potion"}],"is_trial":false,"path_per_floor":["M","?","$","?","?","E","M","E","T","R","$","M","$","M","R","B",null,"M","$","M"],"character_chosen":"IRONCLAD","items_purchased":["Perfected Strike","DollysMirror","Pommel Strike","Armaments","Inflame","Madness"],"campfire_rested":1,"item_purchase_floors":[3,11,19,19,19,19],"current_hp_per_floor":[78,78,78,67,47,53,59,11,11,35,35,41,41,43,43,14,67,36,36,0,0],"gold":24,"neow_bonus":"THREE_ENEMY_KILL","is_daily":false,"chose_seed":false,"campfire_upgraded":1,"win_rate":0.0,"timestamp":1610584184,"path_taken":["M","?","$","?","?","E","M","E","T","R","?","M","$","M","R","BOSS","M","$","?"],"items_purchased_type":["Card","Relic","Card","Card","Card","Card"],"build_version":"2020-12-22","purchased_purges":1,"victory":false,"max_hp_per_floor":[80,80,80,80,80,80,80,80,80,80,80,80,80,80,80,85,85,85,85,85,85],"relic_stats":{"counters":[9,42],"Golden Idol":54,"Prayer Wheel":4,"Champion Belt":[2],"War Paint":["Defend_R","Defend_R"],"obtain_stats":[{"NeowsBlessing":0,"Golden Idol":5,"DollysMirror":11,"Prayer Wheel":6,"Champion Belt":9,"War Paint":8,"Empty Cage":17,"Burning Blood":0},{"NeowsBlessing":0,"Golden Idol":1,"DollysMirror":4,"Prayer Wheel":2,"Champion Belt":4,"War Paint":4,"Empty Cage":7,"Burning Blood":0},{"NeowsBlessing":0,"Golden Idol":1,"DollysMirror":9,"Prayer Wheel":2,"Champion Belt":9,"War Paint":9,"Empty Cage":29,"Burning Blood":0}],"Burning Blood":48},"card_choices":[{"not_picked":["True Grit","Headbutt"],"picked":"Heavy Blade","floor":1},{"not_picked":["Anger","Flex"],"picked":"Disarm","floor":6},{"not_picked":["Metallicize","Cleave"],"picked":"Battle Trance","floor":7},{"not_picked":["Sword Boomerang","Second Wind","Wild Strike"],"picked":"SKIP","floor":7},{"not_picked":["Clothesline","Offering","Clash"],"picked":"SKIP","floor":8},{"not_picked":["Dropkick","Cleave"],"picked":"Shrug It Off","floor":12},{"not_picked":["Havoc","Cleave"],"picked":"Shrug It Off","floor":12},{"not_picked":["Combust","Battle Trance"],"picked":"Barricade","floor":14},{"not_picked":["Perfected Strike","Clash","Heavy Blade"],"picked":"SKIP","floor":14},{"not_picked":["Corruption","Reaper"],"picked":"Demon Form","floor":16},{"not_picked":["Pummel","Pommel Strike"],"picked":"Uppercut+1","floor":18},{"not_picked":["Heavy Blade","Perfected Strike","Warcry"],"picked":"SKIP","floor":18}],"player_experience":642453,"relics_obtained":[{"floor":6,"key":"Prayer Wheel"},{"floor":8,"key":"War Paint"},{"floor":9,"key":"Champion Belt"}],"event_choices":[{"damage_healed":0,"gold_gain":72,"player_choice":"Gained Gold","damage_taken":0,"max_hp_gain":0,"max_hp_loss":0,"event_name":"Golden Wing","floor":2,"gold_loss":0},{"damage_healed":0,"gold_gain":75,"player_choice":"Gather Gold","damage_taken":11,"max_hp_gain":0,"max_hp_loss":0,"event_name":"World of Goop","floor":4,"gold_loss":0},{"damage_healed":0,"gold_gain":0,"player_choice":"Take Damage","damage_taken":20,"relics_obtained":["Golden Idol"],"max_hp_gain":0,"max_hp_loss":0,"event_name":"Golden Idol","floor":5,"gold_loss":0}],"is_beta":false,"boss_relics":[{"not_picked":["Black Star","Coffee Dripper"],"picked":"Empty Cage"}],"items_purged_floors":[3],"is_endless":false,"potions_floor_spawned":[6,14,16],"killed_by":"3 Byrds","ascension_level":8}}