{"host":"vrsxkkch9ccrec7k","time":1610593933,"event":{"mods":["Act Like it!","BaseMod","Bestiary","Better Sensory Stone","Better Third Choice","Better Vampires","Downfall","Minty Spire (QoL Compilation)","Permanent Neow","Relic Stats","Spicy Shops","StSLib"],"gold_per_floor":[99,115,130,142,142,67,67,67,67,80,94,105,15,32,48,147,147,147,162,162,262,22,52,52,52,83,83,98,125,125,151,165,263,263,263,280,300,316,9,27,27,27,27,27,27,52,52,52,69,69],"floor_reached":51,"language":"ENG","playtime":4270,"items_purged":["Regret","Guardian:Strike_Guardian","Guardian:Strike_Guardian","Guardian:TwinSlam"],"score":1122,"play_id":"c8f39d25-5b25-4788-80b2-5ce75d3fffb5","local_time":"20210113221213","is_ascension_mode":true,"campfire_choices":[{"floor":1,"key":"RECALL"},{"data":"Guardian:DonusPower","floor":6,"key":"SMITH"},{"data":"Guardian:BronzeArmor","floor":18,"key":"SMITH"},{"data":"Guardian:Suspension","floor":25,"key":"SMITH"},{"data":"Guardian:SphericShield","floor":35,"key":"SMITH"},{"data":"Guardian:SphericShield","floor":44,"key":"SMITH"},{"floor":47,"key":"REST"}],"circlet_count":0,"master_deck":["Guardian:CurlUp","Guardian:PiercingHide","Guardian:DonusPower+1","Guardian:ChargeCore+1","Guardian:RollAttack","Guardian:BronzeArmor+1","Guardian:DonusPower","Guardian:StasisEngine","Guardian:DecasProtection","Guardian:Suspension+1","Guardian:SphericShield+1","Guardian:MultiBeam+1","Guardian:TimeCapacitor","Guardian:SphericShield+1","Guardian:Suspension","Guardian:PrismaticBarrier","Guardian:Orbwalk","Guardian:ConstructionForm","Guardian:DonusPower","Guardian:TemporalStrike","Guardian:SpikerProtocol","Guardian:ShieldCharger+1","Guardian:ArmoredProtocol+1"],"relics":["Guardian:ModeShifter","downfall:HeartBlessingRed","FossilizedHelix","downfall:ShatteredFragment","Cursed Key","downfall:RedIOU","Mango","champ:DeflectingBracers","Tiny Chest","Juzu Bracelet","Pandora\u0027s Box","Membership Card","Bag of Preparation","Thread and Needle","Toolbox","MealTicket"],"acts_visited":["Exordium","TheCity","TheBeyond"],"potions_floor_usage":[8,13,22,23,31,38,40,50,50],"damage_taken":[{"damage":0,"enemies":"Cultist","floor":2,"turns":3},{"damage":0,"enemies":"2 Louse","floor":3,"turns":3},{"damage":0,"enemies":"Small Slimes","floor":4,"turns":4},{"damage":0,"enemies":"Gremlin Nob","floor":8,"turns":2},{"damage":0,"enemies":"Exordium Wildlife","floor":10,"turns":2},{"damage":0,"enemies":"3 Louse","floor":11,"turns":1},{"damage":0,"enemies":"2 Fungi Beasts","floor":12,"turns":2},{"damage":0,"enemies":"downfall:FleeingMerchant","floor":13,"turns":4},{"damage":0,"enemies":"Large Slime","floor":14,"turns":2},{"damage":0,"enemies":"Red Slaver","floor":15,"turns":2},{"damage":0,"enemies":"downfall:Watcher","floor":16,"turns":6},{"damage":0,"enemies":"Chosen","floor":19,"turns":3},{"damage":0,"enemies":"downfall:FleeingMerchant","floor":22,"turns":4},{"damage":10,"enemies":"Gremlin Leader","floor":23,"turns":4},{"damage":3,"enemies":"Slavers","floor":26,"turns":4},{"damage":0,"enemies":"Shell Parasite","floor":28,"turns":3},{"damage":12,"enemies":"Gremlin Leader","floor":29,"turns":4},{"damage":0,"enemies":"Book of Stabbing","floor":31,"turns":4},{"damage":0,"enemies":"Snake Plant","floor":32,"turns":4},{"damage":0,"enemies":"downfall:Silent","floor":33,"turns":6},{"damage":0,"enemies":"3 Shapes","floor":36,"turns":5},{"damage":0,"enemies":"Orb Walker","floor":37,"turns":3},{"damage":0,"enemies":"Transient","floor":38,"turns":5},{"damage":0,"enemies":"downfall:FleeingMerchant","floor":39,"turns":3},{"damage":10,"enemies":"Writhing Mass","floor":40,"turns":8},{"damage":16,"enemies":"Reptomancer","floor":46,"turns":8},{"damage":0,"enemies":"3 Darklings","floor":49,"turns":4},{"damage":0,"enemies":"downfall:Defect","floor":50,"turns":8}],"seed_played":"3442747973850866622","potions_obtained":[{"floor":4,"key":"SmokeBomb"},{"floor":10,"key":"AttackPotion"},{"floor":11,"key":"Fire Potion"},{"floor":15,"key":"ColorlessPotion"},{"floor":16,"key":"FearPotion"},{"floor":23,"key":"LiquidBronze"},{"floor":28,"key":"SmokeBomb"},{"floor":29,"key":"DuplicationPotion"},{"floor":36,"key":"SkillPotion"},{"floor":37,"key":"Swift Potion"},{"floor":40,"key":"Guardian:AcceleratePotion"}],"is_trial":false,"path_per_floor":["R","M","M","M","?","R","T","E","?","M","M","M","$","M","M","B",null,"R","M","?","?","$","E","T","R","E","?","M","E","?","E","M","B",null,"R","M","M","M","$","M","T","T","?","R","T","E","R","?","M","B",null],"character_chosen":"GUARDIAN","items_purchased":["Membership Card","Bag of Preparation","Thread and Needle","Toolbox","Fruit Juice","Guardian:SpikerProtocol"],"campfire_rested":1,"item_purchase_floors":[39,39,39,39,39,39],"current_hp_per_floor":[80,80,80,80,80,80,80,80,56,56,56,56,61,61,61,61,80,80,80,80,80,80,84,84,84,81,81,81,69,69,69,69,69,94,94,94,94,94,94,84,84,84,84,84,84,68,94,94,94,104],"gold":69,"neow_bonus":"RANDOM_COMMON_RELIC","is_daily":false,"chose_seed":false,"campfire_upgraded":5,"win_rate":0.0,"timestamp":1610593933,"path_taken":["R","M","?","M","?","R","T","E","?","M","M","M","?","M","M","BOSS","R","M","?","?","$","E","T","R","E","?","M","E","?","E","M","BOSS","R","M","M","M","$","M","T","?","?","R","?","E","R","?","M","BOSS"],"items_purchased_type":["Relic","Relic","Relic","Relic","Potion","Card"],"build_version":"2020-12-22","purchased_purges":4,"victory":true,"max_hp_per_floor":[80,80,80,80,80,80,80,80,80,80,80,80,80,80,80,80,80,80,80,80,80,80,94,94,94,94,94,94,94,94,94,94,94,94,94,94,94,94,94,94,94,94,94,94,94,94,94,94,94,104],"relic_stats":{"counters":[28,111],"Tiny Chest":1,"Pandora\u0027s Box":["Guardian:Suspension","Guardian:PrismaticBarrier","Guardian:Orbwalk","Guardian:ConstructionForm","Guardian:DonusPower","Guardian:TemporalStrike"],"MealTicket":0,"Juzu Bracelet":0,"Bag of Preparation":[8],"Cursed Key":0,"obtain_stats":[{"downfall:ShatteredFragment":9,"downfall:HeartBlessingRed":6,"Guardian:ModeShifter":0,"Mango":23,"Thread and Needle":39,"champ:DeflectingBracers":26,"Juzu Bracelet":31,"Bag of Preparation":39,"Cursed Key":17,"Toolbox":39,"Tiny Chest":29,"Pandora\u0027s Box":34,"MealTicket":46,"downfall:RedIOU":20,"Membership Card":39,"Toy Ornithopter":0,"FossilizedHelix":7},{"downfall:ShatteredFragment":4,"downfall:HeartBlessingRed":3,"Guardian:ModeShifter":0,"Mango":14,"Thread and Needle":24,"champ:DeflectingBracers":15,"Juzu Bracelet":18,"Bag of Preparation":24,"Cursed Key":11,"Toolbox":24,"Tiny Chest":17,"Pandora\u0027s Box":20,"MealTicket":26,"downfall:RedIOU":12,"Membership Card":24,"Toy Ornithopter":0,"FossilizedHelix":3},{"downfall:ShatteredFragment":12,"downfall:HeartBlessingRed":10,"Guardian:ModeShifter":0,"Mango":42,"Thread and Needle":83,"champ:DeflectingBracers":46,"Juzu Bracelet":57,"Bag of Preparation":83,"Cursed Key":31,"Toolbox":83,"Tiny Chest":53,"Pandora\u0027s Box":67,"MealTicket":99,"downfall:RedIOU":34,"Membership Card":83,"Toy Ornithopter":0,"FossilizedHelix":10}]},"card_choices":[{"not_picked":["Guardian:PrimingBeam","Guardian:TemporalStrike"],"picked":"Guardian:PiercingHide","floor":2},{"not_picked":["Guardian:Gem_Fragmented","Guardian:Planning"],"picked":"Guardian:DonusPower","floor":3},{"not_picked":["Guardian:BronzeOrb","Guardian:Planning"],"picked":"Guardian:ChargeCore","floor":4},{"not_picked":["Guardian:Planning","Guardian:PrimingBeam"],"picked":"Guardian:RollAttack","floor":10},{"not_picked":["Guardian:PrimingBeam","Guardian:Incinerate"],"picked":"Guardian:Gem_Crimson","floor":11},{"not_picked":["Guardian:StasisField","Guardian:TemporalShield"],"picked":"Guardian:BronzeArmor","floor":12},{"not_picked":["Guardian:PiercingHide","Guardian:Gem_Crimson"],"picked":"Guardian:Gem_Red","floor":13},{"not_picked":["Guardian:SpikerProtocol","Guardian:TemporalStrike"],"picked":"Guardian:DonusPower","floor":14},{"not_picked":["Guardian:MultiBeam","Guardian:Incinerate","Guardian:VentSteam"],"picked":"SKIP","floor":15},{"not_picked":["Guardian:FastForward","Guardian:FierceBash"],"picked":"Guardian:StasisEngine","floor":16},{"not_picked":["Guardian:Reroute+1","Guardian:Planning"],"picked":"Guardian:Gem_Green","floor":19},{"not_picked":["Guardian:Gem_Lightblue","Guardian:CrystalBeam"],"picked":"Guardian:DecasProtection","floor":22},{"not_picked":["Guardian:Recover+1","Guardian:ChargeCore"],"picked":"Guardian:Suspension","floor":23},{"not_picked":["Guardian:PolyBeam","Guardian:ChargeCore+1"],"picked":"Guardian:SphericShield","floor":26},{"not_picked":["Guardian:ShieldSpikes","Guardian:WalkerClaw","Guardian:PiercingHide"],"picked":"SKIP","floor":28},{"not_picked":["Guardian:Recover","Guardian:ShieldCharger+1","Guardian:StasisField"],"picked":"SKIP","floor":29},{"not_picked":["Guardian:Recover","Guardian:VentSteam"],"picked":"Guardian:MultiBeam+1","floor":31},{"not_picked":["Guardian:ShieldCharger","Guardian:Suspension"],"picked":"Guardian:TimeCapacitor","floor":32},{"not_picked":["Guardian:BaubleBeam","Guardian:Gem_Synthetic"],"picked":"Guardian:SphericShield","floor":33},{"not_picked":["Guardian:Recover+1","Guardian:CrystalBeam"],"picked":"Guardian:Gem_Blue","floor":36},{"not_picked":["Guardian:Clone","Guardian:VentSteam+1","Guardian:PrismaticBeam"],"picked":"SKIP","floor":37},{"not_picked":["Guardian:Orbwalk","Guardian:Reroute"],"picked":"Guardian:Gem_Green","floor":38},{"not_picked":["Guardian:RollAttack+1","Guardian:TemporalShield","Guardian:PiercingHide"],"picked":"SKIP","floor":39},{"not_picked":["Guardian:ChargeCore","Guardian:Recover","Guardian:Planning"],"picked":"SKIP","floor":40},{"not_picked":["Guardian:TemporalStrike+1","Guardian:ShieldSpikes"],"picked":"Guardian:ShieldCharger+1","floor":46},{"not_picked":["Guardian:CompilePackage","Guardian:BronzeOrb+1"],"picked":"Guardian:ArmoredProtocol+1","floor":49}],"player_experience":1518607,"relics_obtained":[{"floor":7,"key":"FossilizedHelix"},{"floor":23,"key":"Mango"},{"floor":26,"key":"champ:DeflectingBracers"},{"floor":29,"key":"Tiny Chest"},{"floor":31,"key":"Juzu Bracelet"},{"floor":46,"key":"MealTicket"}],"event_choices":[{"damage_healed":0,"gold_gain":0,"player_choice":"Ignored","damage_taken":0,"max_hp_gain":0,"max_hp_loss":0,"event_name":"Mysterious Sphere","floor":48,"gold_loss":0}],"is_beta":false,"boss_relics":[{"not_picked":["downfall:Hecktoplasm","Runic Pyramid"],"picked":"Cursed Key"},{"not_picked":["SacredBark","Calling Bell"],"picked":"Pandora\u0027s Box"}],"items_purged_floors":[13,22,22,39],"is_endless":false,"potions_floor_spawned":[4,10,11,15,16,23,28,29,36,37,40],"ascension_level":3}}