{"host":"y193d0agu1dp5x1y","time":1610650522,"event":{"mods":["AchievementEnabler","BaseMod","Googly Eyes","Minty Spire (QoL Compilation)"],"gold_per_floor":[111,126,201,376,393,407,407,258,285,299,299,299,315,81,81,182,182,196,211,211,211,231,247,247,264,310,329,329,349,359,375,375,375,375],"floor_reached":33,"language":"ENG","playtime":1342,"items_purged":["Doubt"],"score":245,"play_id":"ab19def6-369a-4673-8abc-a096e071e703","local_time":"20210114125522","is_ascension_mode":false,"campfire_choices":[{"data":"Zap","floor":7.0,"key":"SMITH"},{"data":"Loop","floor":11.0,"key":"SMITH"},{"data":"Storm","floor":15.0,"key":"SMITH"},{"data":"Storm","floor":24,"key":"SMITH"},{"floor":28,"key":"REST"},{"data":"Auto Shields","floor":32,"key":"SMITH"}],"circlet_count":0,"master_deck":["Strike_B","Defend_B","Defend_B","Defend_B","Defend_B","Zap+1","Steam+1","Defragment+1","Defragment+1","Beam Cell","Go for the Eyes","Gash","Conserve Battery","Defragment","Loop+1","Redo","Storm+1","Steam","Storm+1","Conserve Battery","Hologram","Amplify","Pain","Gash","Auto Shields+1","Beam Cell+1","Go for the Eyes+1"],"relics":["Astrolabe","Anchor","Orrery","Black Star","WarpedTongs","MealTicket"],"acts_visited":["Exordium","TheCity"],"potions_floor_usage":[25,31],"damage_taken":[{"damage":0.0,"enemies":"2 Louse","floor":1.0,"turns":4.0},{"damage":5.0,"enemies":"Small Slimes","floor":2.0,"turns":4.0},{"damage":7.0,"enemies":"Jaw Worm","floor":5.0,"turns":5.0},{"damage":11.0,"enemies":"Lots of Slimes","floor":6.0,"turns":6.0},{"damage":5.0,"enemies":"3 Louse","floor":10.0,"turns":5.0},{"damage":0.0,"enemies":"Red Slaver","floor":13.0,"turns":4.0},{"damage":9.0,"enemies":"Hexaghost","floor":16.0,"turns":6.0},{"damage":5.0,"enemies":"2 Thieves","floor":18.0,"turns":3.0},{"damage":0,"enemies":"Shell Parasite","floor":19,"turns":4},{"damage":5,"enemies":"Shelled Parasite and Fungi","floor":22,"turns":4},{"damage":32,"enemies":"3 Cultists","floor":23,"turns":4},{"damage":6,"enemies":"Centurion and Healer","floor":25,"turns":4},{"damage":17,"enemies":"Sentry and Sphere","floor":27,"turns":4},{"damage":0,"enemies":"Cultist and Chosen","floor":29,"turns":4},{"damage":12,"enemies":"Centurion and Healer","floor":30,"turns":4},{"damage":0,"enemies":"Chosen and Byrds","floor":31,"turns":4},{"damage":44,"enemies":"Champ","floor":33,"turns":8}],"seed_played":"-2483464472413100721","potions_obtained":[{"floor":1.0,"key":"Fire Potion"},{"floor":5.0,"key":"Dexterity Potion"},{"floor":10.0,"key":"Ancient Potion"},{"floor":18.0,"key":"Strength Potion"},{"floor":23,"key":"AttackPotion"},{"floor":29,"key":"GamblersBrew"},{"floor":30,"key":"Regen Potion"}],"is_trial":false,"path_per_floor":["M","M","?","?","M","M","R","$","T","M","R","?","M","$","R","B",null,"M","M","?","?","M","M","R","M","T","M","R","M","M","M","R","B"],"character_chosen":"DEFECT","items_purchased":["Defragment","Storm","Orrery"],"campfire_rested":1,"item_purchase_floors":[8,14,14],"current_hp_per_floor":[75,70,59,59,52,41,41,41,41,36,36,29,29,29,29,20,75,70,70,70,70,65,33,33,27,27,10,32,32,20,32,32,0,0],"gold":375,"neow_bonus":"BOSS_RELIC","is_daily":false,"chose_seed":false,"campfire_upgraded":5,"win_rate":0.0,"timestamp":1610650522,"path_taken":["M","M","?","?","M","M","R","$","T","M","R","?","M","$","R","BOSS","M","M","?","?","?","M","R","M","T","M","R","M","M","M","R","BOSS"],"items_purchased_type":["Card","Card","Relic"],"build_version":"2020-12-22","purchased_purges":1,"victory":false,"max_hp_per_floor":[75,75,75,75,75,75,75,75,75,75,75,75,75,75,75,75,75,75,75,75,75,75,75,75,75,75,75,75,75,75,75,75,75,75],"card_choices":[{"not_picked":["Rip and Tear","Consume"],"picked":"Beam Cell","floor":1.0},{"not_picked":["Ball Lightning","White Noise"],"picked":"Go for the Eyes","floor":2.0},{"not_picked":["Stack","Auto Shields"],"picked":"Gash","floor":5.0},{"not_picked":["Ball Lightning","Capacitor"],"picked":"Conserve Battery","floor":6.0},{"not_picked":["Cold Snap","Reprogram"],"picked":"Loop","floor":10.0},{"not_picked":["Capacitor","Sweeping Beam"],"picked":"Redo","floor":13.0},{"not_picked":["Barrage","Double Energy"],"picked":"Steam","floor":14.0},{"not_picked":["Turbo","Steam Power"],"picked":"Storm","floor":14.0},{"not_picked":["Leap","Consume"],"picked":"Conserve Battery","floor":14.0},{"not_picked":["Rebound","Genetic Algorithm"],"picked":"Hologram","floor":14.0},{"not_picked":["Meteor Strike","Thunder Strike"],"picked":"Amplify","floor":16.0},{"not_picked":["Barrage+1","Streamline","Defragment"],"picked":"SKIP","floor":18.0},{"not_picked":["Undo","Ball Lightning","Redo"],"picked":"SKIP","floor":19},{"not_picked":["Recycle","Go for the Eyes","Cold Snap"],"picked":"SKIP","floor":22},{"not_picked":["Steam","Lockon"],"picked":"Gash","floor":23},{"not_picked":["Sweeping Beam","Steam"],"picked":"Auto Shields","floor":25},{"not_picked":["Scrape","Redo"],"picked":"Beam Cell+1","floor":27},{"not_picked":["Stack","Coolheaded","Hologram+1"],"picked":"SKIP","floor":29},{"not_picked":["Compile Driver","Hologram","Consume"],"picked":"SKIP","floor":30},{"not_picked":["Coolheaded","Sweeping Beam+1"],"picked":"Go for the Eyes+1","floor":31}],"player_experience":84325,"relics_obtained":[{"floor":9.0,"key":"Anchor"},{"floor":26,"key":"MealTicket"}],"event_choices":[{"damage_healed":0.0,"max_hp_gain":0.0,"max_hp_loss":0.0,"gold_gain":75.0,"event_name":"World of Goop","player_choice":"Gather Gold","floor":3.0,"gold_loss":0.0,"damage_taken":11.0},{"damage_healed":0.0,"max_hp_gain":0.0,"max_hp_loss":0.0,"gold_gain":175.0,"event_name":"Liars Game","player_choice":"AGREE","floor":4.0,"gold_loss":0.0,"damage_taken":0.0,"cards_obtained":["Doubt"]},{"cards_removed":["Strike_B"],"damage_healed":0.0,"max_hp_gain":0.0,"max_hp_loss":0.0,"gold_gain":0.0,"event_name":"Golden Wing","player_choice":"Card Removal","floor":12.0,"gold_loss":0.0,"damage_taken":7.0},{"damage_healed":0,"gold_gain":0,"player_choice":"Ignored","damage_taken":0,"max_hp_gain":0,"max_hp_loss":0,"event_name":"Ghosts","floor":20,"gold_loss":0},{"damage_healed":0,"gold_gain":0,"player_choice":"Rummage","damage_taken":0,"relics_obtained":["WarpedTongs"],"max_hp_gain":0,"max_hp_loss":0,"event_name":"Accursed Blacksmith","floor":21,"gold_loss":0,"cards_obtained":["Pain"]}],"is_beta":false,"boss_relics":[{"not_picked":["Empty Cage","Busted Crown"],"picked":"Black Star"}],"items_purged_floors":[8],"is_endless":false,"potions_floor_spawned":[1,5,10,18,23,29,30],"killed_by":"Champ","ascension_level":0}}