{"host":"i2ir6b55gxkcwpt4","time":1610651142,"event":{"mods":["Arknights The Spire","BaseMod","Colored Map","Colored Powertips","Minty Spire (QoL Compilation)","StSLib"],"gold_per_floor":[115,128,146,146,32,32,46,46,123,142,173,123,151,151,151,250,300,311,298,308,308,326,326,340,340,340],"floor_reached":25,"language":"ZHS","playtime":3074,"items_purged":[],"score":215,"play_id":"41ef2076-9fca-474e-885a-d74ec583b4c0","local_time":"20210115030542","is_ascension_mode":false,"campfire_choices":[{"data":"ats:Automatic Cover","floor":6,"key":"SMITH"},{"data":"ats:Emotion Absorption","floor":8,"key":"SMITH"},{"floor":15,"key":"REST"},{"floor":23,"key":"REST"}],"circlet_count":0,"master_deck":["ats:Strike C","ats:Strike G","ats:Strike S","ats:Armor Crushing Shot","ats:Defend","ats:Defend","ats:Defend","ats:Defend","ats:Emotion Absorption+1","ats:Closed Bolt Burst Fire+1","ats:Shell Defense","ats:Apocalypse","ats:Automatic Cover+1","ats:Sword Rain","ats:Cat Scratch","ats:Rapid Magazine","ats:Calcification","ats:Encircling Forest+1","ats:Ambush","ats:Soul Absorption","ats:Assault Order+1","ats:Red Shift","ats:Demon Strength","ats:Poison Spread","ats:Consecutive Shot Auto","ats:Ignite"],"relics":["ats:Sanity","NeowsBlessing","ats:Industrial Water Cannon","ats:Originium","PreservedInsect","FossilizedHelix","Tiny House"],"acts_visited":["Exordium","TheCity"],"potions_floor_usage":[11,11,18,19,20,25,25],"damage_taken":[{"damage":0,"enemies":"Cultist","floor":1,"turns":1},{"damage":0,"enemies":"Small Slimes","floor":2,"turns":1},{"damage":0,"enemies":"Jaw Worm","floor":3,"turns":1},{"damage":9,"enemies":"Blue Slaver","floor":7,"turns":4},{"damage":10,"enemies":"Gremlin Gang","floor":10,"turns":4},{"damage":17,"enemies":"Gremlin Nob","floor":11,"turns":5},{"damage":18,"enemies":"Lagavulin","floor":13,"turns":4},{"damage":41,"enemies":"The Guardian","floor":16,"turns":19},{"damage":29,"enemies":"Spheric Guardian","floor":18,"turns":10},{"damage":8,"enemies":"2 Thieves","floor":19,"turns":4},{"damage":26,"enemies":"3 Cultists","floor":20,"turns":8},{"damage":22,"enemies":"Centurion and Healer","floor":22,"turns":6},{"damage":39,"enemies":"Sentry and Sphere","floor":24,"turns":8},{"damage":19,"enemies":"Slavers","floor":25,"turns":3}],"seed_played":"8914647139234057554","potions_obtained":[{"floor":3,"key":"SpeedPotion"},{"floor":7,"key":"Fire Potion"},{"floor":16,"key":"BlessingOfTheForge"},{"floor":17,"key":"EssenceOfSteel"},{"floor":19,"key":"SkillPotion"},{"floor":20,"key":"Fruit Juice"},{"floor":24,"key":"ats:Emergency Sanity Potion"}],"is_trial":false,"path_per_floor":["M","M","M","?","$","R","M","R","T","M","E","?","E","?","R","B",null,"M","M","M","?","M","R","M","E"],"character_chosen":"DOCTOR_CLASS","items_purchased":["ats:Automatic Cover","ats:Sword Rain"],"campfire_rested":2,"item_purchase_floors":[5,5],"current_hp_per_floor":[72,72,72,72,72,72,67,67,67,66,53,53,42,42,63,54,77,59,58,38,38,21,44,13,0,0],"gold":340,"neow_bonus":"THREE_ENEMY_KILL","is_daily":false,"chose_seed":false,"campfire_upgraded":2,"win_rate":0.0,"timestamp":1610651142,"path_taken":["M","?","M","?","$","R","?","R","T","M","E","?","E","?","R","BOSS","M","M","?","?","M","R","M","E"],"items_purchased_type":["Card","Card"],"build_version":"2020-12-22","purchased_purges":0,"victory":false,"max_hp_per_floor":[72,72,72,72,72,72,72,72,72,72,72,72,72,72,72,72,77,77,77,77,77,77,77,77,82,82],"card_choices":[{"not_picked":["ats:Flexible Camouflage","ats:Ignite"],"picked":"ats:Closed Bolt Burst Fire","floor":1},{"not_picked":["ats:Chain Hook","ats:Cat Scratch"],"picked":"ats:Shell Defense","floor":2},{"not_picked":["ats:Blood Oath","ats:Overload"],"picked":"ats:Apocalypse","floor":3},{"not_picked":["ats:Shell Defense","ats:Healing Strengthening"],"picked":"ats:Cat Scratch","floor":7},{"not_picked":["ats:Consecutive Shot Auto","ats:Assault Order"],"picked":"ats:Rapid Magazine","floor":10},{"not_picked":["ats:Defend Order","ats:Childhood Dance"],"picked":"ats:Calcification","floor":11},{"not_picked":["ats:Consecutive Shot Auto","ats:Cat Scratch"],"picked":"ats:Encircling Forest","floor":13},{"not_picked":["ats:Dogmatic Field","ats:Durian"],"picked":"ats:Ambush","floor":16},{"not_picked":["ats:Explosion Area Strengthen","ats:Blood Oath"],"picked":"ats:Soul Absorption","floor":17},{"not_picked":["ats:Consecutive Shot Auto","ats:Apocalypse"],"picked":"ats:Assault Order+1","floor":18},{"not_picked":["ats:Shell Defense","ats:Revitalization"],"picked":"ats:Red Shift","floor":19},{"not_picked":["ats:Counter Healing Mode+1","ats:Powerful Strike"],"picked":"ats:Demon Strength","floor":20},{"not_picked":["ats:Ambush","ats:Hammer On+1"],"picked":"ats:Consecutive Shot Auto","floor":22},{"not_picked":["ats:Apocalypse","ats:Cat Scratch+1"],"picked":"ats:Ignite","floor":24}],"player_experience":62052,"relics_obtained":[{"floor":9,"key":"ats:Industrial Water Cannon"},{"floor":11,"key":"ats:Originium"},{"floor":11,"key":"PreservedInsect"},{"floor":13,"key":"ats:Originium"},{"floor":13,"key":"FossilizedHelix"}],"event_choices":[{"damage_healed":0,"gold_gain":0,"player_choice":"Upgraded","damage_taken":0,"max_hp_gain":0,"max_hp_loss":0,"event_name":"Upgrade Shrine","floor":4,"gold_loss":0,"cards_upgraded":["ats:Closed Bolt Burst Fire"]},{"cards_removed":["ats:Strike V"],"damage_healed":0,"gold_gain":0,"player_choice":"Card Removal","damage_taken":0,"max_hp_gain":0,"max_hp_loss":0,"event_name":"The Cleric","floor":12,"gold_loss":50},{"damage_healed":0,"gold_gain":0,"player_choice":"Ignored","damage_taken":0,"max_hp_gain":0,"max_hp_loss":0,"event_name":"NoteForYourself","floor":14,"gold_loss":0},{"damage_healed":0,"gold_gain":0,"player_choice":"Read","damage_taken":0,"max_hp_gain":0,"max_hp_loss":0,"event_name":"The Library","floor":21,"gold_loss":0,"cards_obtained":["ats:Poison Spread"]}],"is_beta":false,"boss_relics":[{"not_picked":["Busted Crown","Sozu"],"picked":"Tiny House"}],"items_purged_floors":[],"is_endless":false,"potions_floor_spawned":[3,7,16,19,20,24],"killed_by":"Slavers","ascension_level":0}}