{"host":"leop","time":1610620763,"event":{"mods":["ATMod(°¢èªMod)","Act Like it!","BaseMod","GifTheSpireLib","Minty Spire (QoL Compilation)","MostiFishMod","Shop Mod","Spicy Shops","StSLib","TestMod","Yakumo Yukari mod","[IsaacMod]ÒÔÈö¼âËþ","noobMod","¡¾¹¦ÄÜMod¡¿»ìãçÖ®»·ÐÞ¸´²¹¶¡","¡¾ÒÅÎï¿¨ÅÆ¡¿REMEMod"],"gold_per_floor":[117,42,42,57,68,93,109,109,109],"floor_reached":8,"language":"ZHS","playtime":335,"items_purged":[],"score":116,"play_id":"40d88a11-18f0-4d4d-8182-8c85071c8732","local_time":"20210114183923","is_ascension_mode":true,"campfire_choices":[],"circlet_count":0,"master_deck":["AscendersBane","Strike_R","Strike_R","Defend_R","Defend_R","Defend_R","Defend_R","Bash","Eruption","AT_TearsDenial","MostiFishMod:Minus","Rampage","MostiFishMod:HellRitual","Inflame","Bloodletting","Dark Embrace","Battle Trance"],"relics":["Burning Blood","ice","testmod-TestBox","DaveBox","REME_ComplimentaryCards","AT_ATBox","HushsDoor","testmod-Motorcycle","Jackal-EndForJourney","Chaos","SynthV:TestCard"],"acts_visited":["Exordium"],"potions_floor_usage":[],"damage_taken":[{"damage":7.0,"enemies":"Jaw Worm","floor":1.0,"turns":3.0},{"damage":0.0,"enemies":"2 Louse","floor":4.0,"turns":2.0},{"damage":0.0,"enemies":"Small Slimes","floor":5.0,"turns":2.0},{"damage":53.0,"enemies":"3 Sentries","floor":6.0,"turns":10.0},{"damage":37.0,"enemies":"Gremlin Gang","floor":7.0,"turns":5.0},{"damage":11,"enemies":"Gremlin Nob","floor":8,"turns":4}],"seed_played":"2948351233106683315","potions_obtained":[{"floor":4.0,"key":"REME_GoldPotion"},{"floor":6.0,"key":"SkillPotion"}],"is_trial":false,"path_per_floor":["M","?","?","M","M","E","M","E"],"character_chosen":"IRONCLAD","items_purchased":[],"campfire_rested":0,"item_purchase_floors":[],"current_hp_per_floor":[49,49,34,40,46,68,37,-999918,-999918],"gold":109,"neow_bonus":"TRANSFORM_TWO_CARDS","is_daily":false,"chose_seed":false,"campfire_upgraded":0,"win_rate":0.0,"timestamp":1610620763,"path_taken":["M","?","?","M","M","E","?","E"],"items_purchased_type":[],"build_version":"2020-12-18","purchased_purges":0,"victory":false,"max_hp_per_floor":[75,75,75,75,75,76,81,81,81],"card_choices":[{"not_picked":[],"picked":"SuicideKing","floor":0.0},{"not_picked":["Twin Strike","Dual Wield","Infernal Blade"],"picked":"SKIP","floor":1.0},{"not_picked":["MostiFishMod:BrandingRite","Havoc","Iron Wave","Battle Trance"],"picked":"Inflame","floor":4.0},{"not_picked":["Shrug It Off","AT_IchimonjiDouble","Infernal Blade","Bomb"],"picked":"Bloodletting","floor":5.0},{"not_picked":["Perfected Strike","Shrug It Off","Anger","Pummel"],"picked":"Dark Embrace","floor":6.0},{"not_picked":["REME_SingleHolding","Headbutt","Flex","Warcry"],"picked":"Battle Trance","floor":7.0}],"player_experience":1061775,"relics_obtained":[{"floor":1.0,"key":"SynthV:TestCard"}],"event_choices":[{"cards_removed":["Strike_R"],"damage_healed":0.0,"max_hp_gain":0.0,"max_hp_loss":0.0,"gold_gain":0.0,"event_name":"The Cleric","player_choice":"Card Removal","floor":2.0,"gold_loss":75.0,"damage_taken":0.0}],"is_beta":true,"boss_relics":[],"items_purged_floors":[],"is_endless":false,"potions_floor_spawned":[4,6],"killed_by":"Gremlin Nob","ascension_level":20}}