{"host":"pq8o62wp0h1hflf3","time":1610652109,"event":{"mods":["BaseMod","Minty Spire (QoL Compilation)","Relic Stats","ojb\u0027s Info Mod"],"gold_per_floor":[109,109,126,126,69,110,110,110,110,135,168,191,191,214,214,303,303,317,317,317],"floor_reached":19,"language":"ENG","playtime":1302,"items_purged":[],"score":354,"play_id":"dbe25788-cfdc-474c-b4e8-417982c82c71","local_time":"20210114142149","is_ascension_mode":true,"campfire_choices":[{"floor":7,"key":"REST"},{"data":"Quick Slash","floor":13,"key":"SMITH"},{"floor":15,"key":"REST"}],"circlet_count":0,"master_deck":["AscendersBane","Strike_G","Strike_G","Strike_G","Defend_G","Defend_G","Defend_G","Defend_G","Survivor","Neutralize","Dagger Throw+1","Tactician+1","Unload+1","Quick Slash+1","PiercingWail","Prepared","Deflect","PiercingWail","Wraith Form v2","Underhanded Strike"],"relics":["Astrolabe","Golden Idol","White Beast Statue","The Courier","StrikeDummy","SacredBark"],"acts_visited":["Exordium","TheCity"],"potions_floor_usage":[10,11,12,16,16,19],"damage_taken":[{"damage":0,"enemies":"2 Louse","floor":1,"turns":2},{"damage":0,"enemies":"Jaw Worm","floor":3,"turns":4},{"damage":45,"enemies":"Gremlin Nob","floor":6,"turns":6},{"damage":1,"enemies":"Small Slimes","floor":10,"turns":3},{"damage":20,"enemies":"Lagavulin","floor":11,"turns":5},{"damage":10,"enemies":"Exordium Thugs","floor":12,"turns":4},{"damage":9,"enemies":"Lots of Slimes","floor":14,"turns":5},{"damage":24,"enemies":"Slime Boss","floor":16,"turns":11},{"damage":6,"enemies":"Chosen","floor":18,"turns":6},{"damage":33,"enemies":"3 Byrds","floor":19,"turns":6}],"seed_played":"1867724419813965872","potions_obtained":[{"floor":6,"key":"GhostInAJar"},{"floor":10,"key":"SteroidPotion"},{"floor":11,"key":"Poison Potion"},{"floor":12,"key":"CultistPotion"},{"floor":16,"key":"BlessingOfTheForge"},{"floor":18,"key":"Weak Potion"}],"is_trial":false,"path_per_floor":["M","?","M","?","$","E","R","?","T","M","E","M","R","M","R","B",null,"M","M"],"character_chosen":"THE_SILENT","items_purchased":["AttackPotion"],"campfire_rested":2,"item_purchase_floors":[5],"current_hp_per_floor":[59,59,59,59,59,14,32,60,60,59,39,29,29,20,38,14,49,43,10,10],"gold":317,"neow_bonus":"BOSS_RELIC","is_daily":false,"chose_seed":false,"campfire_upgraded":1,"win_rate":0.0,"timestamp":1610652109,"path_taken":["M","?","M","?","$","E","R","?","T","?","E","M","R","M","R","BOSS","M","?"],"items_purchased_type":["Potion"],"build_version":"2020-12-22","purchased_purges":0,"victory":false,"max_hp_per_floor":[66,66,66,60,60,60,60,60,60,60,60,60,60,60,60,60,60,60,60,60],"relic_stats":{"counters":[10,52],"Golden Idol":51,"Astrolabe":["Dagger Throw","Tactician","Unload"],"obtain_stats":[{"Golden Idol":4,"Astrolabe":0,"SacredBark":17,"The Courier":9,"StrikeDummy":11,"White Beast Statue":6,"Ring of the Snake":0},{"Golden Idol":2,"Astrolabe":0,"SacredBark":8,"The Courier":3,"StrikeDummy":5,"White Beast Statue":3,"Ring of the Snake":0},{"Golden Idol":6,"Astrolabe":0,"SacredBark":40,"The Courier":12,"StrikeDummy":20,"White Beast Statue":12,"Ring of the Snake":0}]},"card_choices":[{"not_picked":["Blade Dance","Deadly Poison"],"picked":"Quick Slash","floor":1},{"not_picked":["Slice","Bane"],"picked":"PiercingWail","floor":3},{"not_picked":["Bane","Sucker Punch"],"picked":"Eviscerate","floor":6},{"not_picked":["Riddle With Holes","Flying Knee"],"picked":"Prepared","floor":10},{"not_picked":["Bane","Outmaneuver"],"picked":"Deflect","floor":11},{"not_picked":["Dagger Spray","Storm of Steel","Quick Slash"],"picked":"SKIP","floor":12},{"not_picked":["Setup","Quick Slash"],"picked":"PiercingWail","floor":14},{"not_picked":["After Image","Storm of Steel"],"picked":"Wraith Form v2","floor":16},{"not_picked":["Outmaneuver","Slice"],"picked":"Underhanded Strike","floor":18}],"player_experience":1143219,"relics_obtained":[{"floor":6,"key":"White Beast Statue"},{"floor":9,"key":"The Courier"},{"floor":11,"key":"StrikeDummy"}],"event_choices":[{"damage_healed":0,"gold_gain":0,"player_choice":"Ignored","damage_taken":0,"max_hp_gain":0,"max_hp_loss":0,"event_name":"Liars Game","floor":2,"gold_loss":0},{"damage_healed":0,"gold_gain":0,"player_choice":"Lose Max HP","damage_taken":0,"relics_obtained":["Golden Idol"],"max_hp_gain":0,"max_hp_loss":6,"event_name":"Golden Idol","floor":4,"gold_loss":0},{"cards_removed":["Eviscerate"],"damage_healed":28,"gold_gain":0,"player_choice":"Offered Uncommon","damage_taken":0,"max_hp_gain":0,"max_hp_loss":0,"event_name":"Bonfire Elementals","floor":8,"gold_loss":0}],"is_beta":false,"boss_relics":[{"not_picked":["Coffee Dripper","Sozu"],"picked":"SacredBark"}],"items_purged_floors":[],"is_endless":false,"potions_floor_spawned":[6,10,11,12,14,16,18],"killed_by":"3 Byrds","ascension_level":20}}