{"host":"ekyl8r8j8fco3zlk","time":1610630967,"event":{"mods":["ATMod(∞¢Ë™Mod)","Act Like it!","Arknights The Spire","BaseMod","CapriCore","Decade(Õı–°√˜)","Friendly Minions","Gensokyo","Lobotomy","LobotomyExtend","Marisa£®ÏF”Í°°ƒß¿Ì…≥£©","Minty Spire (QoL Compilation)","READ ME - Guardian Mod","Rare Cards Sparkle","Reimu£®≤©¿ˆ¡È√Œ£©","StSLib","The Alterego","The Immortal","The Jungle","Waifu the Spire","WarShipGirlsR/’ΩΩ¢…Ÿ≈ÆR mod","°æ“≈ŒÔø®≈∆°øREMEMod"],"gold_per_floor":[109,109,125,76,89,89,114,114,114,114,130,130,130,146,146,251,251,251,251,251,261,261,261,296,311,311,340,353,387,387,399,399,501,501,521,535,553,572,673,714,733,733,760,829,848,886,886,886,886,931],"floor_reached":51,"language":"ZHS","playtime":1972,"items_purged":[],"score":822,"play_id":"a6023d99-cdb0-4a98-83c7-8fdd7d6bb7eb","local_time":"20210114212927","is_ascension_mode":false,"campfire_choices":[{"data":"MysteriousBeam","floor":6,"key":"SMITH"},{"data":"1","floor":8,"key":"LIFT"},{"data":"2","floor":10,"key":"LIFT"},{"data":"3","floor":12,"key":"LIFT"},{"data":"DC","floor":15,"key":"SMITH"},{"data":"AT_OneInchPunch","floor":23,"key":"SMITH"},{"data":"FinalSpark","floor":30,"key":"SMITH"},{"floor":32,"key":"REST"},{"data":"CasketOfStar","floor":42,"key":"SMITH"},{"floor":47,"key":"REST"},{"data":"CollectingQuirk","floor":49,"key":"SMITH"}],"circlet_count":0,"master_deck":["Strike_MRS+1","Strike_MRS+1","Strike_MRS+1","Strike_MRS+1","Defend_MRS+1","Defend_MRS+1","Defend_MRS+1","Defend_MRS+1","MasterSpark","UpSweep","rmod:saltedfish","AT_OneInchPunch+1","PulseMagic","Singularity","PowerUp","MysteriousBeam+1","SporeBomb","DC+1","Acceleration","TreasureHunter","AsteroidBelt+1","ChargeUpSpray","StarlightTyphoon","IllusionStar","FinalSpark+1","AlicesGift","CollectingQuirk+1","AlicesGift+1","NonDirectionalLaser+1","Orbital+1","CasketOfStar+1","MachineGunSpark+1","SuperPerseids","GrandCross","RefractionSpark+1","ShootTheMoon+1"],"relics":["BewitchedHakkero","AT_ATBox","REME_ComplimentaryCards","RuthlessExorcism:ReiMu","LetterFromLob","CrazyTorch:ReiMu","Girya","Tea:ReiMu","LaetitiaHeart","Orichalcum","Blue Candle","AT_BellDemon","AT_TimeSand","Red Mask","Sundial","AT_TrinityForce","AT_SpeedBoots","Du-Vu Doll","REME_ArchaeologicalTools","Pen Nib","Pantograph","PreservedInsect","CatCart","AT_RedTearstoneRing"],"acts_visited":["Exordium","TheCity","TheBeyond"],"potions_floor_usage":[7,16,33,33,38,44,44,50,51],"damage_taken":[{"damage":0,"enemies":"Small Slimes","floor":1,"turns":3},{"damage":0,"enemies":"Jaw Worm","floor":3,"turns":1},{"damage":0,"enemies":"2 Louse","floor":5,"turns":2},{"damage":13,"enemies":"Lagavulin","floor":7,"turns":3},{"damage":0,"enemies":"Exordium Thugs","floor":11,"turns":2},{"damage":0,"enemies":"Blue Slaver","floor":14,"turns":1},{"damage":21,"enemies":"Hexaghost","floor":16,"turns":5},{"damage":0,"enemies":"Spheric Guardian","floor":21,"turns":1},{"damage":0,"enemies":"Gremlin Leader","floor":24,"turns":3},{"damage":0,"enemies":"3 Byrds","floor":25,"turns":2},{"damage":20,"enemies":"Book of Stabbing","floor":27,"turns":4},{"damage":14,"enemies":"Sentry and Sphere","floor":28,"turns":3},{"damage":0,"enemies":"Masked Bandits","floor":29,"turns":2},{"damage":0,"enemies":"Cultist and Chosen","floor":31,"turns":2},{"damage":17,"enemies":"Automaton","floor":33,"turns":5},{"damage":0,"enemies":"Orb Walker","floor":35,"turns":2},{"damage":0,"enemies":"3 Darklings","floor":36,"turns":2},{"damage":0,"enemies":"Jaw Worm Horde","floor":37,"turns":2},{"damage":0,"enemies":"Writhing Mass","floor":38,"turns":2},{"damage":0,"enemies":"Transient","floor":39,"turns":5},{"damage":7,"enemies":"Giant Head","floor":40,"turns":4},{"damage":0,"enemies":"Sphere and 2 Shapes","floor":41,"turns":1},{"damage":17,"enemies":"Orin","floor":44,"turns":5},{"damage":0,"enemies":"Spire Growth","floor":45,"turns":2},{"damage":39,"enemies":"Nemesis","floor":46,"turns":3},{"damage":31,"enemies":"Donu and Deca","floor":50,"turns":3},{"damage":78,"enemies":"Malkuth","floor":51,"turns":5}],"seed_played":"-3085365527879809666","potions_obtained":[{"floor":1,"key":"DuplicationPotion"},{"floor":14,"key":"SkillPotion"},{"floor":28,"key":"EssenceOfSteel"},{"floor":29,"key":"ColorlessPotion"},{"floor":35,"key":"SpeedPotion"},{"floor":36,"key":"Block Potion"},{"floor":37,"key":"PowerPotion"},{"floor":40,"key":"SkillPotion"},{"floor":46,"key":"REME_GoldPotion"}],"is_trial":false,"path_per_floor":["M","?","M","$","M","R","E","R","T","R","M","R","?","M","R","B",null,"M","?","?","M","?","R","E","M","T","E","M","?","R","M","R","B",null,"M","M","M","M","M","E","M","R","T","?","M","E","R","?","R","B",null],"character_chosen":"MARISA","items_purchased":["PowerUp"],"campfire_rested":2,"item_purchase_floors":[4],"current_hp_per_floor":[75,63,63,63,63,63,50,50,50,50,50,50,50,50,50,29,75,75,75,75,75,66,66,66,66,66,46,32,32,32,32,54,37,75,75,75,75,75,75,68,68,68,68,51,51,12,34,34,34,28],"gold":961,"neow_bonus":"RANDOM_COMMON_RELIC","is_daily":false,"chose_seed":false,"campfire_upgraded":6,"win_rate":0.0,"timestamp":1610630967,"path_taken":["M","?","M","$","M","R","E","R","T","R","M","R","?","M","R","BOSS","M","?","?","M","?","R","E","M","T","E","M","?","R","M","R","BOSS","M","M","M","M","M","E","M","R","T","?","M","E","R","?","R","BOSS"],"items_purchased_type":["Card"],"build_version":"2020-12-22","purchased_purges":0,"victory":true,"max_hp_per_floor":[75,75,75,75,75,75,75,75,75,75,75,75,75,75,75,75,75,75,75,75,75,75,75,75,75,75,75,75,75,75,75,75,75,75,75,75,75,75,75,75,75,75,75,75,75,75,75,75,75,75],"card_choices":[{"not_picked":["WitchOfGreed","DoubleSpark"],"picked":"PulseMagic","floor":1},{"not_picked":["6A","DoubleSpark"],"picked":"Singularity","floor":3},{"not_picked":["SprinkleStarSeal","GravityBeat"],"picked":"MysteriousBeam","floor":5},{"not_picked":["GalacticHalo","DragonMeteor"],"picked":"SporeBomb","floor":7},{"not_picked":["DoubleSpark","Occultation"],"picked":"DC","floor":11},{"not_picked":["LuminesStrike","SprinkleStarSeal"],"picked":"Acceleration","floor":14},{"not_picked":["StarDustReverie","BlazingStar"],"picked":"TreasureHunter","floor":16},{"not_picked":["ShootingEcho","Acceleration"],"picked":"AsteroidBelt+1","floor":21},{"not_picked":["MachineGunSpark","NonDirectionalLaser"],"picked":"ChargeUpSpray","floor":24},{"not_picked":["GravityBeat","Robbery"],"picked":"StarlightTyphoon","floor":25},{"not_picked":["DC","ManaConvection"],"picked":"IllusionStar","floor":27},{"not_picked":["DoubleSpark","MysteriousBeam"],"picked":"FinalSpark","floor":28},{"not_picked":["GalacticHalo","PowerUp"],"picked":"EventHorizon","floor":29},{"not_picked":["NonDirectionalLaser","AsteroidBelt"],"picked":"AlicesGift","floor":31},{"not_picked":["TreasureHunter","SatelliteIllusion"],"picked":"CollectingQuirk","floor":33},{"not_picked":["WitchOfGreed+1","MeteoricShower"],"picked":"AlicesGift+1","floor":35},{"not_picked":["StarlightTyphoon","MysteriousBeam+1","PulseMagic+1"],"picked":"SKIP","floor":36},{"not_picked":["LuminesStrike+1","DragonMeteor+1"],"picked":"NonDirectionalLaser+1","floor":37},{"not_picked":["OortCloud","DarkSpark"],"picked":"Orbital+1","floor":38},{"not_picked":["GalacticHalo","DeepEcoloBomb"],"picked":"CasketOfStar","floor":39},{"not_picked":["OrrerysSun+1","GrandCross+1"],"picked":"MachineGunSpark+1","floor":40},{"not_picked":["PropBag","DC+1"],"picked":"SuperPerseids","floor":41},{"not_picked":["SporeBomb+1","UnstableBomb"],"picked":"GrandCross","floor":44},{"not_picked":["MilkyWay","IllusionStar+1"],"picked":"RefractionSpark+1","floor":45},{"not_picked":["GalacticHalo+1","MaximisePower"],"picked":"ShootTheMoon+1","floor":46}],"player_experience":655224,"relics_obtained":[{"floor":1,"key":"LetterFromLob"},{"floor":7,"key":"Girya"},{"floor":9,"key":"Tea:ReiMu"},{"floor":24,"key":"Orichalcum"},{"floor":26,"key":"Blue Candle"},{"floor":27,"key":"AT_BellDemon"},{"floor":28,"key":"AT_TimeSand"},{"floor":29,"key":"Red Mask"},{"floor":29,"key":"Sundial"},{"floor":36,"key":"AT_SpeedBoots"},{"floor":37,"key":"Du-Vu Doll"},{"floor":38,"key":"REME_ArchaeologicalTools"},{"floor":39,"key":"Pen Nib"},{"floor":40,"key":"Pantograph"},{"floor":43,"key":"PreservedInsect"},{"floor":44,"key":"CatCart"},{"floor":46,"key":"AT_RedTearstoneRing"}],"event_choices":[{"damage_healed":0,"gold_gain":0,"player_choice":"Success","damage_taken":12,"relics_obtained":["CrazyTorch:ReiMu"],"max_hp_gain":0,"max_hp_loss":0,"event_name":"Scrap Ooze","floor":2,"gold_loss":0},{"damage_healed":0,"gold_gain":0,"player_choice":"Simplicity","damage_taken":0,"max_hp_gain":0,"max_hp_loss":0,"event_name":"Back to Basics","floor":19,"gold_loss":0,"cards_upgraded":["Strike_MRS","Strike_MRS","Strike_MRS","Strike_MRS","Defend_MRS","Defend_MRS","Defend_MRS","Defend_MRS"]},{"damage_healed":0,"gold_gain":0,"player_choice":"Stopped","damage_taken":9,"max_hp_gain":0,"max_hp_loss":0,"event_name":"Cursed Tome","floor":22,"gold_loss":0},{"damage_healed":0,"gold_gain":0,"player_choice":"Fought Bandits","damage_taken":0,"max_hp_gain":0,"max_hp_loss":0,"event_name":"Masked Bandits","floor":29,"gold_loss":0},{"damage_healed":0,"gold_gain":0,"player_choice":"Fight","damage_taken":0,"max_hp_gain":0,"max_hp_loss":0,"event_name":"OrinTheCat","floor":44,"gold_loss":0},{"cards_removed":["EventHorizon"],"damage_healed":0,"gold_gain":0,"player_choice":"Removed Power","damage_taken":0,"max_hp_gain":0,"max_hp_loss":0,"event_name":"Falling","floor":48,"gold_loss":0}],"is_beta":false,"boss_relics":[{"not_picked":["Black Star","REME_ChargedStone"],"picked":"BewitchedHakkero"},{"not_picked":["Pandora\u0027s Box","REME_DuelDisc"],"picked":"AT_TrinityForce"}],"items_purged_floors":[],"is_endless":false,"potions_floor_spawned":[1,14,24,28,29,35,36,37,40,46],"ascension_level":0}}