{"host":"k67zwea37tbl4jhz","time":1610617798,"event":{"mods":["AchievementEnabler","Aspiration","BaseMod","Beaked The Cultist","Better Altar","Better Match","Better Note","Better Sensory Stone","Better Skull","Better Third Choice","BetterRewards","CCEM","Clawfect","Colored Map","Conspire","Downfall","GifTheSpireLib","Googly Eyes","Halation","Highlight Path","Mimic Mod","Minty Spire (QoL Compilation)","Permanent Neow","Replay The Spire","Shop Mod","Spicy Shops","StSLib","Stuff the Spire","Unceasing Turn Reminder","everything is the same but u backflip on backflip","slay the spire mod where everything is the same but ironclad has a cowboy hat"],"gold_per_floor":[99,114,134,134,134,151,201,233,243,43,43,138,63,99,145,300,300,225,284,118,118,177,206,206,241,241,266,266,266,266,310,322,501,551,551,561,589,589,689,689,713,757,847,847,847,905,447,500,425,425,459,512],"floor_reached":53,"language":"ENG","playtime":3707,"items_purged":["Guardian:Defend_Guardian","Guardian:Strike_Guardian"],"score":786,"play_id":"410eb953-ed96-4df7-a0f2-89310efe3bdf","local_time":"20210114044958","is_ascension_mode":false,"campfire_choices":[{"floor":1,"key":"REST"},{"floor":11,"key":"RECALL"},{"data":"Guardian:PrismaticBeam","floor":13,"key":"SMITH"},{"data":"Guardian:StasisStrike","floor":18,"key":"SMITH"},{"data":"Guardian:EvasiveProtocol","floor":26,"key":"SMITH"},{"data":"Guardian:TwinSlam","floor":30,"key":"SMITH"},{"data":"Guardian:CurlUp","floor":35,"key":"SMITH"},{"data":"Guardian:Strike_Guardian","floor":40,"key":"SMITH"},{"floor":49,"key":"REST"}],"circlet_count":0,"master_deck":["Guardian:Strike_Guardian+1","Guardian:Strike_Guardian+1","Guardian:Defend_Guardian","Guardian:Defend_Guardian+1","Guardian:Defend_Guardian+1","Guardian:CurlUp+1","Guardian:TwinSlam+1","Guardian:PrismaticBeam+1","Guardian:ChargeCore","conspire:SpireCoStock","conspire:SpireCoStock","conspire:SpireCoStock","conspire:SpireCoStock","Guardian:StasisStrike+1","Guardian:EvasiveProtocol+1","Guardian:VentSteam+1","Guardian:BronzeArmor","Guardian:CrystalBeam+1","Guardian:Clone","Guardian:FuturePlans+1","Guardian:TimeCapacitor+1","Guardian:Repulse+1","Guardian:StasisField","Guardian:TemporalStrike+1"],"relics":["Guardian:ModeShifter","StuffTheSpire:CocoNut","Anchor","War Paint","downfall:HeartBlessingRed","StuffTheSpire:RunicHypercube","downfall:HeartBlessingBlue","aspiration:DSix","CCEMRelics:OverlyComfyChair","Tiny House","Ring of Peace","Ring of Fangs","aspiration:Lifesprig","halation:Komachan","StuffTheSpire:HeavyRock","Nunchaku","CCEMRelics:FryingPan","downfall:HeartBlessingGreen","Shuriken"],"acts_visited":["Exordium","TheCity","TheBeyond"],"potions_floor_usage":[33,46,46,48,52],"damage_taken":[{"damage":5,"enemies":"Small Slimes","floor":2,"turns":5},{"damage":0,"enemies":"2 Louse","floor":3,"turns":3},{"damage":0,"enemies":"Cultist","floor":6,"turns":3},{"damage":25,"enemies":"Lagavulin","floor":8,"turns":7},{"damage":2,"enemies":"Blue Slaver","floor":9,"turns":3},{"damage":0,"enemies":"Red Slaver","floor":12,"turns":8},{"damage":0,"enemies":"Red Slaver","floor":14,"turns":2},{"damage":10,"enemies":"conspire:2 RoseBushes","floor":15,"turns":4},{"damage":34,"enemies":"downfall:Watcher","floor":16,"turns":10},{"damage":9,"enemies":"conspire:FuzzyDice","floor":19,"turns":6},{"damage":0,"enemies":"downfall:FleeingMerchant","floor":20,"turns":4},{"damage":0,"enemies":"Chosen","floor":22,"turns":3},{"damage":7,"enemies":"Slavers","floor":23,"turns":5},{"damage":0,"enemies":"Centurion and Healer","floor":25,"turns":4},{"damage":3,"enemies":"Snake Plant","floor":27,"turns":2},{"damage":0,"enemies":"Cultist and Chosen","floor":31,"turns":6},{"damage":7,"enemies":"3 Cultists","floor":32,"turns":5},{"damage":79,"enemies":"downfall:Defect","floor":33,"turns":12},{"damage":12,"enemies":"3 Darklings","floor":36,"turns":6},{"damage":0,"enemies":"3 Shapes","floor":37,"turns":3},{"damage":12,"enemies":"3 Darklings","floor":42,"turns":6},{"damage":14,"enemies":"Sphere and 2 Shapes","floor":43,"turns":7},{"damage":0,"enemies":"4 Shapes","floor":46,"turns":4},{"damage":0,"enemies":"downfall:FleeingMerchant","floor":47,"turns":4},{"damage":37,"enemies":"Reptomancer","floor":48,"turns":6},{"damage":0,"enemies":"3 Darklings","floor":51,"turns":5},{"damage":86,"enemies":"downfall:Silent","floor":52,"turns":10}],"seed_played":"3632218261964513500","potions_obtained":[{"floor":3,"key":"Swift Potion"},{"floor":9,"key":"DuplicationPotion"},{"floor":15,"key":"hexamod:EctoCoolerPotion"},{"floor":25,"key":"Dexterity Potion"},{"floor":33,"key":"Guardian:DefensiveModePotion"},{"floor":34,"key":"Reflective Coating"},{"floor":46,"key":"SteroidPotion"},{"floor":48,"key":"GamblersBrew"},{"floor":51,"key":"PowerPotion"}],"is_trial":false,"path_per_floor":["R","M","M","?","?","M","T","E","M","?","R","MIM","R","M","M","B",null,"R","M","$","?","M","E","T","M","R","M","?","?","R","M","M","B",null,"R","M","M","?","?","R","T","M","M","PTL","PTL","M","$","E","R","?","M","B",null],"character_chosen":"GUARDIAN","items_purchased":["Guardian:EvasiveProtocol","halation:Komachan","StuffTheSpire:HeavyRock","Nunchaku"],"campfire_rested":2,"item_purchase_floors":[20,47,47,47],"current_hp_per_floor":[96,91,91,98,103,103,103,78,76,76,76,76,76,76,66,32,103,113,104,104,110,110,103,103,103,103,100,100,100,100,101,94,15,118,118,106,109,109,109,109,109,99,85,85,85,85,89,54,89,89,89,8],"gold":512,"neow_bonus":"TWENTY_PERCENT_HP_BONUS","is_daily":false,"chose_seed":false,"campfire_upgraded":6,"win_rate":0.0,"timestamp":1610617798,"path_taken":["R","M","M","?","?","M","T","E","M","?","R","?","R","?","M","BOSS","R","M","?","?","M","E","T","M","R","?","?","?","R","?","M","BOSS","R","M","M","?","?","R","T","M","?","PTL","PTL","M","$","E","R","?","M","BOSS"],"items_purchased_type":["Card","Relic","Relic","Relic"],"build_version":"2020-12-22","purchased_purges":2,"victory":true,"max_hp_per_floor":[96,96,96,103,103,103,103,103,103,103,103,103,103,103,103,103,103,113,113,113,113,113,113,113,113,113,113,113,113,113,113,113,113,118,118,118,118,118,118,118,118,118,118,118,118,118,118,118,118,118,118,118],"card_choices":[{"not_picked":["Guardian:Gem_Green","Guardian:ChargeUp"],"picked":"Guardian:Gem_White","floor":2},{"not_picked":["Guardian:Gem_Lightblue","Guardian:Planning"],"picked":"Guardian:PrismaticBeam","floor":3},{"not_picked":["Guardian:Clone","Guardian:Gem_Green","Guardian:Harden"],"picked":"SKIP","floor":6},{"not_picked":["Guardian:Incinerate","Guardian:Recover"],"picked":"Guardian:ChargeCore","floor":8},{"not_picked":["Guardian:TemporalStrike","Guardian:CrystalBeam","Guardian:PrismaticBarrier"],"picked":"SKIP","floor":9},{"not_picked":["Guardian:WalkerClaw","Guardian:Emergency"],"picked":"Guardian:StasisStrike","floor":12},{"not_picked":["Guardian:VentSteam","Guardian:CrystalBeam"],"picked":"Guardian:Gem_Red","floor":14},{"not_picked":["Guardian:Gem_Yellow","Guardian:Clone"],"picked":"Guardian:Gem_Green","floor":15},{"not_picked":["Guardian:BaubleBeam","Guardian:StasisEngine"],"picked":"Guardian:Gem_Synthetic","floor":16},{"not_picked":["Guardian:RollAttack","Guardian:TemporalStrike"],"picked":"Guardian:Gem_Lightblue","floor":19},{"not_picked":["Guardian:WalkerClaw","Guardian:ChargeCore+1"],"picked":"Guardian:Gem_Crimson","floor":20},{"not_picked":["Guardian:Gem_Red","Guardian:RollAttack"],"picked":"Guardian:VentSteam+1","floor":22},{"not_picked":["Guardian:Recover","Guardian:VentSteam"],"picked":"Guardian:Gem_Synthetic","floor":23},{"not_picked":["Guardian:BronzeOrb+1","Guardian:Incinerate"],"picked":"Guardian:Gem_White","floor":25},{"not_picked":["Guardian:TimeBomb","Guardian:Harden"],"picked":"Guardian:BronzeArmor","floor":27},{"not_picked":["Guardian:ShieldCharger+1","Guardian:PrimingBeam"],"picked":"Guardian:CrystalBeam+1","floor":31},{"not_picked":["Guardian:CrystalBeam","Guardian:EvasiveProtocol","Guardian:Reroute"],"picked":"SKIP","floor":32},{"not_picked":["Guardian:FastForward","Guardian:TimeSifter"],"picked":"Guardian:Gem_Orange","floor":33},{"not_picked":["Guardian:PrismaticBeam","Guardian:Planning"],"picked":"Guardian:Clone","floor":34},{"not_picked":["Guardian:ChargeCore","Guardian:TemporalShield","Guardian:CrystalBeam+1"],"picked":"SKIP","floor":36},{"not_picked":["Guardian:GuardianWhirl","Guardian:Gem_Cyan"],"picked":"Guardian:FuturePlans+1","floor":37},{"not_picked":["Guardian:ConstructionForm","Guardian:Incinerate","Guardian:Gem_Lightblue"],"picked":"SKIP","floor":42},{"not_picked":["Guardian:Preprogram+1","Guardian:DecasProtection+1"],"picked":"Guardian:TimeCapacitor+1","floor":43},{"not_picked":["Guardian:Gem_Red","Guardian:TimeCapacitor+1","Guardian:WalkerClaw+1"],"picked":"SKIP","floor":46},{"not_picked":["Guardian:Gem_Lightblue","Guardian:MultiBeam+1"],"picked":"Guardian:Repulse+1","floor":47},{"not_picked":["Guardian:CrystalBeam","Guardian:Gem_Green"],"picked":"Guardian:StasisField","floor":48},{"not_picked":["Guardian:Gem_Red","Guardian:PiercingHide"],"picked":"Guardian:TemporalStrike+1","floor":51}],"player_experience":236383,"relics_obtained":[{"floor":7,"key":"Anchor"},{"floor":8,"key":"War Paint"},{"floor":23,"key":"aspiration:DSix"},{"floor":24,"key":"CCEMRelics:OverlyComfyChair"},{"floor":38,"key":"Ring of Peace"},{"floor":38,"key":"Ring of Fangs"},{"floor":41,"key":"aspiration:Lifesprig"},{"floor":48,"key":"CCEMRelics:FryingPan"},{"floor":50,"key":"Shuriken"}],"event_choices":[{"damage_healed":0,"gold_gain":0,"player_choice":"Invest 4","damage_taken":0,"max_hp_gain":0,"max_hp_loss":0,"event_name":"conspire:Investor","floor":10,"gold_loss":0},{"damage_healed":6,"gold_gain":0,"player_choice":"LEAVE ","damage_taken":0,"relics_obtained":[],"max_hp_gain":0,"max_hp_loss":0,"event_name":"betterSkull:BetterSkull","floor":21,"gold_loss":0,"cards_upgraded":[]},{"cards_removed":["Guardian:Strike_Guardian"],"damage_healed":0,"gold_gain":0,"player_choice":"Offered Basic","damage_taken":0,"max_hp_gain":0,"max_hp_loss":0,"event_name":"Bonfire Elementals","floor":28,"gold_loss":0}],"is_beta":false,"boss_relics":[{"not_picked":["halation:PlatinumPhoenix","SlaversCollar"],"picked":"StuffTheSpire:RunicHypercube"},{"not_picked":["Runic Pyramid","conspire:SeveredTorchhead"],"picked":"Tiny House"}],"items_purged_floors":[20,47],"is_endless":false,"potions_floor_spawned":[3,9,15,16,19,25,31,33,37,43,46,48,51],"ascension_level":0}}