{"host":"2jftgrhdogeeegvp","time":1610609275,"event":{"mods":["Act Like it!","Arknights The Spire","BaseMod","Colored Map","Downfall","Gensokyo","Marisa£®ÏF”Í°°ƒß¿Ì…≥£©","Minty Spire (QoL Compilation)","READ ME - Guardian Mod","Reimu£®≤©¿ˆ¡È√Œ£©","StSLib","SuperFastMode","The Cursed","The Gatherer","The Mystic"],"gold_per_floor":[99,111,124,124,124,49,76,101,101,120,151,76,96,127,143,143,143,143],"floor_reached":16,"language":"ZHS","playtime":883,"items_purged":[],"score":120,"play_id":"8b8162f3-4de7-4b5f-940a-ac5a402ed295","local_time":"20210113232755","is_ascension_mode":false,"campfire_choices":[{"floor":1,"key":"RECALL"},{"data":"hexamod:Float","floor":6,"key":"SMITH"},{"floor":12,"key":"REST"}],"circlet_count":0,"master_deck":["hexamod:Strike","hexamod:Strike","hexamod:Strike","hexamod:Defend","hexamod:Defend","hexamod:Defend+1","hexamod:Sear","hexamod:Float+1","hexamod:Hexaguard+1","hexamod:SwordOfDarkness","Regret","hexamod:VolcanoVisage+1","hexamod:StepThrough","hexamod:EmpoweredFlame","hexamod:BurningTouch","hexamod:ExtraCrispy","hexamod:ThirdSeal"],"relics":["hexamod:SpiritBrand","Ancient Tea Set","downfall:HeartBlessingBlue","MealTicket","War Paint","PureWhite:ReiMu","downfall:HeartBlessingRed","Incense Burner"],"acts_visited":["Exordium"],"potions_floor_usage":[14],"damage_taken":[{"damage":5,"enemies":"Small Slimes","floor":2,"turns":4},{"damage":0,"enemies":"Jaw Worm","floor":3,"turns":3},{"damage":17,"enemies":"3 Sentries","floor":8,"turns":10},{"damage":0,"enemies":"2 Louse","floor":10,"turns":2},{"damage":23,"enemies":"Gremlin Nob","floor":11,"turns":5},{"damage":3,"enemies":"Gremlin Gang","floor":13,"turns":4},{"damage":38,"enemies":"3 Sentries","floor":14,"turns":7},{"damage":3,"enemies":"Large Slime","floor":15,"turns":3},{"damage":5,"enemies":"downfall:Defect","floor":16,"turns":4}],"seed_played":"-3006523262950153919","potions_obtained":[{"floor":3,"key":"Energy Potion"},{"floor":8,"key":"Swift Potion"},{"floor":15,"key":"ZuzhouPotion:ReiMu"}],"is_trial":false,"path_per_floor":["R","M","M","?","T","R","T","E","?","M","E","R","M","E","M","B"],"character_chosen":"THE_SPIRIT","items_purchased":[],"campfire_rested":1,"item_purchase_floors":[],"current_hp_per_floor":[63,58,58,58,58,68,68,51,51,51,28,49,46,8,5,0,0,0],"gold":143,"neow_bonus":"REMOVE_TWO","is_daily":false,"chose_seed":false,"campfire_upgraded":1,"win_rate":0.0,"timestamp":1610609275,"path_taken":["R","M","M","?","?","R","T","E","?","M","E","R","?","E","M","BOSS"],"items_purchased_type":[],"build_version":"2020-12-22","purchased_purges":0,"victory":false,"max_hp_per_floor":[63,63,63,63,63,73,73,73,73,73,73,73,73,73,73,73,73,73],"card_choices":[{"not_picked":["hexamod:GhostShield","hexamod:RetreatToShadows"],"picked":"hexamod:Hexaguard","floor":2},{"not_picked":["hexamod:ThermalTransfer","hexamod:RainOfEmbers"],"picked":"hexamod:SwordOfDarkness","floor":3},{"not_picked":["hexamod:GhostShield","hexamod:RainOfEmbers"],"picked":"hexamod:VolcanoVisage","floor":8},{"not_picked":["hexamod:Incineration","hexamod:GhostOfSpireFuture"],"picked":"hexamod:StepThrough","floor":10},{"not_picked":["hexamod:AdvancingGuard","hexamod:NightmareStrike"],"picked":"hexamod:EmpoweredFlame","floor":11},{"not_picked":["hexamod:GhostLash","hexamod:InspiringFlames"],"picked":"hexamod:BurningTouch","floor":13},{"not_picked":["hexamod:Again","hexamod:AdvancingGuard"],"picked":"hexamod:ExtraCrispy","floor":14},{"not_picked":["hexamod:FastForward","hexamod:ShieldOfDarkness"],"picked":"hexamod:ThirdSeal","floor":15}],"player_experience":418022,"relics_obtained":[{"floor":7,"key":"MealTicket"},{"floor":8,"key":"War Paint"},{"floor":11,"key":"PureWhite:ReiMu"},{"floor":14,"key":"Incense Burner"}],"event_choices":[{"damage_healed":0,"gold_gain":0,"player_choice":"Box","damage_taken":0,"relics_obtained":["Ancient Tea Set"],"max_hp_gain":0,"max_hp_loss":0,"event_name":"Big Fish","floor":4,"gold_loss":0,"cards_obtained":["Regret"]},{"damage_healed":0,"gold_gain":0,"player_choice":"Upgraded","damage_taken":0,"max_hp_gain":0,"max_hp_loss":0,"event_name":"Upgrade Shrine","floor":9,"gold_loss":0,"cards_upgraded":["hexamod:VolcanoVisage"]}],"is_beta":false,"boss_relics":[],"items_purged_floors":[],"is_endless":false,"potions_floor_spawned":[3,8,15],"killed_by":"downfall:Defect","ascension_level":0}}