{"host":"81vb4cbob60wa1na","time":1610636250,"event":{"mods":["BaseMod","Downfall","GifTheSpireLib","Hermit","Highlight Path","Minty Spire (QoL Compilation)","StSLib","The Cursed","The Disciple"],"gold_per_floor":[99,111,111,123,137,137,137,155,173,208,208,227,240,260,280,375,375,375,386,402,402,402,402,402],"floor_reached":22,"language":"ENG","playtime":1045,"items_purged":[],"score":192,"play_id":"84b7a36c-a6dc-46f4-bc38-1c209f949024","local_time":"20210114095730","is_ascension_mode":false,"campfire_choices":[{"data":"hexamod:Sear","floor":1,"key":"SMITH"},{"data":"hexamod:BurningTouch","floor":6,"key":"SMITH"},{"data":"hexamod:RainOfEmbers","floor":11,"key":"SMITH"},{"data":"hexamod:UnlimitedPower","floor":18,"key":"SMITH"}],"circlet_count":0,"master_deck":["hexamod:Strike","hexamod:Strike","hexamod:Strike","hexamod:Strike","hexamod:Defend","hexamod:Defend","hexamod:Defend","hexamod:Defend","hexamod:Sear+1","hexamod:Float","hexamod:BurningTouch+1","hexamod:FirstSeal","hexamod:PhantomFireball","hexamod:FirstSeal","hexamod:BurningTouch","hexamod:GhostflameBarrier","hexamod:RainOfEmbers+1","hexamod:FirstSeal","hexamod:Firestarter","hexamod:HeatCrush","hexamod:UnlimitedPower+1","CurseOfTheBell","hexamod:FourthSeal","hexamod:Firestarter","Shame"],"relics":["hexamod:SpiritBrand","HornCleat","Bottled Flame","Calling Bell","Tiny Chest","Frozen Egg 2","Gambling Chip","Dream Catcher"],"acts_visited":["Exordium","TheCity"],"potions_floor_usage":[9,13,14,16,19,22,22],"damage_taken":[{"damage":0,"enemies":"Small Slimes","floor":2,"turns":3},{"damage":0,"enemies":"2 Louse","floor":4,"turns":3},{"damage":0,"enemies":"Cultist","floor":5,"turns":4},{"damage":0,"enemies":"Exordium Wildlife","floor":8,"turns":3},{"damage":6,"enemies":"3 Louse","floor":9,"turns":4},{"damage":40,"enemies":"3 Sentries","floor":10,"turns":14},{"damage":6,"enemies":"Blue Slaver","floor":12,"turns":3},{"damage":21,"enemies":"Gremlin Gang","floor":13,"turns":5},{"damage":7,"enemies":"2 Fungi Beasts","floor":14,"turns":3},{"damage":10,"enemies":"Exordium Thugs","floor":15,"turns":3},{"damage":9,"enemies":"downfall:Silent","floor":16,"turns":5},{"damage":23,"enemies":"Spheric Guardian","floor":19,"turns":6},{"damage":84,"enemies":"Centurion and Healer","floor":20,"turns":10},{"damage":29,"enemies":"Snake Plant","floor":22,"turns":4}],"seed_played":"-2256715763268874375","potions_obtained":[{"floor":4,"key":"EssenceOfSteel"},{"floor":5,"key":"DuplicationPotion"},{"floor":8,"key":"BlessingOfTheForge"},{"floor":13,"key":"AttackPotion"},{"floor":16,"key":"sneckomod:MuddlingPotion"},{"floor":19,"key":"FairyPotion"},{"floor":20,"key":"champ:CounterPotion"},{"floor":20,"key":"Dexterity Potion"}],"is_trial":false,"path_per_floor":["R","M","?","M","M","R","T","M","M","E","R","M","M","M","M","B",null,"R","M","M","?","M"],"character_chosen":"THE_SPIRIT","items_purchased":[],"campfire_rested":0,"item_purchase_floors":[],"current_hp_per_floor":[77,77,70,70,77,77,77,77,77,51,51,59,59,66,77,75,77,77,61,26,26,0,0,0],"gold":402,"neow_bonus":"TEN_PERCENT_HP_BONUS","is_daily":false,"chose_seed":false,"campfire_upgraded":4,"win_rate":0.0,"timestamp":1610636250,"path_taken":["R","M","?","M","M","R","T","M","M","E","R","M","M","M","M","BOSS","R","M","M","?","M"],"items_purchased_type":[],"build_version":"2020-12-22","purchased_purges":0,"victory":false,"max_hp_per_floor":[77,77,77,77,77,77,77,77,77,77,77,77,77,77,77,77,77,77,77,77,77,77,77,77],"card_choices":[{"not_picked":["hexamod:RainOfEmbers","hexamod:GhostLash"],"picked":"hexamod:BurningTouch","floor":2},{"not_picked":["hexamod:Hexaguard","hexamod:GhostOfSpirePresent"],"picked":"hexamod:PhantomFireball","floor":4},{"not_picked":["hexamod:GhostflameBarrier","hexamod:RainOfEmbers"],"picked":"hexamod:FirstSeal","floor":5},{"not_picked":["hexamod:PhantomCloak","hexamod:RainOfEmbers"],"picked":"hexamod:BurningTouch","floor":8},{"not_picked":["hexamod:Firestarter","hexamod:FastForward"],"picked":"hexamod:GhostflameBarrier","floor":9},{"not_picked":["hexamod:ThirdSeal","hexamod:InspiringFlames"],"picked":"hexamod:RainOfEmbers","floor":10},{"not_picked":["hexamod:FastForward","hexamod:GhostOfSpirePresent"],"picked":"hexamod:FirstSeal","floor":12},{"not_picked":["hexamod:NightmareGuise","hexamod:CatchUp","hexamod:AdvancingGuard"],"picked":"SKIP","floor":13},{"not_picked":["hexamod:SkipABeat","hexamod:Again"],"picked":"hexamod:Firestarter","floor":14},{"not_picked":["hexamod:TurnItUp","hexamod:RecurringNightmare"],"picked":"hexamod:HeatCrush","floor":15},{"not_picked":["hexamod:ApocalypseNow","hexamod:TimeWarp"],"picked":"hexamod:UnlimitedPower","floor":16},{"not_picked":["hexamod:HauntingEcho+1","hexamod:ThirdSeal"],"picked":"hexamod:FourthSeal","floor":19},{"not_picked":["hexamod:BacktrackSmack","hexamod:ThermalTransfer"],"picked":"hexamod:Firestarter","floor":20}],"player_experience":237662,"relics_obtained":[{"floor":7,"key":"HornCleat"},{"floor":10,"key":"Bottled Flame"},{"floor":17,"key":"Tiny Chest"},{"floor":17,"key":"Frozen Egg 2"},{"floor":17,"key":"Gambling Chip"}],"event_choices":[{"damage_healed":0,"gold_gain":0,"player_choice":"Stole Relic","damage_taken":0,"relics_obtained":["Dream Catcher"],"max_hp_gain":0,"max_hp_loss":0,"event_name":"Addict","floor":21,"gold_loss":0,"cards_obtained":["Shame"]}],"is_beta":false,"boss_relics":[{"not_picked":["Coffee Dripper","Runic Pyramid"],"picked":"Calling Bell"}],"items_purged_floors":[],"is_endless":false,"potions_floor_spawned":[4,5,8,13,16,19,20],"killed_by":"Snake Plant","ascension_level":0}}