{"host":"jggt5i9rbuoqvque","time":1610583598,"event":{"mods":["BaseMod","Colored Map","Minty Spire (QoL Compilation)","StSLib"],"gold_per_floor":[110,121,71,71,71,71,404,404,404,423,423,462,637,657,657,785,785,798,822,153,153,153],"floor_reached":21,"language":"KOR","playtime":708,"items_purged":["Doubt"],"score":265,"play_id":"6e9221fc-8f41-43b0-9238-c396b0c188ba","local_time":"20210114091958","is_ascension_mode":true,"campfire_choices":[{"data":"Neutralize","floor":6,"key":"SMITH"},{"data":"Infinite Blades","floor":8,"key":"SMITH"},{"floor":15,"key":"REST"}],"circlet_count":0,"master_deck":["Strike_G","Strike_G","Strike_G","Defend_G","Defend_G","Defend_G","Defend_G","Defend_G","Survivor","Neutralize+1","Infinite Blades+1","Acrobatics","Deadly Poison+1","Adrenaline+1","Noxious Fumes","Bandage Up+1","Deadly Poison+1"],"relics":["Ring of the Snake","NeowsBlessing","Golden Idol","Ginger","Old Coin","Shuriken","Toxic Egg 2","SlaversCollar","Blood Vial","Toy Ornithopter","TheAbacus"],"acts_visited":["Exordium","TheCity"],"potions_floor_usage":[19,21],"damage_taken":[{"damage":0,"enemies":"Small Slimes","floor":1,"turns":1},{"damage":0,"enemies":"Jaw Worm","floor":2,"turns":1},{"damage":0,"enemies":"3 Sentries","floor":7,"turns":1},{"damage":0,"enemies":"2 Louse","floor":10,"turns":4},{"damage":22,"enemies":"Lagavulin","floor":12,"turns":6},{"damage":7,"enemies":"Red Slaver","floor":14,"turns":7},{"damage":35,"enemies":"Hexaghost","floor":16,"turns":10},{"damage":6,"enemies":"Shell Parasite","floor":18,"turns":6},{"damage":38,"enemies":"2 Thieves","floor":19,"turns":5},{"damage":22,"enemies":"Centurion and Healer","floor":21,"turns":6}],"seed_played":"6208408569397967434","potions_obtained":[{"floor":12,"key":"Ancient Potion"},{"floor":16,"key":"Swift Potion"}],"is_trial":false,"path_per_floor":["M","M","?","?","T","R","E","R","T","M","?","E","?","M","R","B",null,"M","M","$","M"],"character_chosen":"THE_SILENT","items_purchased":["Blood Vial","Toy Ornithopter","Bandage Up+1","TheAbacus","Deadly Poison+1"],"campfire_rested":1,"item_purchase_floors":[20,20,20,20,20],"current_hp_per_floor":[70,70,70,53,53,53,53,53,53,53,46,24,24,17,38,3,53,47,9,9,0,0],"gold":153,"neow_bonus":"THREE_ENEMY_KILL","is_daily":false,"chose_seed":false,"campfire_upgraded":2,"win_rate":0.0,"timestamp":1610583598,"path_taken":["M","M","?","?","?","R","E","R","T","?","?","E","?","M","R","BOSS","M","M","$","M"],"items_purchased_type":["Relic","Relic","Card","Relic","Card"],"build_version":"2020-12-22","purchased_purges":1,"victory":false,"max_hp_per_floor":[70,70,70,70,70,70,70,70,70,70,70,70,70,70,70,70,70,70,70,70,70,70],"card_choices":[{"not_picked":["Dagger Spray","Flying Knee","Finisher"],"picked":"SKIP","floor":1},{"not_picked":["Dagger Spray","Underhanded Strike","Bane"],"picked":"SKIP","floor":2},{"not_picked":["Blade Dance","Crippling Poison"],"picked":"Infinite Blades","floor":7},{"not_picked":["Leg Sweep","Crippling Poison"],"picked":"Acrobatics","floor":10},{"not_picked":["Finisher","Dodge and Roll+1","Setup+1"],"picked":"SKIP","floor":12},{"not_picked":["Glass Knife","Concentrate+1"],"picked":"Deadly Poison+1","floor":14},{"not_picked":["Venomology+1","Envenom"],"picked":"Adrenaline+1","floor":16},{"not_picked":["Flechettes","Sucker Punch+1","Finisher"],"picked":"SKIP","floor":18},{"not_picked":["Dodge and Roll+1","Heel Hook"],"picked":"Noxious Fumes","floor":19}],"player_experience":332785,"relics_obtained":[{"floor":5,"key":"Ginger"},{"floor":7,"key":"Old Coin"},{"floor":9,"key":"Shuriken"},{"floor":12,"key":"Toxic Egg 2"}],"event_choices":[{"cards_removed":["Strike_G"],"damage_healed":0,"gold_gain":0,"player_choice":"Card Removal","damage_taken":0,"max_hp_gain":0,"max_hp_loss":0,"event_name":"The Cleric","floor":3,"gold_loss":50},{"damage_healed":0,"gold_gain":0,"player_choice":"Take Damage","damage_taken":17,"relics_obtained":["Golden Idol"],"max_hp_gain":0,"max_hp_loss":0,"event_name":"Golden Idol","floor":4,"gold_loss":0},{"cards_removed":["Strike_G"],"damage_healed":0,"gold_gain":0,"player_choice":"Card Removal","damage_taken":7,"max_hp_gain":0,"max_hp_loss":0,"event_name":"Golden Wing","floor":11,"gold_loss":0},{"damage_healed":0,"gold_gain":175,"player_choice":"AGREE","damage_taken":0,"max_hp_gain":0,"max_hp_loss":0,"event_name":"Liars Game","floor":13,"gold_loss":0,"cards_obtained":["Doubt"]}],"is_beta":false,"boss_relics":[{"not_picked":["Snecko Eye","SacredBark"],"picked":"SlaversCollar"}],"items_purged_floors":[20],"is_endless":false,"potions_floor_spawned":[12,16],"killed_by":"Centurion and Healer","ascension_level":5}}