{"host":"1a3cjta80tad0aqj","time":1610644028,"event":{"mods":["2.2 Compatiblity","AchievementEnabler","BaseMod","Colored Map","DeckTracker","KOR Keyword Fix","Keyboard Shortcuts","Minty Spire (QoL Compilation)","Permanent Neow","Quick Restart","Random Character Button","StSLib","SuperFastMode","everything is the same but u backflip on backflip"],"gold_per_floor":[110,127,52,63,73,73,88,102,102,52,52,86,86,102,102,102,102],"floor_reached":16,"language":"KOR","playtime":604,"items_purged":["Defend_R"],"score":104,"play_id":"fbafd836-22d9-4401-814a-c73718a35ff9","local_time":"20210115020708","is_ascension_mode":false,"campfire_choices":[{"data":"Second Wind","floor":6,"key":"SMITH"},{"floor":15,"key":"REST"}],"circlet_count":0,"master_deck":["Strike_R","Strike_R","Strike_R","Defend_R","Defend_R","Defend_R","Bash","Dark Embrace","Second Wind+1","Carnage","Shrug It Off","Injury","Entrench"],"relics":["Burning Blood","PreservedInsect","Letter Opener","Golden Idol"],"acts_visited":["Exordium"],"potions_floor_usage":[8,12],"damage_taken":[{"damage":7,"enemies":"Small Slimes","floor":1,"turns":6},{"damage":8,"enemies":"2 Louse","floor":2,"turns":3},{"damage":1,"enemies":"Jaw Worm","floor":4,"turns":3},{"damage":17,"enemies":"Exordium Wildlife","floor":5,"turns":5},{"damage":33,"enemies":"Large Slime","floor":7,"turns":10},{"damage":14,"enemies":"Exordium Thugs","floor":8,"turns":3},{"damage":25,"enemies":"3 Sentries","floor":12,"turns":8},{"damage":0,"enemies":"Red Slaver","floor":14,"turns":3},{"damage":63,"enemies":"The Guardian","floor":16,"turns":8}],"seed_played":"-2513165983940722486","potions_obtained":[{"floor":1,"key":"BloodPotion"},{"floor":4,"key":"ColorlessPotion"},{"floor":7,"key":"Fire Potion"},{"floor":8,"key":"SmokeBomb"}],"is_trial":false,"path_per_floor":["M","M","$","M","M","R","M","M","T","?","$","E","?","M","R","B"],"character_chosen":"IRONCLAD","items_purchased":[],"campfire_rested":1,"item_purchase_floors":[],"current_hp_per_floor":[79,77,77,80,69,69,42,34,34,34,34,15,15,21,45,0,0],"gold":102,"neow_bonus":"REMOVE_CARD","is_daily":false,"chose_seed":false,"campfire_upgraded":1,"win_rate":0.0,"timestamp":1610644028,"path_taken":["M","M","$","M","M","R","M","M","T","?","$","E","?","M","R","BOSS"],"items_purchased_type":[],"build_version":"2020-12-22","purchased_purges":1,"victory":false,"max_hp_per_floor":[80,80,80,80,80,80,80,80,80,80,80,80,80,80,80,80,80],"card_choices":[{"not_picked":["Seeing Red","Clothesline"],"picked":"Dark Embrace","floor":1},{"not_picked":["Warcry","Uppercut"],"picked":"Second Wind","floor":2},{"not_picked":["Dark Embrace","Havoc"],"picked":"Carnage","floor":4},{"not_picked":["Perfected Strike","Anger","Wild Strike"],"picked":"SKIP","floor":5},{"not_picked":["Anger","Searing Blow","Heavy Blade"],"picked":"SKIP","floor":7},{"not_picked":["Fire Breathing","Clothesline"],"picked":"Shrug It Off","floor":8},{"not_picked":["Havoc","Flame Barrier","Berserk"],"picked":"SKIP","floor":12},{"not_picked":["Heavy Blade","Havoc"],"picked":"Entrench","floor":14}],"player_experience":637164,"relics_obtained":[{"floor":9,"key":"PreservedInsect"},{"floor":12,"key":"Letter Opener"}],"event_choices":[{"cards_removed":["Strike_R"],"damage_healed":0,"gold_gain":0,"player_choice":"Card Removal","damage_taken":0,"max_hp_gain":0,"max_hp_loss":0,"event_name":"The Cleric","floor":10,"gold_loss":50},{"damage_healed":0,"gold_gain":0,"player_choice":"Take Wound","damage_taken":0,"relics_obtained":["Golden Idol"],"max_hp_gain":0,"max_hp_loss":0,"event_name":"Golden Idol","floor":13,"gold_loss":0,"cards_obtained":["Injury"]}],"is_beta":false,"boss_relics":[],"items_purged_floors":[3],"is_endless":false,"potions_floor_spawned":[1,4,7,8],"killed_by":"The Guardian","ascension_level":0}}