{"host":"t7mx8yfj1no5p62f","time":1610598616,"event":{"mods":["BaseMod","Bestiary","Colored Map","Colored Powertips","Minty Spire (QoL Compilation)","Relic Stats","StSLib","ojb\u0027s Info Mod"],"gold_per_floor":[13,30,49,64,339,339,45,70,70,70,70,102,102,115,115,186,186,196,210,221,221,241,241,241],"floor_reached":23,"language":"ENG","playtime":835,"items_purged":["Regret"],"score":406,"play_id":"cfc093e0-0b0a-495d-b920-a9a651b07c2c","local_time":"20210113233016","is_ascension_mode":true,"campfire_choices":[{"data":"Tools of the Trade","floor":6.0,"key":"SMITH"},{"data":"Noxious Fumes","floor":10.0,"key":"SMITH"},{"data":"Leg Sweep","floor":15.0,"key":"SMITH"}],"circlet_count":0,"master_deck":["AscendersBane","Strike_G","Strike_G","Strike_G","Strike_G","Defend_G","Defend_G","Defend_G","Defend_G","Defend_G","Survivor","Neutralize","Tools of the Trade+1","Noxious Fumes+1","Eviscerate","Prepared","Phantasmal Killer","Leg Sweep+1","Deadly Poison","Poisoned Stab+1","Corpse Explosion","Underhanded Strike+1","Backflip","Deflect+1"],"relics":["Ring of the Snake","TwistedFunnel","Ninja Scroll","Bottled Tornado","Molten Egg 2","HoveringKite"],"acts_visited":["Exordium","TheCity"],"potions_floor_usage":[23],"damage_taken":[{"damage":0.0,"enemies":"Jaw Worm","floor":1.0,"turns":5.0},{"damage":2.0,"enemies":"Cultist","floor":2.0,"turns":5.0},{"damage":0.0,"enemies":"2 Louse","floor":3.0,"turns":3.0},{"damage":7.0,"enemies":"Large Slime","floor":4.0,"turns":6.0},{"damage":24.0,"enemies":"3 Sentries","floor":8.0,"turns":8.0},{"damage":8.0,"enemies":"Gremlin Nob","floor":12.0,"turns":3.0},{"damage":13.0,"enemies":"3 Louse","floor":14.0,"turns":2.0},{"damage":1.0,"enemies":"Hexaghost","floor":16.0,"turns":8.0},{"damage":6.0,"enemies":"3 Byrds","floor":18.0,"turns":2.0},{"damage":7.0,"enemies":"Shell Parasite","floor":19.0,"turns":4.0},{"damage":0.0,"enemies":"3 Cultists","floor":20.0,"turns":2.0},{"damage":17,"enemies":"Shelled Parasite and Fungi","floor":22,"turns":6},{"damage":6,"enemies":"Book of Stabbing","floor":23,"turns":3}],"seed_played":"6994946795020805467","potions_obtained":[{"floor":1.0,"key":"EssenceOfSteel"},{"floor":3.0,"key":"AttackPotion"},{"floor":8.0,"key":"Dexterity Potion"},{"floor":22,"key":"Poison Potion"}],"is_trial":false,"path_per_floor":["M","M","M","M","?","R","$","E","T","R","?","E","?","M","R","B",null,"M","M","M","?","M","E"],"character_chosen":"THE_SILENT","items_purchased":["Strength Potion","TwistedFunnel"],"campfire_rested":0,"item_purchase_floors":[7,7],"current_hp_per_floor":[59,57,57,50,50,50,50,26,26,26,31,23,16,3,3,2,54,48,41,41,21,4,0,0],"gold":241,"neow_bonus":"THREE_RARE_CARDS","is_daily":false,"chose_seed":false,"campfire_upgraded":3,"win_rate":0.0,"timestamp":1610598616,"path_taken":["M","M","M","M","?","R","?","E","T","R","?","E","?","M","R","BOSS","M","M","M","?","M","E"],"items_purchased_type":["Potion","Relic"],"build_version":"2020-12-22","purchased_purges":1,"victory":false,"max_hp_per_floor":[66,66,66,66,66,66,66,66,66,66,71,71,71,71,71,71,71,71,71,71,76,76,76,76],"relic_stats":{"counters":[13,57],"HoveringKite":[13],"obtain_stats":[{"TwistedFunnel":7,"Ninja Scroll":8,"HoveringKite":17,"Molten Egg 2":12,"Bottled Tornado":9,"Ring of the Snake":0},{"TwistedFunnel":4,"Ninja Scroll":5,"HoveringKite":8,"Molten Egg 2":6,"Bottled Tornado":5,"Ring of the Snake":0},{"TwistedFunnel":19,"Ninja Scroll":27,"HoveringKite":40,"Molten Egg 2":30,"Bottled Tornado":27,"Ring of the Snake":0}],"Ring of the Snake":[26]},"card_choices":[{"not_picked":["Die Die Die","Wraith Form v2"],"picked":"Tools of the Trade","floor":0.0},{"not_picked":["Backflip","Underhanded Strike"],"picked":"Noxious Fumes","floor":1.0},{"not_picked":["Expertise","Choke"],"picked":"Eviscerate","floor":2.0},{"not_picked":["Outmaneuver","Quick Slash"],"picked":"Prepared","floor":3.0},{"not_picked":["PiercingWail","Quick Slash"],"picked":"Phantasmal Killer","floor":4.0},{"not_picked":["Deflect","Underhanded Strike"],"picked":"Leg Sweep","floor":8.0},{"not_picked":["Footwork","Distraction"],"picked":"Deadly Poison","floor":12.0},{"not_picked":["Prepared","Outmaneuver"],"picked":"Poisoned Stab+1","floor":14.0},{"not_picked":["Bullet Time","Doppelganger"],"picked":"Corpse Explosion","floor":16.0},{"not_picked":["Sucker Punch+1","Riddle With Holes+1"],"picked":"Underhanded Strike+1","floor":18.0},{"not_picked":["Prepared","Slice+1"],"picked":"Backflip","floor":19.0},{"not_picked":["Terror","Prepared","Concentrate"],"picked":"SKIP","floor":20.0},{"not_picked":["Dash+1","Quick Slash+1"],"picked":"Deflect+1","floor":22}],"player_experience":1761786,"relics_obtained":[{"floor":8.0,"key":"Ninja Scroll"},{"floor":9.0,"key":"Bottled Tornado"},{"floor":12.0,"key":"Molten Egg 2"}],"event_choices":[{"damage_healed":0.0,"max_hp_gain":0.0,"max_hp_loss":0.0,"gold_gain":275.0,"event_name":"Golden Shrine","player_choice":"Desecrate","floor":5.0,"gold_loss":0.0,"damage_taken":0.0,"cards_obtained":["Regret"]},{"damage_healed":0.0,"max_hp_gain":5.0,"max_hp_loss":0.0,"gold_gain":0.0,"event_name":"Big Fish","player_choice":"Donut","floor":11.0,"gold_loss":0.0,"damage_taken":0.0},{"cards_removed":["Strike_G"],"damage_healed":0.0,"max_hp_gain":0.0,"max_hp_loss":0.0,"gold_gain":0.0,"event_name":"Golden Wing","player_choice":"Card Removal","floor":13.0,"gold_loss":0.0,"damage_taken":7.0},{"damage_healed":0.0,"max_hp_gain":5.0,"max_hp_loss":0.0,"gold_gain":0.0,"event_name":"Forgotten Altar","player_choice":"Shed Blood","floor":21.0,"gold_loss":0.0,"damage_taken":25.0}],"is_beta":false,"boss_relics":[{"not_picked":["Empty Cage","Velvet Choker"],"picked":"HoveringKite"}],"items_purged_floors":[7],"is_endless":false,"potions_floor_spawned":[1,3,8,22],"killed_by":"Book of Stabbing","ascension_level":20}}