{"host":"iyj530209nkhhjuz","time":1610624715,"event":{"mods":["AchievementEnabler","BaseMod","BetterRewards","Colored Powertips","Highlight Path","Minty Spire (QoL Compilation)","Random Character Button","Rare Cards Sparkle","Relic Stats","Waifu the Spire"],"gold_per_floor":[110,42,42,56,56,89,89,123,123,123,123],"floor_reached":10,"language":"ENG","playtime":852,"items_purged":[],"score":89,"play_id":"3eabaca9-eeda-4ef0-ad3e-4e7055ac1ae4","local_time":"20210114124515","is_ascension_mode":true,"campfire_choices":[{"floor":7,"key":"REST"}],"circlet_count":0,"master_deck":["Strike_G","Strike_G","Strike_G","Strike_G","Strike_G","Defend_G","Defend_G","Defend_G","Defend_G","Defend_G","Survivor","Neutralize+1","Flying Knee","Heel Hook","Concentrate","Backstab","Catalyst","Poisoned Stab","Backstab"],"relics":["Ring of the Snake","Golden Idol","Bottled Lightning","Meat on the Bone","Turnip"],"acts_visited":["Exordium"],"potions_floor_usage":[8,10],"damage_taken":[{"damage":4,"enemies":"2 Louse","floor":1,"turns":4},{"damage":0,"enemies":"Jaw Worm","floor":4,"turns":3},{"damage":28,"enemies":"Lagavulin","floor":6,"turns":9},{"damage":27,"enemies":"3 Sentries","floor":8,"turns":8},{"damage":29,"enemies":"Lagavulin","floor":10,"turns":3}],"seed_played":"3639863705744177819","potions_obtained":[{"floor":6,"key":"AttackPotion"},{"floor":8,"key":"LiquidBronze"}],"is_trial":false,"path_per_floor":["M","$","?","M","?","E","R","E","T","E"],"character_chosen":"THE_SILENT","items_purchased":["Backstab"],"campfire_rested":1,"item_purchase_floors":[2],"current_hp_per_floor":[66,66,49,49,49,21,42,15,15,0,0],"gold":123,"neow_bonus":"","is_daily":false,"chose_seed":false,"campfire_upgraded":0,"win_rate":0.0,"timestamp":1610624715,"path_taken":["M","$","?","M","?","E","R","E","T","E"],"items_purchased_type":["Card"],"build_version":"2020-12-22","purchased_purges":0,"victory":false,"max_hp_per_floor":[70,70,70,70,70,70,70,70,70,70,70],"relic_stats":{"counters":[5,27],"Golden Idol":17,"Turnip":[0],"obtain_stats":[{"Golden Idol":3,"Turnip":9,"Bottled Lightning":6,"Ring of the Snake":0,"Meat on the Bone":8},{"Golden Idol":1,"Turnip":4,"Bottled Lightning":3,"Ring of the Snake":0,"Meat on the Bone":4},{"Golden Idol":4,"Turnip":24,"Bottled Lightning":16,"Ring of the Snake":0,"Meat on the Bone":24}],"Ring of the Snake":[10],"Meat on the Bone":0},"card_choices":[{"not_picked":["PiercingWail","Slice"],"picked":"Concentrate","floor":1},{"not_picked":["Quick Slash","PiercingWail"],"picked":"Catalyst","floor":4},{"not_picked":["Dodge and Roll","Bane"],"picked":"Poisoned Stab","floor":6},{"not_picked":["Poisoned Stab","Blade Dance"],"picked":"Backstab","floor":8}],"player_experience":396557,"relics_obtained":[{"floor":6,"key":"Bottled Lightning"},{"floor":8,"key":"Meat on the Bone"},{"floor":9,"key":"Turnip"}],"event_choices":[{"damage_healed":0,"gold_gain":0,"player_choice":"Take Damage","damage_taken":17,"relics_obtained":["Golden Idol"],"max_hp_gain":0,"max_hp_loss":0,"event_name":"Golden Idol","floor":3,"gold_loss":0},{"damage_healed":0,"gold_gain":0,"player_choice":"Forge","damage_taken":0,"max_hp_gain":0,"max_hp_loss":0,"event_name":"Accursed Blacksmith","floor":5,"gold_loss":0,"cards_upgraded":["Neutralize"]}],"is_beta":false,"boss_relics":[],"items_purged_floors":[],"is_endless":false,"potions_floor_spawned":[6,8],"killed_by":"Lagavulin","ascension_level":4}}