{"host":"g01l53quoe6lrer0","time":1610665896,"event":{"mods":["2.2 Compatiblity","AchievementEnabler","BaseMod","Colored Map","Highlight Path","Keyboard Shortcuts","Minty Spire (QoL Compilation)","Permanent Neow","StSLib","SuperFastMode","everything is the same but u backflip on backflip"],"gold_per_floor":[115,128,128,143,161,191,191,191,191,191,191],"floor_reached":10,"language":"KOR","playtime":398,"items_purged":[],"score":129,"play_id":"2ba0ec71-1a34-4425-8bda-e8c483b53476","local_time":"20210115081135","is_ascension_mode":true,"campfire_choices":[{"floor":8,"key":"REST"}],"circlet_count":0,"master_deck":["AscendersBane","Strike_B","Strike_B","Strike_B","Defend_B","Defend_B","Defend_B","Defend_B","Zap","Dualcast","Secret Technique","Sunder","Defragment","Defragment","Doom and Gloom","Barrage","Leap","Biased Cognition"],"relics":["Cracked Core","Akabeko","Smiling Mask"],"acts_visited":["Exordium"],"potions_floor_usage":[],"damage_taken":[{"damage":4.0,"enemies":"Jaw Worm","floor":1.0,"turns":4.0},{"damage":7.0,"enemies":"2 Louse","floor":2.0,"turns":2.0},{"damage":0.0,"enemies":"Cultist","floor":4.0,"turns":3.0},{"damage":15.0,"enemies":"Gremlin Gang","floor":5.0,"turns":4.0},{"damage":20.0,"enemies":"3 Sentries","floor":6.0,"turns":6.0},{"damage":8,"enemies":"Gremlin Nob","floor":10,"turns":3}],"seed_played":"8711510315314610102","potions_obtained":[{"floor":4.0,"key":"Energy Potion"},{"floor":5.0,"key":"Ancient Potion"},{"floor":6.0,"key":"PotionOfCapacity"}],"is_trial":false,"path_per_floor":["M","M","?","M","M","E","?","R","T","E"],"character_chosen":"DEFECT","items_purchased":[],"campfire_rested":1,"item_purchase_floors":[],"current_hp_per_floor":[60,53,46,46,31,11,11,30,30,22,22],"gold":191,"neow_bonus":"RANDOM_COLORLESS_2","is_daily":false,"chose_seed":false,"campfire_upgraded":0,"win_rate":0.0,"timestamp":1610665895,"path_taken":["M","M","?","M","M","E","?","R","T","E"],"items_purchased_type":[],"build_version":"2020-12-22","purchased_purges":0,"victory":false,"max_hp_per_floor":[64,64,64,64,64,64,64,64,64,64,64],"card_choices":[{"not_picked":["Sadistic Nature","Mayhem"],"picked":"Secret Technique","floor":0.0},{"not_picked":["Sweeping Beam","Redo"],"picked":"Sunder","floor":1.0},{"not_picked":["Coolheaded","Sweeping Beam"],"picked":"Defragment","floor":2.0},{"not_picked":["Conserve Battery","Tempest"],"picked":"Defragment","floor":4.0},{"not_picked":["Compile Driver","Darkness"],"picked":"Doom and Gloom","floor":5.0},{"not_picked":["Steam","Beam Cell"],"picked":"Barrage","floor":6.0}],"player_experience":198567,"relics_obtained":[{"floor":6.0,"key":"Akabeko"},{"floor":9,"key":"Smiling Mask"}],"event_choices":[{"cards_removed":["Strike_B"],"damage_healed":0.0,"max_hp_gain":0.0,"max_hp_loss":0.0,"gold_gain":0.0,"event_name":"Golden Wing","player_choice":"Card Removal","floor":3.0,"gold_loss":0.0,"damage_taken":7.0},{"damage_healed":0,"gold_gain":0,"player_choice":"2 cards matched","damage_taken":0,"max_hp_gain":0,"max_hp_loss":0,"event_name":"Match and Keep!","floor":7,"gold_loss":0,"cards_obtained":["Leap","Biased Cognition"]}],"is_beta":false,"boss_relics":[],"items_purged_floors":[],"is_endless":false,"potions_floor_spawned":[4,5,6],"killed_by":"Gremlin Nob","ascension_level":18}}