{"host":"2zrogolw7fikyw61","time":1610659446,"event":{"mods":["AchievementEnabler","Act Like it!","Ascension Reborn","BaseMod","BetterRewards","Colored Map","Duelist Mod","Hallownest","Highlight Path","Hubris","Infinite Spire","Minty Spire (QoL Compilation)","Replay The Spire","StSLib","Td1madao Mod","The Bug Knight"],"gold_per_floor":[112,123,123,123,134,134,148,148,168,234,279,279,279,279],"floor_reached":13,"language":"ENG","playtime":1352,"items_purged":[],"score":75,"play_id":"d45acc9f-1c61-4d14-842b-40144dcd5d5a","local_time":"20210114152406","is_ascension_mode":true,"campfire_choices":[{"floor":8,"key":"REST"},{"floor":12,"key":"REST"}],"circlet_count":0,"master_deck":["HollowMod:NailStrikeStart","HollowMod:NailStrikeStart","HollowMod:NailStrikeStart","HollowMod:NailStrikeStart","HollowMod:QuickDashStart","HollowMod:QuickDashStart","HollowMod:QuickDashStart","HollowMod:QuickDashStart","HollowMod:FocusHealStart","HollowMod:WraithStrike","HollowMod:PureNailStrike","HollowMod:SharpenedNail","HollowMod:SoulVessel","HollowMod:DoubleDash","HollowMod:NewJinnsSoul"],"relics":["HollowMod:VesselMask","Hallownest:DreamNailRelic","infinitespire:Lucky Rock"],"acts_visited":["Exordium"],"potions_floor_usage":[13],"damage_taken":[{"damage":2,"enemies":"Hallownest:2_Baldur","floor":1,"turns":5},{"damage":9,"enemies":"2_ Uuma","floor":2,"turns":6},{"damage":4,"enemies":"Hallownest:monsterHuskWarrior","floor":5,"turns":4},{"damage":23,"enemies":"Hallownest:MossCreep_and_Mosskin","floor":7,"turns":6},{"damage":43,"enemies":"Hallownest:Guard_and_Warrior","floor":9,"turns":9},{"damage":37,"enemies":"Hallownest:eliteMossKnight","floor":13,"turns":15}],"seed_played":"-8780930328748097305","potions_obtained":[{"floor":9,"key":"Languid Potion"}],"is_trial":false,"path_per_floor":["M","M","PTL","PTL","M","?","M","R","M","?","T","R","E"],"character_chosen":"THE_BUGKNIGHT","items_purchased":[],"campfire_rested":2,"item_purchase_floors":[],"current_hp_per_floor":[73,64,64,64,60,60,37,59,16,16,16,38,7,7],"gold":279,"neow_bonus":"TRANSFORM_CARD","is_daily":false,"chose_seed":false,"campfire_upgraded":0,"win_rate":0.0,"timestamp":1610659446,"path_taken":["M","M","PTL","PTL","M","?","?","R","M","?","T","R","E"],"items_purchased_type":[],"build_version":"2020-12-22","purchased_purges":0,"victory":false,"max_hp_per_floor":[75,75,75,75,75,75,75,75,75,75,75,75,75,75],"card_choices":[{"not_picked":["HollowMod:BrokenVessel","HollowMod:InfectedAttack"],"picked":"HollowMod:PureNailStrike","floor":1},{"not_picked":["HollowMod:TaintedHusks","HollowMod:DescendingDark"],"picked":"HollowMod:SharpenedNail","floor":2},{"not_picked":["HollowMod:NewInfectedGuardian","HollowMod:ShapeofUnn"],"picked":"HollowMod:SoulVessel","floor":5},{"not_picked":["HollowMod:TaintedHusks","HollowMod:CloakDash"],"picked":"HollowMod:DoubleDash","floor":7},{"not_picked":["HollowMod:InfectedCysts","HollowMod:ShadowDash"],"picked":"HollowMod:NewJinnsSoul","floor":9}],"player_experience":29867,"relics_obtained":[{"floor":11,"key":"infinitespire:Lucky Rock"}],"event_choices":[],"is_beta":false,"boss_relics":[],"items_purged_floors":[],"is_endless":false,"potions_floor_spawned":[9],"killed_by":"Hallownest:eliteMossKnight","ascension_level":0}}