{"host":"m1hsm1cztz438mir","time":1610656679,"event":{"mods":["2.2 Compatiblity","AchievementEnabler","Act Like it!","Aspiration","BaseMod","Better Altar","Better Match","Better Sensory Stone","Better Skull","Better Third Choice","Colored Map","Minty Spire (QoL Compilation)","Relic Stats","Replay The Spire","Shop Mod","StSLib","The Fake Hero","The Marked","[GremlinLeader]The Maniac"],"gold_per_floor":[510,525,541,541,466,499,499,513,537,579,591,603,648,660,672,815,827,859,891,936,961,991,1003,1049,1061,1120,1172,1184,1295,1307,994,994,1115,1115,1138,1471,1484,826,836,871,921,954,954,954,954,971,1005,1024,1024,1024],"floor_reached":51,"language":"ENG","playtime":4387,"items_purged":["luka_mod:StrikeLukaOne","Overencumbered","Injury"],"score":916,"play_id":"69e44c52-3db8-4c60-96b7-432a391a5c56","local_time":"20210114203759","is_ascension_mode":false,"campfire_choices":[{"data":"luka_mod:Undine","floor":7,"key":"SMITH"},{"data":"luka_mod:AngryLuka","floor":15,"key":"SMITH"},{"data":"luka_mod:Request","floor":23,"key":"SMITH"},{"data":"luka_mod:AngryLuka","floor":25,"key":"SMITH"},{"data":"luka_mod:Salt","floor":28,"key":"SMITH"},{"data":"luka_mod:Meditation","floor":30,"key":"SMITH"},{"data":"luka_mod:Gnome","floor":32,"key":"SMITH"},{"data":"theMarked:MuscleMemory","floor":45,"key":"SMITH"},{"data":"luka_mod:Undine","floor":49,"key":"SMITH"}],"circlet_count":0,"master_deck":["luka_mod:StrikeLukaTwo","luka_mod:StrikeLukaThree","luka_mod:StrikeLukaFour","luka_mod:StrikeLukaFive","luka_mod:StrikeLukaSix","luka_mod:Salt+1","luka_mod:Guard","luka_mod:Wait","luka_mod:Edging","luka_mod:FlailWildly","luka_mod:Meditation+1","luka_mod:Surrender","luka_mod:EarthRumblingDecapitation","luka_mod:Request+1","luka_mod:Undine+1","luka_mod:Overexert","luka_mod:AngryLuka+1","Machine Learning","luka_mod:AngryLuka+1","Defy Death","Leap","BootSequence","luka_mod:StrikeLuka","theMarked:DispelDoubt","maniac:UndyingDesire+1","luka_mod:Gnome+1","theMarked:MuscleMemory+1","Aggregate+1","Replay:DivineShield+1","luka_mod:Undine+1","luka_mod:RestrictedStrike","Adrenaline","Parasite","Limit Break","ReplaySolidLightProjector"],"relics":["luka_mod:KeepsakeRing","NeowsBlessing","ReplayFunnel","Bronze Scales","MawBank","Chameleon Ring","Bird Faced Urn","PrismaticShard","aspiration:SecretTechniqueScroll","Red Mask","TungstenRod","Bag of Marbles","Mummified Hand","Simple Rune","Replay:Bronze Core","Replay:Rubber Ducky","ReplayTheSpireMod:Shallot","aspiration:FetidBarrel","Pear","ReplayTheSpireMod:Lightbulb","aspiration:HatOfInfinitePower"],"acts_visited":["Exordium","TheCity","TheBeyond"],"potions_floor_usage":[20,24,33],"damage_taken":[{"damage":0,"enemies":"Small Slimes","floor":1,"turns":1},{"damage":0,"enemies":"Jaw Worm","floor":2,"turns":1},{"damage":7,"enemies":"2 Louse","floor":3,"turns":2},{"damage":7,"enemies":"Lagavulin","floor":6,"turns":7},{"damage":0,"enemies":"Exordium Thugs","floor":8,"turns":6},{"damage":6,"enemies":"Gremlin Nob","floor":10,"turns":7},{"damage":10,"enemies":"Replay:BlueRogue","floor":13,"turns":7},{"damage":6,"enemies":"Slime Boss","floor":16,"turns":6},{"damage":0,"enemies":"Chosen","floor":18,"turns":4},{"damage":4,"enemies":"3 Byrds","floor":19,"turns":5},{"damage":0,"enemies":"Masked Bandits","floor":20,"turns":3},{"damage":3,"enemies":"Snake Plant","floor":21,"turns":4},{"damage":0,"enemies":"Centurion and Healer","floor":22,"turns":5},{"damage":15,"enemies":"Gremlin Leader","floor":24,"turns":8},{"damage":3,"enemies":"Book of Stabbing","floor":27,"turns":4},{"damage":9,"enemies":"Automaton","floor":33,"turns":8},{"damage":23,"enemies":"3 Shapes","floor":35,"turns":6},{"damage":0,"enemies":"Orb Walker","floor":37,"turns":3},{"damage":0,"enemies":"Spire Growth","floor":39,"turns":3},{"damage":36,"enemies":"Reptomancer","floor":40,"turns":6},{"damage":0,"enemies":"Giant Head","floor":42,"turns":5},{"damage":0,"enemies":"Writhing Mass","floor":46,"turns":4},{"damage":0,"enemies":"R_Hoarder","floor":47,"turns":6},{"damage":0,"enemies":"3 Darklings","floor":48,"turns":3},{"damage":0,"enemies":"Time Eater","floor":50,"turns":8}],"seed_played":"-44769989303433964","potions_obtained":[{"floor":1,"key":"Weak Potion"},{"floor":8,"key":"LiquidMemories"},{"floor":10,"key":"Adrenaline Potion"},{"floor":13,"key":"CultistPotion"},{"floor":21,"key":"Ancient Potion"},{"floor":27,"key":"AttackPotion"},{"floor":33,"key":"DistilledChaos"},{"floor":47,"key":"DuplicationPotion"}],"is_trial":false,"path_per_floor":["M","M","M","?","$","E","R","M","T","E","?","?","E","?","R","B",null,"M","M","?","M","M","R","E","R","T","E","R","?","R","$","R","B",null,"M","?","M","$","M","E","?","E","T","?","R","M","E","M","R","B",null],"character_chosen":"LUKA_CLASS","items_purchased":["luka_mod:Gnome","Simple Rune","Replay:Rubber Ducky","luka_mod:Undine","ReplayTheSpireMod:Shallot","luka_mod:RestrictedStrike"],"campfire_rested":0,"item_purchase_floors":[31,31,38,38,38,38],"current_hp_per_floor":[40,40,33,21,21,40,40,40,40,34,38,38,28,28,28,22,40,40,38,38,39,40,40,29,29,29,28,28,28,28,28,28,40,40,32,32,40,40,40,40,41,50,50,38,38,50,50,50,50,50],"gold":1024,"neow_bonus":"THREE_ENEMY_KILL","is_daily":false,"chose_seed":false,"campfire_upgraded":9,"win_rate":0.0,"timestamp":1610656679,"path_taken":["M","M","M","?","$","E","R","M","T","E","?","?","E","?","R","BOSS","M","M","?","M","M","R","E","R","T","E","R","?","R","$","R","BOSS","M","?","M","$","M","E","?","E","T","?","R","M","E","M","R","BOSS"],"items_purchased_type":["Card","Relic","Relic","Card","Relic","Card"],"build_version":"2020-12-22","purchased_purges":3,"victory":true,"max_hp_per_floor":[40,40,40,40,40,40,40,40,40,40,40,40,40,40,40,40,40,40,40,40,40,40,40,40,40,40,40,40,40,40,40,40,40,40,40,40,40,40,40,40,50,50,50,50,50,50,50,50,50,50],"relic_stats":{"counters":[25,122],"Mummified Hand":[45],"Bronze Scales":[301],"Bird Faced Urn":[43],"MawBank":264,"obtain_stats":[{"ReplayFunnel":4,"luka_mod:KeepsakeRing":0,"Pear":41,"NeowsBlessing":0,"Golden Idol":12,"aspiration:FetidBarrel":40,"aspiration:SecretTechniqueScroll":17,"MawBank":9,"PrismaticShard":14,"Replay:Rubber Ducky":38,"Chameleon Ring":10,"ReplayTheSpireMod:Shallot":38,"Mummified Hand":27,"Bronze Scales":6,"Bird Faced Urn":13,"Replay:Bronze Core":34,"Simple Rune":31,"Red Mask":20,"Bag of Marbles":26,"ReplayTheSpireMod:Lightbulb":42,"aspiration:HatOfInfinitePower":47,"TungstenRod":24},{"ReplayFunnel":3,"luka_mod:KeepsakeRing":0,"Pear":20,"NeowsBlessing":0,"Golden Idol":6,"aspiration:FetidBarrel":20,"aspiration:SecretTechniqueScroll":8,"MawBank":5,"PrismaticShard":7,"Replay:Rubber Ducky":18,"Chameleon Ring":6,"ReplayTheSpireMod:Shallot":18,"Mummified Hand":15,"Bronze Scales":4,"Bird Faced Urn":7,"Replay:Bronze Core":16,"Simple Rune":15,"Red Mask":11,"Bag of Marbles":14,"ReplayTheSpireMod:Lightbulb":21,"aspiration:HatOfInfinitePower":23,"TungstenRod":14},{"ReplayFunnel":4,"luka_mod:KeepsakeRing":0,"Pear":96,"NeowsBlessing":0,"Golden Idol":24,"aspiration:FetidBarrel":96,"aspiration:SecretTechniqueScroll":37,"MawBank":17,"PrismaticShard":31,"Replay:Rubber Ducky":87,"Chameleon Ring":24,"ReplayTheSpireMod:Shallot":87,"Mummified Hand":70,"Bronze Scales":11,"Bird Faced Urn":31,"Replay:Bronze Core":78,"Simple Rune":70,"Red Mask":49,"Bag of Marbles":66,"ReplayTheSpireMod:Lightbulb":101,"aspiration:HatOfInfinitePower":111,"TungstenRod":66}],"TungstenRod":18},"card_choices":[{"not_picked":["luka_mod:BladeOfSolidEarth","luka_mod:EarthSlash"],"picked":"luka_mod:EarthRumblingDecapitation","floor":1},{"not_picked":["luka_mod:HeroicStrike","luka_mod:Feel"],"picked":"luka_mod:Request","floor":2},{"not_picked":["luka_mod:BladeOfRagingFire","luka_mod:DemonDecapitation","luka_mod:Intense"],"picked":"SKIP","floor":3},{"not_picked":["luka_mod:ThunderThrust","luka_mod:SealingStrike"],"picked":"luka_mod:Undine","floor":6},{"not_picked":["luka_mod:ThunderThrust","luka_mod:UnusedPoison"],"picked":"luka_mod:Overexert","floor":8},{"not_picked":["luka_mod:BladeOfHowlingWind","luka_mod:StressRelief"],"picked":"luka_mod:AngryLuka","floor":10},{"not_picked":["luka_mod:VaporizingRebellionSword","luka_mod:HeroicStrike","luka_mod:Intense"],"picked":"SKIP","floor":13},{"not_picked":["Replay:LoomingThreat","Unload"],"picked":"Machine Learning","floor":16},{"not_picked":["FlyingSleeves","luka_mod:HeroicStrike"],"picked":"luka_mod:AngryLuka","floor":18},{"not_picked":["Cleave+1","Replay:BluntJabs"],"picked":"Defy Death","floor":19},{"not_picked":["Slice+1","luka_mod:FireSlash"],"picked":"Leap","floor":20},{"not_picked":["Ball Lightning","Acrobatics"],"picked":"BootSequence","floor":21},{"not_picked":["Brutality","theMarked:AttractMetal+1"],"picked":"luka_mod:StrikeLuka","floor":22},{"not_picked":["Blur","ReplayReversal"],"picked":"theMarked:DispelDoubt","floor":24},{"not_picked":["maniac:Exterminator","theMarked:BanishingStrike"],"picked":"maniac:UndyingDesire+1","floor":27},{"not_picked":["maniac:Deal","Fiend Fire"],"picked":"theMarked:MuscleMemory","floor":33},{"not_picked":["Good Instincts","Protect+1"],"picked":"Aggregate+1","floor":35},{"not_picked":["theMarked:Frustration","luka_mod:EarthRumblingDecapitation+1"],"picked":"Replay:DivineShield+1","floor":37},{"not_picked":["theMarked:ElementalBlade","Leap+1","Hidden Blade+1"],"picked":"SKIP","floor":39},{"not_picked":["theMarked:HeritageOfTheMarked+1","maniac:UntravelledPath"],"picked":"Adrenaline","floor":40},{"not_picked":["maniac:PanickyParry+1","maniac:MeleeStrike","CutThroughFate+1"],"picked":"SKIP","floor":42},{"not_picked":["maniac:UndyingDesire+1","Headbutt+1","Feed"],"picked":"SKIP","floor":46},{"not_picked":["Panic Button+1","luka_mod:Calm"],"picked":"Limit Break","floor":47},{"not_picked":["Steam Power","ReplayTheSpireMod:Reroute Power+1"],"picked":"ReplaySolidLightProjector","floor":48}],"player_experience":268902,"relics_obtained":[{"floor":6,"key":"Bronze Scales"},{"floor":9,"key":"MawBank"},{"floor":10,"key":"Chameleon Ring"},{"floor":13,"key":"Bird Faced Urn"},{"floor":20,"key":"Red Mask"},{"floor":24,"key":"TungstenRod"},{"floor":26,"key":"Bag of Marbles"},{"floor":27,"key":"Mummified Hand"},{"floor":40,"key":"aspiration:FetidBarrel"},{"floor":41,"key":"Pear"},{"floor":42,"key":"ReplayTheSpireMod:Lightbulb"},{"floor":47,"key":"aspiration:HatOfInfinitePower"}],"event_choices":[{"damage_healed":0,"gold_gain":1,"player_choice":"Relic ","damage_taken":12,"max_hp_gain":0,"max_hp_loss":0,"event_name":"betterThird:BetterScrap","floor":4,"gold_loss":0,"cards_obtained":["Die Die Die"]},{"damage_healed":0,"gold_gain":0,"player_choice":"Take Wound","damage_taken":0,"relics_obtained":["Golden Idol"],"max_hp_gain":0,"max_hp_loss":0,"event_name":"Golden Idol","floor":12,"gold_loss":0,"cards_obtained":["Injury"]},{"damage_healed":0,"gold_gain":0,"player_choice":"Fought Bandits","damage_taken":0,"max_hp_gain":0,"max_hp_loss":0,"event_name":"Masked Bandits","floor":20,"gold_loss":0},{"damage_healed":0,"gold_gain":99,"player_choice":"Steal","damage_taken":0,"max_hp_gain":0,"max_hp_loss":0,"event_name":"betterThird:BetterNest","floor":29,"gold_loss":0},{"damage_healed":0,"gold_gain":333,"player_choice":"Gave Idol","damage_taken":0,"max_hp_gain":0,"max_hp_loss":0,"event_name":"The Moai Head","floor":36,"relics_lost":["Golden Idol"],"gold_loss":0},{"damage_healed":0,"gold_gain":0,"player_choice":"UP UP ","damage_taken":19,"relics_obtained":[],"max_hp_gain":0,"max_hp_loss":0,"event_name":"betterSkull:BetterSkull","floor":44,"gold_loss":0,"cards_upgraded":["luka_mod:StrikeLukaFour","luka_mod:StrikeLukaSix"]}],"is_beta":false,"boss_relics":[{"not_picked":["Runic Dome","Snecko Heart"],"picked":"aspiration:SecretTechniqueScroll"},{"not_picked":["aspiration:FutureDiary","SlaversCollar"],"picked":"Replay:Bronze Core"}],"items_purged_floors":[5,31,38],"is_endless":false,"potions_floor_spawned":[1,8,10,13,16,21,27,33,35,40,42,47,48],"ascension_level":0}}