{"host":"l97fnvmr74b5xfzs","time":1610659562,"event":{"mods":["AchievementEnabler","BaseMod","Better Third Choice","Downfall","Evolution","Minty Spire (QoL Compilation)","Relic Stats","StSLib"],"gold_per_floor":[99,99,99,99,99,129,129,129,129,139,159,159,0,33,46,46,46],"floor_reached":16,"language":"ENG","playtime":1052,"items_purged":[],"score":106,"play_id":"bd706569-3035-4077-b178-20fd4977b0ad","local_time":"20210114162602","is_ascension_mode":false,"campfire_choices":[{"floor":1,"key":"RECALL"},{"data":"sneckomod:UnlimitedRolls","floor":8,"key":"SMITH"},{"data":"sneckomod:SerpentIdol","floor":12,"key":"SMITH"}],"circlet_count":0,"master_deck":["sneckomod:Strike","sneckomod:Strike","sneckomod:Defend+1","sneckomod:Defend+1","sneckomod:Defend+1","sneckomod:TailWhip","sneckomod:SnekBite","sneckomod:Unknown","sneckomod:Unknown","sneckomod:DiceBlock","sneckomod:SoulDraw","Regret","sneckomod:UnlimitedRolls+1","sneckomod:UnknownCommonAttack","sneckomod:SerpentIdol+1","sneckomod:UnknownBlock","sneckomod:UnknownClassGUARDIAN","sneckomod:QuickBite","sneckomod:DiceCrush"],"relics":["sneckomod:SneckoSoul","EVO:Axolotl","downfall:HeartsMalice","Mercury Hourglass","MealTicket","Darkstone Periapt"],"acts_visited":["Exordium"],"potions_floor_usage":[15,16],"damage_taken":[{"damage":0,"enemies":"Cultist","floor":2,"turns":1},{"damage":0,"enemies":"2 Louse","floor":3,"turns":1},{"damage":0,"enemies":"Small Slimes","floor":5,"turns":1},{"damage":18,"enemies":"3 Sentries","floor":6,"turns":8},{"damage":9,"enemies":"2 Fungi Beasts","floor":10,"turns":3},{"damage":7,"enemies":"Large Slime","floor":11,"turns":4},{"damage":6,"enemies":"downfall:FleeingMerchant","floor":13,"turns":4},{"damage":32,"enemies":"Gremlin Nob","floor":14,"turns":5},{"damage":13,"enemies":"Exordium Wildlife","floor":15,"turns":4},{"damage":29,"enemies":"downfall:Silent","floor":16,"turns":4}],"seed_played":"63525142725261709","potions_obtained":[{"floor":11,"key":"Regen Potion"},{"floor":14,"key":"sneckomod:DiceRollPotion"},{"floor":15,"key":"sneckomod:OffclassReductionPotion"}],"is_trial":false,"path_per_floor":["R","M","M","?","M","E","T","R","?","M","M","R","$","E","M","B"],"character_chosen":"THE_SNECKO","items_purchased":["MealTicket"],"campfire_rested":0,"item_purchase_floors":[13],"current_hp_per_floor":[90,90,90,90,90,73,73,73,73,64,62,62,57,25,24,0,0],"gold":46,"neow_bonus":"THREE_ENEMY_KILL","is_daily":false,"chose_seed":false,"campfire_upgraded":2,"win_rate":0.0,"timestamp":1610659562,"path_taken":["R","M","M","?","M","E","T","R","?","?","M","R","?","E","M","BOSS"],"items_purchased_type":["Relic"],"build_version":"2020-12-22","purchased_purges":0,"victory":false,"max_hp_per_floor":[90,90,90,90,90,91,91,91,91,91,92,92,93,93,93,93,93],"relic_stats":{"Darkstone Periapt":0,"counters":[10,32],"MealTicket":0,"obtain_stats":[{"Darkstone Periapt":14,"downfall:HeartsMalice":0,"MealTicket":13,"EVO:Axolotl":0,"sneckomod:SneckoSoul":0,"Mercury Hourglass":6},{"Darkstone Periapt":8,"downfall:HeartsMalice":0,"MealTicket":7,"EVO:Axolotl":0,"sneckomod:SneckoSoul":0,"Mercury Hourglass":4},{"Darkstone Periapt":24,"downfall:HeartsMalice":0,"MealTicket":19,"EVO:Axolotl":0,"sneckomod:SneckoSoul":0,"Mercury Hourglass":8}],"Mercury Hourglass":[66]},"card_choices":[{"not_picked":["sneckomod:SoulCleanse","sneckomod:UnknownVulnerable"],"picked":"sneckomod:DiceBlock","floor":2},{"not_picked":["sneckomod:UnknownCommonAttack","sneckomod:DiceBlock"],"picked":"sneckomod:SoulDraw","floor":3},{"not_picked":["sneckomod:QuickBite","sneckomod:Unknown0Cost"],"picked":"sneckomod:UnlimitedRolls","floor":5},{"not_picked":["sneckomod:Nope","sneckomod:UnknownWeak"],"picked":"sneckomod:UnknownCommonAttack","floor":6},{"not_picked":["sneckomod:UnknownWeak","sneckomod:SlitherStrike"],"picked":"sneckomod:SerpentIdol","floor":10},{"not_picked":["sneckomod:SoulRoll","sneckomod:Nope"],"picked":"sneckomod:UnknownBlock","floor":11},{"not_picked":["sneckomod:SnakeSap","sneckomod:UnknownCommonAttack"],"picked":"sneckomod:UnknownClassGUARDIAN","floor":13},{"not_picked":["sneckomod:SoulExchange","sneckomod:QuickMove"],"picked":"sneckomod:QuickBite","floor":14},{"not_picked":["sneckomod:UnknownCommonSkill","sneckomod:UnknownCommonAttack"],"picked":"sneckomod:DiceCrush","floor":15}],"player_experience":308848,"relics_obtained":[{"floor":6,"key":"Mercury Hourglass"},{"floor":14,"key":"Darkstone Periapt"}],"event_choices":[{"cards_removed":["sneckomod:Strike"],"damage_healed":0,"gold_gain":0,"player_choice":"Purged","damage_taken":0,"max_hp_gain":0,"max_hp_loss":0,"event_name":"Purifier","floor":9,"gold_loss":0}],"is_beta":false,"boss_relics":[],"items_purged_floors":[],"is_endless":false,"potions_floor_spawned":[11,14,15],"killed_by":"downfall:Silent","ascension_level":0}}