{"host":"Qube","time":1610592378,"event":{"mods":["AchievementEnabler","BaseMod","Colored Map","Colored Powertips","Minty Spire (QoL Compilation)","Quick Restart","Random Character Button","StSLib"],"gold_per_floor":[114,129,140,150,162,191,191,205,205,205,170,170,186,214,214,214,214],"floor_reached":16,"language":"ENG","playtime":691,"items_purged":[],"score":228,"play_id":"77fc83da-e303-407f-8398-a98527436c6a","local_time":"20210113184618","is_ascension_mode":true,"campfire_choices":[{"floor":7.0,"key":"REST"},{"data":"Infinite Blades","floor":10,"key":"SMITH"},{"data":"Choke","floor":12,"key":"SMITH"},{"data":"Storm of Steel","floor":15,"key":"SMITH"}],"circlet_count":0,"master_deck":["AscendersBane","Strike_G","Strike_G","Strike_G","Strike_G+1","Strike_G+1","Defend_G","Defend_G","Defend_G","Survivor","Neutralize","Die Die Die","Storm of Steel+1","Expertise","Dodge and Roll","Infinite Blades+1","Choke+1","Predator","Slice","After Image","Backflip"],"relics":["Ring of the Snake","Bottled Lightning","PreservedInsect","Whetstone"],"acts_visited":["Exordium"],"potions_floor_usage":[14,16],"damage_taken":[{"damage":0.0,"enemies":"Small Slimes","floor":1.0,"turns":1.0},{"damage":0.0,"enemies":"Jaw Worm","floor":2.0,"turns":3.0},{"damage":1.0,"enemies":"2 Louse","floor":3.0,"turns":3.0},{"damage":2.0,"enemies":"Exordium Wildlife","floor":4.0,"turns":3.0},{"damage":0.0,"enemies":"Lots of Slimes","floor":5.0,"turns":1.0},{"damage":22.0,"enemies":"Lagavulin","floor":6.0,"turns":6.0},{"damage":10,"enemies":"3 Louse","floor":8,"turns":3},{"damage":1,"enemies":"Blue Slaver","floor":13,"turns":5},{"damage":2,"enemies":"3 Sentries","floor":14,"turns":4},{"damage":43,"enemies":"Slime Boss","floor":16,"turns":8}],"seed_played":"-2825736510704649032","potions_obtained":[{"floor":3.0,"key":"Fruit Juice"},{"floor":5.0,"key":"Poison Potion"},{"floor":13,"key":"ColorlessPotion"},{"floor":14,"key":"Dexterity Potion"}],"is_trial":false,"path_per_floor":["M","M","M","M","M","E","R","M","T","R","?","R","M","E","R","B"],"character_chosen":"THE_SILENT","items_purchased":[],"campfire_rested":1,"item_purchase_floors":[],"current_hp_per_floor":[44,44,43,41,41,19,38,28,28,28,44,44,43,41,41,0,0],"gold":214,"neow_bonus":"TRANSFORM_TWO_CARDS","is_daily":false,"chose_seed":false,"campfire_upgraded":3,"win_rate":0.0,"timestamp":1610592378,"path_taken":["M","M","M","M","M","E","R","M","T","R","?","R","M","E","R","BOSS"],"items_purchased_type":[],"build_version":"2020-12-18","purchased_purges":0,"victory":false,"max_hp_per_floor":[66,66,66,66,66,66,66,66,66,66,66,66,66,66,66,66,66],"card_choices":[{"not_picked":["Outmaneuver","Crippling Poison"],"picked":"Expertise","floor":1.0},{"not_picked":["Calculated Gamble","Bane"],"picked":"Dodge and Roll","floor":2.0},{"not_picked":["Cloak And Dagger","Bane"],"picked":"Infinite Blades","floor":3.0},{"not_picked":["Reflex","All Out Attack","Expertise"],"picked":"SKIP","floor":4.0},{"not_picked":["Outmaneuver","Quick Slash"],"picked":"Choke","floor":5.0},{"not_picked":["Quick Slash","Calculated Gamble"],"picked":"Predator","floor":6.0},{"not_picked":["Bane","Escape Plan"],"picked":"Slice","floor":8},{"not_picked":["Dodge and Roll","Deadly Poison"],"picked":"After Image","floor":13},{"not_picked":["Heel Hook","Concentrate"],"picked":"Backflip","floor":14}],"player_experience":895441,"relics_obtained":[{"floor":6.0,"key":"Bottled Lightning"},{"floor":9,"key":"PreservedInsect"},{"floor":14,"key":"Whetstone"}],"event_choices":[{"damage_healed":16,"gold_gain":0,"player_choice":"Healed","damage_taken":0,"max_hp_gain":0,"max_hp_loss":0,"event_name":"The Cleric","floor":11,"gold_loss":35}],"is_beta":true,"boss_relics":[],"items_purged_floors":[],"is_endless":false,"potions_floor_spawned":[3,5,13,14],"killed_by":"Slime Boss","ascension_level":20}}