{"host":"hbmugw1tcdgjy91l","time":1610601029,"event":{"mods":["Act Like it!","Arknights The Spire","BaseMod","Chen","Downfall","Gensokyo","Gremlin Mod","GungeonMod","Lobotomy","LobotomyExtend","Mari Mod (Legacy)","Mari\u0027s V1 Patch","Minty Spire (QoL Compilation)","Pale of the Ancients","Prisma Mod","READ ME - Guardian Mod","Replay The Spire","StSLib","Td1madao Mod","TestMod","The Animator","The Bug Knight","The Mystic","WarShipGirlsR/战舰少女R mod","vexMod","【功能Mod】混沌之环修复补丁"],"gold_per_floor":[114,114,114,124,143,143,170,170,222,240,120,120,130,160,160,463,463,463,463],"floor_reached":18,"language":"ZHS","playtime":1383,"items_purged":[],"score":160,"play_id":"1e8d9c95-24ef-40ec-a055-957abadab470","local_time":"20210114131029","is_ascension_mode":false,"campfire_choices":[{"data":"DemoMod:ConditionalReflex","floor":6,"key":"SMITH"},{"data":"DemoMod:ManualReload","floor":8,"key":"SMITH"},{"floor":12,"key":"REST"}],"circlet_count":0,"master_deck":["DemoMod:Strike_Huntress","DemoMod:Strike_Huntress","DemoMod:Strike_Huntress","DemoMod:Defend_Huntress","DemoMod:Defend_Huntress","DemoMod:Defend_Huntress","DemoMod:Defend_Huntress","DemoMod:ManualReload+1","DemoMod:RustySidearm","DemoMod:CrossBow","LaLuna","DemoMod:ConditionalReflex+1","DemoMod:PracticeMakesPerfect","DemoMod:DirectionalPad","DemoMod:AC15","DemoMod:PotionOfGunFriendShip+1","DemoMod:HardPowerCard","DemoMod:Slinger"],"relics":["DemoMod:Dog","testmod-TestBox","CogitoBucket","LetterFromLob","Strawberry","Gensokyo:Justice","testmod-TurbochargingSystem","Replay:Wax Seal","DemoMod:LamentConfigurum","DemoMod:PinkGuonStone","DemoMod:ElasticCartridgeClip","Girya"],"acts_visited":["Gensokyo:Gensokyo","TheCity"],"potions_floor_usage":[16,16],"damage_taken":[{"damage":0,"enemies":"Gensokyo:2_Kodama","floor":1,"turns":7},{"damage":9,"enemies":"Gensokyo:Gryphon","floor":4,"turns":3},{"damage":1,"enemies":"Gensokyo:Python","floor":5,"turns":3},{"damage":15,"enemies":"Gensokyo:Aya","floor":7,"turns":8},{"damage":13,"enemies":"Gensokyo:3_Kodama","floor":10,"turns":5},{"damage":31,"enemies":"Gensokyo:Kitsune","floor":13,"turns":5},{"damage":0,"enemies":"Gensokyo:CorruptedTreant","floor":14,"turns":5},{"damage":26,"enemies":"Gensokyo:Yukari","floor":16,"turns":9},{"damage":113,"enemies":"Spheric Guardian","floor":18,"turns":5}],"seed_played":"-5888200642033996287","potions_obtained":[{"floor":5,"key":"Block Potion"},{"floor":7,"key":"FearPotion"},{"floor":16,"key":"Ancient Potion"}],"is_trial":false,"path_per_floor":["M","?","?","M","M","R","E","R","T","M","COS","R","M","?","R","B",null,"M"],"character_chosen":"HUNTRESS","items_purchased":[],"campfire_rested":1,"item_purchase_floors":[],"current_hp_per_floor":[70,67,67,58,57,57,42,42,42,29,29,52,21,21,44,25,84,0,0],"gold":463,"neow_bonus":"","is_daily":false,"chose_seed":false,"campfire_upgraded":2,"win_rate":0.0,"timestamp":1610601029,"path_taken":["M","?","?","?","M","R","E","R","T","M","COS","R","M","?","R","BOSS","M"],"items_purchased_type":[],"build_version":"2020-12-22","purchased_purges":0,"victory":false,"max_hp_per_floor":[70,77,77,77,77,77,77,77,77,77,77,77,77,77,77,84,84,84,84],"card_choices":[{"not_picked":["FairyFestival","ShyLook"],"picked":"LaLuna","floor":1},{"not_picked":["DemoMod:BattleInHaste","DemoMod:SniperShot"],"picked":"DemoMod:ConditionalReflex","floor":1},{"not_picked":["DemoMod:BattleInHaste","DemoMod:FastSwitch"],"picked":"DemoMod:PracticeMakesPerfect","floor":4},{"not_picked":["DemoMod:StickyCrossBow","DemoMod:AC15"],"picked":"DemoMod:DirectionalPad","floor":5},{"not_picked":["DemoMod:HuntsMan","DemoMod:FastSwitch"],"picked":"DemoMod:AC15","floor":7},{"not_picked":["DemoMod:BlackHoleGun","DemoMod:GunstockTap","DemoMod:StickyCrossBow"],"picked":"SKIP","floor":10},{"not_picked":["DemoMod:JK47","DemoMod:HuntsMan"],"picked":"DemoMod:PotionOfGunFriendShip","floor":13},{"not_picked":["DemoMod:BoxingGlove","DemoMod:FeignSurrender"],"picked":"DemoMod:HardPowerCard","floor":14},{"not_picked":["DemoMod:BlackHoleGun","DemoMod:SuppressiveFire"],"picked":"DemoMod:Slinger","floor":16}],"player_experience":440264,"relics_obtained":[{"floor":1,"key":"LetterFromLob"},{"floor":7,"key":"testmod-TurbochargingSystem"},{"floor":9,"key":"Replay:Wax Seal"},{"floor":14,"key":"DemoMod:LamentConfigurum"},{"floor":16,"key":"DemoMod:PinkGuonStone"}],"event_choices":[],"is_beta":false,"boss_relics":[{"not_picked":["Tiny House","Replay:Bronze Core"],"picked":"DemoMod:ElasticCartridgeClip"}],"items_purged_floors":[],"is_endless":false,"potions_floor_spawned":[5,7,16],"killed_by":"Spheric Guardian","ascension_level":0}}