{"host":"zjc1tzo4ovig5lll","time":1610638674,"event":{"mods":["AchievementEnabler","Aspiration","BaseMod","Beaked The Cultist","Better Altar","Better Match","Better Note","Better Sensory Stone","Colored Map","Colored Powertips","Conspire","Energized Spire","Friendly Minions","GifTheSpireLib","Halation","Hermit","Hubris","Minty Spire (QoL Compilation)","Rare Cards Sparkle","Replay The Spire","StSLib","The Blue Laboratory","The Bug Knight","The Construct","The Jungle","everything is the same but u backflip on backflip","vexMod"],"gold_per_floor":[118,129,129,129,142,142,153,153,176,203,218,218,247,259,259,357,357,376,54,64,64,78,78,78,95,122,122,62,62,62,75,75,179,179,198,198,116,116,41,41,41,41,68,85,85,111,111,145,145,145,145,145,93,123,123],"floor_reached":56,"language":"ENG","playtime":2958,"items_purged":[],"score":1355,"play_id":"94295e50-57ae-4395-8ae9-063fd9fc8d80","local_time":"20210114173754","is_ascension_mode":true,"campfire_choices":[{"data":"Glass Knife","floor":6.0,"key":"SMITH"},{"data":"Rage","floor":15.0,"key":"SMITH"},{"data":"Magnetism","floor":23.0,"key":"SMITH"},{"floor":27.0,"key":"RECALL"},{"data":"Immolate","floor":30.0,"key":"SMITH"},{"data":"Armaments","floor":32.0,"key":"SMITH"},{"data":"Metallicize","floor":40.0,"key":"SMITH"},{"data":"Mirror Shield","floor":45.0,"key":"SMITH"},{"data":"Carnage","floor":47.0,"key":"SMITH"},{"data":"Flechettes","floor":49.0,"key":"SMITH"},{"data":"Pot Of Greed","floor":52.0,"key":"SMITH"}],"circlet_count":0,"master_deck":["Strike_R","Strike_R","Defend_R","Defend_R","Defend_R","Defend_R","Metallicize","Sucker Punch","Flechettes+1","Glass Knife+1","Carnage+1","Battle Trance","Immolate+1","Warcry+1","Self Repair+1","Rage+1","Impervious","Inflame","Pot Of Greed","Pot Of Greed","Magnetism+1","Power Through+1","Trip","Warcry+1","Shrug It Off+1","Pot Of Greed+1","FTL+1","Armaments+1","Mirror Shield+1","Metallicize+1","Replay:Bootleg Shield Generator+1","hubris:ReadiedAction+1"],"relics":["halation:PinkSoulGem","Toy Ornithopter","Iron Core","vexMod:ScavengeHelm","energizedSpire:SpiderWeb","Grinning Jar","hubris:TenFootPole","conspire:RunicOctahedron","halation:EternalFortune","halation:PapillonHeart","Blue Doll","Dream Catcher","Pear","halation:TwoAmDonut"],"acts_visited":["Exordium","TheCity","TheBeyond","TheEnding"],"potions_floor_usage":[55,55,55,55,55,55,55,55,55],"damage_taken":[{"damage":5.0,"enemies":"Small Slimes","floor":1.0,"turns":4.0},{"damage":9.0,"enemies":"2 Louse","floor":2.0,"turns":4.0},{"damage":2.0,"enemies":"Jaw Worm","floor":5.0,"turns":4.0},{"damage":23.0,"enemies":"Lots of Slimes","floor":7.0,"turns":6.0},{"damage":0.0,"enemies":"3 Louse","floor":11.0,"turns":1.0},{"damage":47.0,"enemies":"Lagavulin","floor":13.0,"turns":7.0},{"damage":6.0,"enemies":"Red Slaver","floor":14.0,"turns":2.0},{"damage":47.0,"enemies":"Hexaghost","floor":16.0,"turns":13.0},{"damage":3.0,"enemies":"conspire:FuzzyDice","floor":18.0,"turns":7.0},{"damage":9.0,"enemies":"Spheric Guardian","floor":20.0,"turns":4.0},{"damage":34.0,"enemies":"Centurion and Healer","floor":22.0,"turns":6.0},{"damage":0.0,"enemies":"3 Cultists","floor":25.0,"turns":1.0},{"damage":1.0,"enemies":"Chosen and Byrds","floor":31.0,"turns":6.0},{"damage":47.0,"enemies":"conspire:MysteriousRune","floor":33.0,"turns":12.0},{"damage":14.0,"enemies":"3 Darklings","floor":35.0,"turns":5.0},{"damage":0.0,"enemies":"Orb Walker","floor":44.0,"turns":3.0},{"damage":0.0,"enemies":"beaked:SuperParasite","floor":48.0,"turns":5.0},{"damage":51.0,"enemies":"hubris:GrandSnecko","floor":50.0,"turns":13.0},{"damage":74,"enemies":"Shield and Spear","floor":54,"turns":10},{"damage":49,"enemies":"The Heart","floor":55,"turns":10}],"seed_played":"-5636604059208855632","potions_obtained":[{"floor":7.0,"key":"Block Potion"},{"floor":13.0,"key":"blueLaboratory:FrostheartPotion"},{"floor":33.0,"key":"Regen Potion"},{"floor":48.0,"key":"Doom Potion"}],"is_trial":false,"path_per_floor":["M","M","?","?","M","R","M","?","T","T","M","?","E","M","R","B",null,"M","$","M","?","M","R","?","M","T","R","$","?","R","M","R","B",null,"M","?","$","?","?","R","$","?","T","M","R","T","R","E","R","B",null,"R","$","E","B",null],"character_chosen":"IRONCLAD","items_purchased":["Grinning Jar","Magnetism","FTL+1","Metallicize","PowerPotion"],"campfire_rested":0,"item_purchase_floors":[19,19,28,37,53],"current_hp_per_floor":[88,85,85,85,88,88,71,71,71,71,77,77,45,49,49,17,88,88,88,88,76,42,42,42,42,42,42,42,42,42,51,51,14,88,84,87,87,87,87,87,87,86,86,86,86,86,86,96,96,55,96,96,96,32,58],"gold":123,"neow_bonus":"TEN_PERCENT_HP_BONUS","is_daily":false,"chose_seed":false,"campfire_upgraded":10,"win_rate":0.0,"timestamp":1610638674,"path_taken":["M","M","?","?","M","R","M","?","T","?","M","?","E","M","R","BOSS","M","$","M","?","?","R","?","?","T","R","$","?","R","?","R","BOSS","M","?","$","?","?","R","$","?","T","M","R","?","R","E","R","BOSS","R","$","E","BOSS"],"items_purchased_type":["Relic","Card","Card","Card","Potion"],"build_version":"2020-12-22","purchased_purges":0,"victory":true,"max_hp_per_floor":[88,88,88,88,88,88,88,88,88,88,88,88,88,88,88,88,88,88,88,88,88,88,88,88,88,88,88,88,88,88,88,88,88,88,88,91,91,91,91,91,91,86,86,86,86,86,86,96,96,96,96,96,96,96,96],"card_choices":[{"not_picked":["Armaments","Entrench"],"picked":"Metallicize","floor":1.0},{"not_picked":["Infernal Blade","Rupture","ReplayTheSpireMod:Strike From Hell"],"picked":"SKIP","floor":2.0},{"not_picked":["Iron Wave","Rage"],"picked":"Carnage","floor":5.0},{"not_picked":["Intimidate","Abandon"],"picked":"Battle Trance","floor":7.0},{"not_picked":["Perfected Strike","Sword Boomerang"],"picked":"Warcry","floor":11.0},{"not_picked":["Intimidate","Twin Strike"],"picked":"Rage","floor":13.0},{"not_picked":["Sever Soul","Sentinel","Seeing Red"],"picked":"SKIP","floor":14.0},{"not_picked":["Firewall","Demonic Infusion"],"picked":"Impervious","floor":16.0},{"not_picked":["Run Through+1","Body Slam+1"],"picked":"Inflame","floor":18.0},{"not_picked":["hubris:ReadiedAction","Infernal Blade"],"picked":"Power Through+1","floor":20.0},{"not_picked":["ReplayTheSpireMod:Strike From Hell","Pommel Strike"],"picked":"Warcry+1","floor":22.0},{"not_picked":["Gash","Run Through"],"picked":"Shrug It Off+1","floor":25.0},{"not_picked":["ReplayTheSpireMod:Corrosion Curse","Beam Cell"],"picked":"Armaments","floor":31.0},{"not_picked":["Corruption","Demon Form"],"picked":"Mirror Shield","floor":33.0},{"not_picked":["ReplayTheSpireMod:Corrosion Curse","Perfected Strike+1","Blood for Blood"],"picked":"SKIP","floor":35.0},{"not_picked":["ReplayTheSpireMod:Corrosion Curse","Perfected Strike+1","Blood for Blood"],"picked":"SKIP","floor":35.0},{"not_picked":["Forethought+1","Dramatic Entrance+1"],"picked":"Replay:Bootleg Shield Generator+1","floor":39.0},{"not_picked":["Thunderclap+1","Run Through+1","Rupture+1"],"picked":"SKIP","floor":44.0},{"not_picked":["Firewall","Armaments+1"],"picked":"hubris:ReadiedAction+1","floor":48.0},{"not_picked":["Hologram+1","Wild Strike+1","Capacitor+1"],"picked":"SKIP","floor":54}],"player_experience":658286,"relics_obtained":[{"floor":10.0,"key":"Toy Ornithopter"},{"floor":13.0,"key":"vexMod:ScavengeHelm"},{"floor":26.0,"key":"hubris:TenFootPole"},{"floor":43.0,"key":"Blue Doll"},{"floor":46.0,"key":"Dream Catcher"},{"floor":48.0,"key":"Pear"},{"floor":54,"key":"halation:TwoAmDonut"}],"event_choices":[{"damage_healed":0.0,"max_hp_gain":0.0,"max_hp_loss":0.0,"gold_gain":0.0,"event_name":"Knowing Skull","player_choice":"CARD ","floor":21.0,"potions_obtained":[],"gold_loss":0.0,"damage_taken":12.0,"cards_obtained":["Trip"]},{"damage_healed":0.0,"max_hp_gain":0.0,"max_hp_loss":0.0,"gold_gain":0.0,"event_name":"Upgrade Shrine","player_choice":"Upgraded","floor":24.0,"gold_loss":0.0,"damage_taken":0.0,"cards_upgraded":["Warcry"]},{"cards_removed":["Strike_R"],"damage_healed":0.0,"max_hp_gain":0.0,"max_hp_loss":0.0,"gold_gain":0.0,"event_name":"Purifier","player_choice":"Purged","floor":29.0,"gold_loss":0.0,"damage_taken":0.0},{"damage_healed":0.0,"max_hp_gain":0.0,"max_hp_loss":0.0,"gold_gain":0.0,"event_name":"Mysterious Sphere","player_choice":"Ignored","floor":38.0,"gold_loss":0.0,"damage_taken":0.0},{"damage_healed":0.0,"max_hp_gain":0.0,"max_hp_loss":0.0,"gold_gain":0.0,"event_name":"betterMatch:BetterMatch","player_choice":"2","floor":39.0,"gold_loss":0.0,"damage_taken":0.0,"cards_obtained":["betterMatch:ColorlessUncommonCard"]}],"is_beta":false,"boss_relics":[{"not_picked":["vexMod:FluxCapacitor","vexMod:TanglingVine"],"picked":"energizedSpire:SpiderWeb"},{"not_picked":["halation:PinkAlligatorPlush","hubris:HollowSoul"],"picked":"conspire:RunicOctahedron"}],"items_purged_floors":[],"is_endless":false,"potions_floor_spawned":[5,7,11,13,14,16,18,31,33,35,48],"ascension_level":3}}