{"host":"og6lam4kt3nibbw0","time":1610649442,"event":{"mods":["AchievementEnabler","BaseMod","Colored Map","DeckTracker","Highlight Path","Keyboard Shortcuts","Minty Spire (QoL Compilation)","Permanent Neow","Quick Restart","StSLib","SuperFastMode"],"gold_per_floor":[112,130,130,142,58,58,70,70,95,95,9,36,36,63,63,63,63],"floor_reached":16,"language":"KOR","playtime":943,"items_purged":[],"score":216,"play_id":"084df8ab-a2e3-49d3-b26a-2dbdd07c94d9","local_time":"20210115033722","is_ascension_mode":true,"campfire_choices":[{"data":"Eruption","floor":6.0,"key":"SMITH"},{"data":"MentalFortress","floor":8.0,"key":"SMITH"},{"data":"FlurryOfBlows","floor":10.0,"key":"SMITH"},{"data":"Adaptation","floor":13.0,"key":"SMITH"},{"floor":15.0,"key":"REST"}],"circlet_count":0,"master_deck":["AscendersBane","Strike_P","Strike_P","Strike_P","Strike_P","Defend_P","Defend_P","Defend_P","Defend_P","Eruption+1","Vigilance","MentalFortress+1","Crescendo","InnerPeace","FlurryOfBlows+1","Adaptation+1","TalkToTheHand"],"relics":["PureWater","Strawberry","Orichalcum","Smiling Mask","Pen Nib"],"acts_visited":["Exordium"],"potions_floor_usage":[16],"damage_taken":[{"damage":7.0,"enemies":"2 Louse","floor":1.0,"turns":4.0},{"damage":9.0,"enemies":"Cultist","floor":2.0,"turns":6.0},{"damage":2.0,"enemies":"Jaw Worm","floor":4.0,"turns":5.0},{"damage":4.0,"enemies":"Looter","floor":7.0,"turns":4.0},{"damage":3.0,"enemies":"Lagavulin","floor":12.0,"turns":6.0},{"damage":23.0,"enemies":"3 Sentries","floor":14.0,"turns":11.0},{"damage":47,"enemies":"Slime Boss","floor":16,"turns":6}],"seed_played":"1675426716081045889","potions_obtained":[{"floor":2.0,"key":"BlessingOfTheForge"},{"floor":7.0,"key":"ColorlessPotion"}],"is_trial":false,"path_per_floor":["M","M","?","M","$","R","M","R","T","R","$","E","R","E","R","B"],"character_chosen":"WATCHER","items_purchased":["InnerPeace","Adaptation"],"campfire_rested":1,"item_purchase_floors":[5,11],"current_hp_per_floor":[61,52,52,50,50,50,46,46,46,46,46,43,43,20,42,0,0],"gold":63,"neow_bonus":"RANDOM_COMMON_RELIC","is_daily":false,"chose_seed":false,"campfire_upgraded":4,"win_rate":0.0,"timestamp":1610649442,"path_taken":["M","M","?","?","$","R","M","R","T","R","?","E","R","E","R","BOSS"],"items_purchased_type":["Card","Card"],"build_version":"2020-12-22","purchased_purges":0,"victory":false,"max_hp_per_floor":[75,75,75,75,75,75,75,75,75,75,75,75,75,75,75,75,75],"card_choices":[{"not_picked":["CutThroughFate","ThirdEye"],"picked":"MentalFortress","floor":1.0},{"not_picked":["ForeignInfluence","Protect","CutThroughFate"],"picked":"SKIP","floor":2.0},{"not_picked":["WreathOfFlame","EmptyBody","Evaluate"],"picked":"SKIP","floor":4.0},{"not_picked":["FlyingSleeves","Prostrate"],"picked":"FlurryOfBlows","floor":7.0},{"not_picked":["Crescendo","CutThroughFate"],"picked":"TalkToTheHand","floor":12.0},{"not_picked":["Omniscience","Crescendo","Wallop"],"picked":"SKIP","floor":14.0}],"player_experience":914229,"relics_obtained":[{"floor":9.0,"key":"Orichalcum"},{"floor":12.0,"key":"Smiling Mask"},{"floor":14.0,"key":"Pen Nib"}],"event_choices":[{"damage_healed":0.0,"max_hp_gain":0.0,"max_hp_loss":0.0,"gold_gain":0.0,"event_name":"Match and Keep!","player_choice":"1 cards matched","floor":3.0,"gold_loss":0.0,"damage_taken":0.0,"cards_obtained":["Crescendo"]}],"is_beta":false,"boss_relics":[],"items_purged_floors":[],"is_endless":false,"potions_floor_spawned":[2,7],"killed_by":"Slime Boss","ascension_level":20}}