{"host":"sc0o2qwpf9j16a4i","time":1610654941,"event":{"mods":["AchievementEnabler","BaseMod","BetterRewards","Block Reminder","Colored Map","Colored Powertips","Custom Start","Highlight Path","Minty Spire (QoL Compilation)","Relic Stats"],"gold_per_floor":[117,117,40,60,70,70,102,102,181,196,196,211,236,251,251,330,330,309,329,329,96,109,109,109,109],"floor_reached":24,"language":"ENG","playtime":798,"items_purged":["Strike_R"],"score":416,"play_id":"61b3993a-eedc-4e5e-af37-4e04ceef8b93","local_time":"20210114220901","is_ascension_mode":true,"campfire_choices":[{"data":"Armaments","floor":6,"key":"SMITH"},{"data":"Disarm","floor":8,"key":"SMITH"},{"data":"Battle Trance","floor":11,"key":"SMITH"},{"data":"1","floor":15,"key":"LIFT"},{"data":"2","floor":23,"key":"LIFT"}],"circlet_count":0,"master_deck":["AscendersBane","Strike_R","Strike_R","Strike_R","Strike_R","Defend_R","Defend_R","Defend_R","Defend_R","Bash","Clothesline","Battle Trance+1","Rampage","Headbutt","Armaments+1","Disarm+1","Shrug It Off","Reaper","Spot Weakness"],"relics":["Burning Blood","Girya","Dream Catcher","White Beast Statue","Red Skull","Runic Pyramid","Medical Kit"],"acts_visited":["Exordium","TheCity"],"potions_floor_usage":[7,12,16,18,24],"damage_taken":[{"damage":11,"enemies":"2 Louse","floor":1,"turns":3},{"damage":1,"enemies":"Cultist","floor":4,"turns":3},{"damage":3,"enemies":"Small Slimes","floor":5,"turns":3},{"damage":10,"enemies":"Lagavulin","floor":7,"turns":7},{"damage":14,"enemies":"Looter","floor":10,"turns":4},{"damage":12,"enemies":"3 Louse","floor":12,"turns":4},{"damage":16,"enemies":"3 Sentries","floor":13,"turns":8},{"damage":14,"enemies":"Exordium Wildlife","floor":14,"turns":6},{"damage":14,"enemies":"Hexaghost","floor":16,"turns":9},{"damage":34,"enemies":"2 Thieves","floor":18,"turns":4},{"damage":4,"enemies":"Chosen","floor":19,"turns":5},{"damage":4,"enemies":"Centurion and Healer","floor":22,"turns":6},{"damage":102,"enemies":"Gremlin Leader","floor":24,"turns":7}],"seed_played":"-6477824108394415506","potions_obtained":[{"floor":4,"key":"BloodPotion"},{"floor":5,"key":"DistilledChaos"},{"floor":10,"key":"Swift Potion"},{"floor":12,"key":"Swift Potion"},{"floor":13,"key":"CultistPotion"},{"floor":16,"key":"FairyPotion"},{"floor":18,"key":"Fruit Juice"},{"floor":19,"key":"PowerPotion"}],"is_trial":false,"path_per_floor":["M","?","$","M","M","R","E","R","T","M","R","M","E","M","R","B",null,"M","M","?","$","M","R","E"],"character_chosen":"IRONCLAD","items_purchased":["Rampage","Medical Kit"],"campfire_rested":0,"item_purchase_floors":[3,21],"current_hp_per_floor":[63,63,63,68,68,68,64,64,64,56,56,50,40,32,32,37,60,55,62,62,62,69,69,0,0],"gold":109,"neow_bonus":"ONE_RARE_RELIC","is_daily":false,"chose_seed":false,"campfire_upgraded":3,"win_rate":0.0,"timestamp":1610654941,"path_taken":["M","?","$","M","M","R","E","R","T","M","R","M","E","M","R","BOSS","M","M","?","$","?","R","E"],"items_purchased_type":["Card","Relic"],"build_version":"2020-12-22","purchased_purges":1,"victory":false,"max_hp_per_floor":[68,68,68,68,68,68,68,68,68,68,68,68,68,68,68,68,68,73,73,73,73,73,73,73,73],"relic_stats":{"Dream Catcher":0,"counters":[13,69],"Medical Kit":[0],"obtain_stats":[{"Girya":0,"Dream Catcher":7,"Medical Kit":21,"Burning Blood":0,"White Beast Statue":9,"Red Skull":13,"Runic Pyramid":17},{"Girya":0,"Dream Catcher":4,"Medical Kit":11,"Burning Blood":0,"White Beast Statue":4,"Red Skull":7,"Runic Pyramid":9},{"Girya":0,"Dream Catcher":16,"Medical Kit":56,"Burning Blood":0,"White Beast Statue":16,"Red Skull":32,"Runic Pyramid":47}],"Burning Blood":69},"card_choices":[{"not_picked":["Anger","Wild Strike"],"picked":"Clothesline","floor":1},{"not_picked":["Anger","Hemokinesis"],"picked":"Headbutt","floor":4},{"not_picked":["Thunderclap","Iron Wave"],"picked":"Armaments","floor":5},{"not_picked":["Berserk","Blood for Blood"],"picked":"Disarm","floor":7},{"not_picked":["Warcry","Iron Wave","Heavy Blade"],"picked":"SKIP","floor":10},{"not_picked":["Iron Wave","Ghostly Armor"],"picked":"Shrug It Off","floor":12},{"not_picked":["Shrug It Off","Havoc","Reckless Charge"],"picked":"SKIP","floor":13},{"not_picked":["Intimidate","Reckless Charge","Flex"],"picked":"SKIP","floor":14},{"not_picked":["Berserk","Fiend Fire"],"picked":"Reaper","floor":16},{"not_picked":["Sword Boomerang+1","Clash","Power Through"],"picked":"SKIP","floor":18},{"not_picked":["Headbutt","Pommel Strike","Feel No Pain"],"picked":"SKIP","floor":19},{"not_picked":["Intimidate","Evolve"],"picked":"Spot Weakness","floor":22}],"player_experience":637093,"relics_obtained":[{"floor":7,"key":"Dream Catcher"},{"floor":9,"key":"White Beast Statue"},{"floor":13,"key":"Red Skull"}],"event_choices":[{"damage_healed":0,"gold_gain":0,"player_choice":"1 cards matched","damage_taken":0,"max_hp_gain":0,"max_hp_loss":0,"event_name":"Match and Keep!","floor":2,"gold_loss":0,"cards_obtained":["Battle Trance"]},{"damage_healed":0,"gold_gain":0,"player_choice":"Ignored","damage_taken":0,"max_hp_gain":0,"max_hp_loss":0,"event_name":"N\u0027loth","floor":20,"gold_loss":0}],"is_beta":false,"boss_relics":[{"not_picked":["Ectoplasm","Coffee Dripper"],"picked":"Runic Pyramid"}],"items_purged_floors":[21],"is_endless":false,"potions_floor_spawned":[4,5,10,12,13,14,16,18,19,22],"killed_by":"Gremlin Leader","ascension_level":20}}