{"host":"2qpilcmj89x3pncz","time":1610597294,"event":{"mods":["100% Spire Juice","2.2 Compatiblity","Act Like it!","Aspiration","BaseMod","Beaked The Cultist","BetterRewards","Colored Map","Colored Powertips","Conjunction","Conspire","Dota2Spire","Downfall","Faster Ascension Climbing","GifTheSpireLib","Grow up Mod","Halation","Hubris","Infinite Spire","Jedi Mod","Marisa????????","Mimic Mod","Minty Spire (QoL Compilation)","Pale of the Ancients","Poem Panic","Quick Restart","Shop Mod","Small Relic Pack","Spicy Shops","Spikes Relics","StSLib","Stuff the Spire","SuperFastMode","Synergy Search","The Servant 0.9.4","Wandering Minibosses","vexMod"],"gold_per_floor":[99,117,136,96,107,107,107,107,21,35,35,35,35,54,69,174,174,74,120,137,237,256,273,314,351,351,351,451,483,483,88,110,213,213,213,235,252,67,88,156,180,199,214,235,279,79,96,96,110,127,127,156,156,156,156,156],"floor_reached":57,"language":"ENG","playtime":2157,"items_purged":["bronze:Strike","bronze:Strike","bronze:Strike","bronze:Strike+1"],"score":1418,"play_id":"cccfd50d-a289-4aa8-803e-598e2c53d425","local_time":"20210114040814","is_ascension_mode":false,"campfire_choices":[{"floor":1,"key":"RECALL"},{"data":"bronze:Repulsor","floor":13,"key":"SMITH"},{"data":"bronze:Replicate","floor":18,"key":"SMITH"},{"data":"bronze:FineTuning","floor":27,"key":"SMITH"},{"data":"bronze:Verify","floor":30,"key":"SMITH"},{"data":"bronze:FineTuning","floor":35,"key":"SMITH"},{"data":"bronze:BuggyMess","floor":46,"key":"SMITH"},{"data":"bronze:SpaghettiCode","floor":54,"key":"SMITH"}],"circlet_count":0,"master_deck":["bronze:Defend+1","bronze:Defend","bronze:Defend","bronze:Defend+1","bronze:Replicate+1","bronze:Goto","bronze:Boost","bronze:ChosenStrike+1","bronze:Philosophize+1","bronze:WhirlingStrike","bronze:OilSpill+1","bronze:Repulsor+1","bronze:OilSpill+1","bronze:Optimize+1","bronze:WildBeam+1","bronze:RecursiveStrike+1","bronze:Iterate+1","bronze:GetLatest","bronze:BuggyMess+1","bronze:FineTuning+1","bronze:Invalidate","bronze:FineTuning+1","bronze:Verify+1","bronze:FineTuning+1","bronze:CutThrough+1","bronze:MaxOutput+1","bronze:FineTuning+1","bronze:CutThrough+1","bronze:RecursiveStrike+1","bronze:FineTuning+1","bronze:FineTuning+1","bronze:MaxOutput","bronze:Fortify+1","bronze:BronzeArmor","bronze:Flail+1","bronze:SpaghettiCode+1"],"relics":["wanderingMiniBosses:ThiefScarf","bronze:BronzeCore","halation:IllGainedPizza","relicPack:OneForAll","conspire:GlowingRock","Molten Egg 2","Dota2Spire:RefresherOrb","downfall:HeartBlessingRed","aspiration:FetidBarrel","infinitespire:CheckeredPen","relicPack:DSword","aspiration:HatOfInfinitePower","Dota2Spire:Satanic","vexMod:PaidLearning","halation:HeavySnake","Dota2Spire:PhaseBoots","aspiration:VileToxins","downfall:HeartBlessingGreen","downfall:HeartBlessingBlue","vexMod:PlasmaPancake"],"acts_visited":["Exordium","TheCity","TheBeyond","TheEnding"],"potions_floor_usage":[9,16,25,29],"damage_taken":[{"damage":0,"enemies":"Small Slimes","floor":2,"turns":4},{"damage":5,"enemies":"2 Louse","floor":3,"turns":4},{"damage":7,"enemies":"downfall:FleeingMerchant","floor":4,"turns":6},{"damage":28,"enemies":"Jaw Worm","floor":5,"turns":6},{"damage":17,"enemies":"downfall:FleeingMerchant","floor":9,"turns":4},{"damage":11,"enemies":"Large Slime","floor":10,"turns":5},{"damage":30,"enemies":"Lots of Slimes","floor":14,"turns":4},{"damage":21,"enemies":"Red Slaver","floor":15,"turns":4},{"damage":54,"enemies":"ArchetypeAct1Statuses","floor":16,"turns":6},{"damage":37,"enemies":"3 Byrds","floor":19,"turns":5},{"damage":40,"enemies":"Centurion and Healer","floor":20,"turns":5},{"damage":45,"enemies":"Shelled Parasite and Fungi","floor":22,"turns":4},{"damage":17,"enemies":"conspire:HollyBat","floor":23,"turns":6},{"damage":12,"enemies":"Centurion and Healer","floor":24,"turns":4},{"damage":25,"enemies":"Nightmare","floor":25,"turns":5},{"damage":30,"enemies":"conspire:SneckoGhost","floor":29,"turns":4},{"damage":17,"enemies":"downfall:FleeingMerchant","floor":31,"turns":4},{"damage":6,"enemies":"Centurion and Healer","floor":32,"turns":4},{"damage":13,"enemies":"downfall:Watcher","floor":33,"turns":4},{"damage":49,"enemies":"3 Darklings","floor":36,"turns":4},{"damage":30,"enemies":"3 Shapes","floor":37,"turns":2},{"damage":32,"enemies":"Writhing Mass","floor":39,"turns":2},{"damage":30,"enemies":"Jaw Worm Horde","floor":42,"turns":3},{"damage":0,"enemies":"Sphere and 2 Shapes","floor":43,"turns":2},{"damage":16,"enemies":"Spire Growth","floor":44,"turns":3},{"damage":63,"enemies":"Nemesis","floor":45,"turns":5},{"damage":0,"enemies":"Maw","floor":47,"turns":3},{"damage":13,"enemies":"3 Darklings","floor":49,"turns":2},{"damage":117,"enemies":"downfall:Defect","floor":50,"turns":6},{"damage":0,"enemies":"downfall:CharBossMerchant","floor":52,"turns":1},{"damage":0,"enemies":"downfall:NeowBoss","floor":55,"turns":1},{"damage":0,"enemies":"downfall:NeowBossFinal","floor":56,"turns":1}],"seed_played":"7851547541782711457","potions_obtained":[{"floor":3,"key":"DistilledChaos"},{"floor":10,"key":"Ancient Potion"},{"floor":19,"key":"jedi:holywater"},{"floor":25,"key":"Conjunction:LightningMarble"},{"floor":33,"key":"Ancient Potion"},{"floor":36,"key":"bronze:CleanCodePotion"},{"floor":39,"key":"PowerPotion"}],"is_trial":false,"path_per_floor":["R","M","M","$","M","?","T","?","$","M","?","T","R","M","M","B",null,"R","M","M","?","M","M","MIM","NM","?","R","?","E","R","$","M","B",null,"R","M","M","$","M","T","T","M","M","M","E","R","M","$","M","B",null,"E","$","R","B","B",null],"character_chosen":"THE_AUTOMATON","items_purchased":["bronze:WhirlingStrike","bronze:Repulsor","Dota2Spire:Satanic","bronze:CutThrough+1","bronze:MaxOutput","bronze:FineTuning","vexMod:PaidLearning","bronze:MaxOutput"],"campfire_rested":0,"item_purchase_floors":[4,9,31,31,31,31,31,38],"current_hp_per_floor":[97,107,112,115,97,107,117,127,120,119,129,139,149,129,118,74,257,267,240,210,220,185,178,176,161,136,146,156,136,146,141,159,156,427,437,398,378,388,366,376,386,366,376,370,317,337,347,357,354,247,607,623,633,643,663,683],"gold":156,"neow_bonus":"TEN_PERCENT_HP_BONUS","is_daily":false,"chose_seed":false,"campfire_upgraded":7,"win_rate":0.0,"timestamp":1610597294,"path_taken":["R","M","M","$","M","?","T","?","$","M","?","?","R","?","M","BOSS","R","M","M","?","?","M","MIM","NM","?","R","?","E","R","$","M","BOSS","R","M","M","$","M","?","T","M","M","M","E","R","M","$","M","BOSS","E","$","R","BOSS","BOSS"],"items_purchased_type":["Card","Card","Relic","Card","Card","Card","Relic","Card"],"build_version":"2020-12-22","purchased_purges":4,"victory":true,"max_hp_per_floor":[97,107,117,127,137,147,157,167,177,187,197,207,217,227,237,247,257,267,277,287,297,307,317,327,337,347,357,367,377,387,397,407,417,427,437,447,457,467,477,487,497,507,517,527,537,557,567,577,587,597,607,623,633,643,663,683],"card_choices":[{"not_picked":["bronze:DigitalCarnage","bronze:Branch"],"picked":"bronze:Boost","floor":2},{"not_picked":["bronze:WildBeam","bronze:Repulsor"],"picked":"bronze:ChosenStrike","floor":3},{"not_picked":["bronze:WhirlingStrike","bronze:SpaghettiCode"],"picked":"bronze:Philosophize","floor":4},{"not_picked":["bronze:BuggyMess","bronze:DelayedSlice","bronze:BitShift"],"picked":"SKIP","floor":5},{"not_picked":["bronze:FineTuning","bronze:Repulsor"],"picked":"bronze:OilSpill","floor":9},{"not_picked":["bronze:GetLatest","bronze:Invalidate"],"picked":"bronze:OilSpill","floor":10},{"not_picked":["bronze:Format","bronze:Invalidate"],"picked":"bronze:Optimize","floor":14},{"not_picked":["bronze:OilSpill+1","bronze:DelayedGuard"],"picked":"bronze:WildBeam+1","floor":15},{"not_picked":["bronze:Virus+1","bronze:Break+1"],"picked":"bronze:RecursiveStrike+1","floor":16},{"not_picked":["bronze:WhirlingStrike+1","bronze:Frontload"],"picked":"bronze:Iterate+1","floor":19},{"not_picked":["bronze:DarkDash+1","bronze:Branch+1"],"picked":"bronze:GetLatest","floor":20},{"not_picked":["bronze:OilSpill+1","bronze:BronzeArmor"],"picked":"bronze:BuggyMess","floor":22},{"not_picked":["bronze:WhirlingStrike+1","bronze:ChildClass"],"picked":"bronze:FineTuning","floor":23},{"not_picked":["bronze:WhirlingStrike+1","bronze:DarkDash+1"],"picked":"bronze:Invalidate","floor":24},{"not_picked":["bronze:BronzeOrb+1","bronze:Return"],"picked":"bronze:FineTuning+1","floor":25},{"not_picked":["bronze:DigitalCarnage+1","bronze:WhirlingStrike+1"],"picked":"bronze:Verify","floor":29},{"not_picked":["bronze:WhirlingStrike+1","bronze:OilSpill+1"],"picked":"bronze:FineTuning","floor":31},{"not_picked":["bronze:OilSpill+1","bronze:Break+1"],"picked":"bronze:CutThrough+1","floor":32},{"not_picked":["bronze:CleanCode","bronze:ShipIt+1"],"picked":"bronze:RecursiveStrike+1","floor":33},{"not_picked":["bronze:Return+1","bronze:BugBarrage+1"],"picked":"bronze:FineTuning+1","floor":36},{"not_picked":["bronze:DelayedSlice+1","bronze:GetLatest+1"],"picked":"bronze:FineTuning","floor":37},{"not_picked":["bronze:Boost","bronze:DelayedSlice+1","bronze:WildBeam+1"],"picked":"SKIP","floor":39},{"not_picked":["bronze:DigitalCarnage+1","bronze:ThunderWave+1","bronze:BitShift+1"],"picked":"SKIP","floor":42},{"not_picked":["bronze:CutThrough+1","bronze:Overheat+1"],"picked":"bronze:Fortify+1","floor":43},{"not_picked":["bronze:CutThrough+1","bronze:Shell+1"],"picked":"bronze:BronzeArmor","floor":44},{"not_picked":["bronze:Branch+1","bronze:OilSpill+1","bronze:Overheat+1"],"picked":"SKIP","floor":45},{"not_picked":["bronze:Branch+1","bronze:OilSpill+1","bronze:Overheat+1"],"picked":"SKIP","floor":45},{"not_picked":["bronze:Overload+1","bronze:Boost"],"picked":"bronze:Flail+1","floor":47},{"not_picked":["bronze:DarkDash+1","bronze:Optimize+1"],"picked":"bronze:SpaghettiCode","floor":49},{"not_picked":["bronze:BronzeOrb+1","bronze:CutThrough+1","bronze:WildBeam+1"],"picked":"SKIP","floor":52}],"player_experience":277985,"relics_obtained":[{"floor":4,"key":"wanderingMiniBosses:ThiefScarf"},{"floor":4,"key":"bronze:BronzeCore"},{"floor":7,"key":"halation:IllGainedPizza"},{"floor":12,"key":"Molten Egg 2"},{"floor":24,"key":"aspiration:FetidBarrel"},{"floor":25,"key":"infinitespire:CheckeredPen"},{"floor":29,"key":"aspiration:HatOfInfinitePower"},{"floor":41,"key":"Dota2Spire:PhaseBoots"},{"floor":45,"key":"aspiration:VileToxins"},{"floor":52,"key":"vexMod:PlasmaPancake"}],"event_choices":[],"is_beta":false,"boss_relics":[{"not_picked":["StuffTheSpire:RunicConfusion","bronze:MakeshiftBattery"],"picked":"Dota2Spire:RefresherOrb"},{"not_picked":["hubris:RunicObelisk","Velvet Choker"],"picked":"halation:HeavySnake"}],"items_purged_floors":[4,9,31,38],"is_endless":false,"potions_floor_spawned":[3,10,15,19,25,32,33,36,39,42,47],"ascension_level":0}}