{"host":"g2v9yifwdrisoopr","time":1610653199,"event":{"mods":["2.2 Compatiblity","AchievementEnabler","Aspiration","BaseMod","Card Forge","Colored Map","Colored Powertips","Conspire","Downfall","GifTheSpireLib","Halation","Hermit","Highlight Path","Infinite Spire","Minty Spire (QoL Compilation)","Replay The Spire","Retaliation","Shop Mod","Somnambulant","Spicy Shops","Spikes Relics","StSLib","Strawberry Spire","Stuff the Spire","The Bladedancer","The Cursed","Transform Curses","vexMod","??????REMEMod"],"gold_per_floor":[114,131,111,131,178,250,282,282,305,3,23,23,23,46,46,150,150,170,203,203,2,21,21,21],"floor_reached":22,"language":"ENG","playtime":1533,"items_purged":[],"score":184,"play_id":"6552e10f-7d52-49db-8d4f-55bddeb52f6a","local_time":"20210114203959","daily_mods":["Allstar","Heirloom","Time Dilation","Flight","downfall:Jewelcrafting","downfall:Lament"],"is_ascension_mode":false,"campfire_choices":[{"floor":15,"key":"DIG"}],"circlet_count":0,"master_deck":["hexamod:Strike+1","hexamod:Strike+1","hexamod:Strike+1","hexamod:Strike+1","hexamod:Defend+1","hexamod:Defend+1","hexamod:Defend+1","hexamod:Defend+1","hexamod:Sear+1","hexamod:Float+1","Guardian:ExploitGems+1","Guardian:ExploitGems+1","StuffTheSpire:FreeRealEstate+1","Specialist+1","expansioncontent:DarkVoid+1","Assess+1","Replay:Dark Deal+1","hexamod:HauntingEcho+1","hexamod:EtherealExpedition+1","hexamod:Hexaguard+1","hexamod:ParanormalForm+1","hexamod:FourthSeal","hexamod:Sear+1","hexamod:FirstSeal","hexamod:DynamicBlow+1","hexamod:FifthSeal","hexamod:SecondSeal","hexamod:EtherealExpedition","hexamod:SixthSeal","hexamod:SwordOfDarkness","REME_MagicPocketWatch"],"relics":["hexamod:SpiritBrand","Hammer of Thor","Seething Fire","Anvil of the Gods","REME_ComplimentaryCards","Guardian:PickAxe","NeowsBlessing","Replay:Towering Pillar of Hats","StuffTheSpire:PointBlank","Mirror","hexamod:BolsterEngine","halation:LettersToHer","Pet Ghost","Ancient Tea Set","Runic Pyramid","Replay:Wax Seal","Replay:Bandana"],"acts_visited":["Exordium","TheCity"],"potions_floor_usage":[],"damage_taken":[{"damage":0,"enemies":"Jaw Worm","floor":1,"turns":1},{"damage":0,"enemies":"Cultist","floor":2,"turns":1},{"damage":0,"enemies":"2 Louse","floor":4,"turns":1},{"damage":30,"enemies":"Gremlin Nob","floor":7,"turns":4},{"damage":0,"enemies":"Looter","floor":11,"turns":2},{"damage":1,"enemies":"3 Louse","floor":14,"turns":4},{"damage":14,"enemies":"Slime Boss","floor":16,"turns":4},{"damage":22,"enemies":"conspire:FuzzyDice","floor":18,"turns":6},{"damage":26,"enemies":"Shell Parasite","floor":19,"turns":6},{"damage":33,"enemies":"Centurion and Healer","floor":22,"turns":6}],"seed_played":"9194445782364520178","potions_obtained":[{"floor":1,"key":"GamblersBrew"},{"floor":2,"key":"Energy Potion"},{"floor":3,"key":"PowerPotion"},{"floor":5,"key":"CultistPotion"},{"floor":16,"key":"sneckomod:MuddlingPotion"},{"floor":19,"key":"Slimebound:ThreeZeroPotion"}],"is_trial":true,"path_per_floor":["M","M","?","M","?","?","E","?","T","$","M","$","?","M","R_BF","B",null,"M","M","?","$","M"],"character_chosen":"THE_SPIRIT","items_purchased":["halation:LettersToHer","Pet Ghost","Replay:Wax Seal","Replay:Bandana"],"campfire_rested":0,"item_purchase_floors":[10,10,21,21],"current_hp_per_floor":[70,70,70,70,70,70,40,40,40,40,40,40,40,56,56,49,70,48,29,29,29,0,0,0],"gold":21,"neow_bonus":"","is_daily":false,"chose_seed":false,"campfire_upgraded":0,"win_rate":0.0,"timestamp":1610653199,"path_taken":["M","M","?","?","?","?","E","?","T","$","?","?","?","?","R_BF","BOSS","M","?","?","?","?"],"items_purchased_type":["Relic","Relic","Relic","Relic"],"build_version":"2020-12-22","purchased_purges":0,"victory":false,"max_hp_per_floor":[70,70,70,70,70,70,70,70,70,70,70,70,70,70,70,70,70,70,70,70,70,70,70,70],"card_choices":[{"not_picked":["hexamod:ShieldOfDarkness","hexamod:FastForward"],"picked":"hexamod:HauntingEcho","floor":1},{"not_picked":["hexamod:PhantomFireball","hexamod:NightmareGuise"],"picked":"hexamod:EtherealExpedition","floor":2},{"not_picked":["hexamod:RainOfEmbers","hexamod:AdvancingGuard"],"picked":"hexamod:Hexaguard","floor":4},{"not_picked":["hexamod:Haunt","hexamod:ShieldOfDarkness"],"picked":"hexamod:ParanormalForm","floor":5},{"not_picked":["hexamod:RainOfEmbers","hexamod:ExtraCrispy"],"picked":"hexamod:FourthSeal","floor":7},{"not_picked":["hexamod:FourthSeal","hexamod:GhostflameBarrier"],"picked":"hexamod:FirstSeal","floor":11},{"not_picked":["hexamod:RecurringNightmare","hexamod:PhantomCloak"],"picked":"hexamod:DynamicBlow","floor":14},{"not_picked":["hexamod:WildfireWeapon","hexamod:TimeWarp"],"picked":"hexamod:FifthSeal","floor":16},{"not_picked":["hexamod:FourthSeal","hexamod:ThirdSeal"],"picked":"hexamod:SecondSeal","floor":18},{"not_picked":["hexamod:NightmareStrike","hexamod:ShieldOfDarkness"],"picked":"hexamod:EtherealExpedition","floor":18},{"not_picked":["hexamod:FourthSeal","hexamod:FirstSeal"],"picked":"hexamod:SixthSeal","floor":19},{"not_picked":["hexamod:ThermalTransfer","hexamod:BacktrackSmack"],"picked":"hexamod:SwordOfDarkness","floor":19}],"player_experience":115892,"relics_obtained":[{"floor":5,"key":"StuffTheSpire:PointBlank"},{"floor":7,"key":"Mirror"},{"floor":9,"key":"hexamod:BolsterEngine"},{"floor":15,"key":"Ancient Tea Set"}],"event_choices":[{"damage_healed":0,"gold_gain":0,"player_choice":"Bought 1 Potion","damage_taken":0,"max_hp_gain":0,"max_hp_loss":0,"event_name":"The Woman in Blue","floor":3,"gold_loss":0},{"damage_healed":0,"gold_gain":72,"player_choice":"Gained Gold","damage_taken":0,"max_hp_gain":0,"max_hp_loss":0,"event_name":"Golden Wing","floor":6,"gold_loss":0},{"damage_healed":0,"gold_gain":0,"player_choice":"1 cards matched","damage_taken":0,"max_hp_gain":0,"max_hp_loss":0,"event_name":"Match and Keep!","floor":8,"gold_loss":0,"cards_obtained":["hexamod:Sear"]},{"damage_healed":0,"gold_gain":0,"player_choice":"Got Potions","damage_taken":0,"max_hp_gain":0,"max_hp_loss":0,"event_name":"Lab","floor":13,"gold_loss":0},{"damage_healed":0,"gold_gain":0,"cards_transformed":["Chrysalis"],"player_choice":"Transformed","damage_taken":0,"max_hp_gain":0,"max_hp_loss":0,"event_name":"Transmorgrifier","floor":20,"gold_loss":0,"cards_obtained":["REME_MagicPocketWatch"]}],"is_beta":false,"boss_relics":[{"not_picked":["Replay:Wanted Poster","StuffTheSpire:Kangaroo"],"picked":"Runic Pyramid"}],"items_purged_floors":[],"is_endless":false,"potions_floor_spawned":[1,2,14,16,19],"killed_by":"Centurion and Healer","ascension_level":0}}