{"host":"0hb9w7uizu7y13wj","time":1610638549,"event":{"mods":["Act Like it!","Aspiration","BaseMod","BetterRewards","Colored Map","Conspire","Downfall","Energized Spire","FTL Soundtrack","Friendly Minions","Halation","Hubris","Infinite Spire","Minty Spire (QoL Compilation)","Quick Restart","Replay The Spire","StSLib","Synergy Search","The Factory","The Hierophant","The Jungle","The Poker Player","Trackpad","everything is the same but u backflip on backflip","vexMod"],"gold_per_floor":[116,116,116,127,52,87,59,59,59],"floor_reached":8,"language":"ENG","playtime":136,"items_purged":["Defend_R"],"score":158,"play_id":"0bb33ba7-751f-4eb6-a0b1-94c310eddfe9","local_time":"20210114153549","is_ascension_mode":true,"campfire_choices":[],"circlet_count":0,"master_deck":["AscendersBane","Strike_R","Strike_R","Strike_R","Strike_R","Strike_R","Defend_R","Defend_R","Bash","Limit Break","Whirlwind","Shrug It Off"],"relics":["Burning Blood","NeowsBlessing","hubris:Towel","halation:PromiseList"],"acts_visited":["Exordium"],"potions_floor_usage":[8],"damage_taken":[{"damage":0,"enemies":"Small Slimes","floor":1,"turns":1},{"damage":0,"enemies":"2 Louse","floor":4,"turns":1},{"damage":0,"enemies":"3 Sentries","floor":6,"turns":2},{"damage":60,"enemies":"Lagavulin","floor":8,"turns":9}],"seed_played":"6767957233544737424","potions_obtained":[{"floor":6,"key":"Milkshake"}],"is_trial":false,"path_per_floor":["M","?","?","M","$","E","$","E"],"character_chosen":"IRONCLAD","items_purchased":["Shrug It Off"],"campfire_rested":0,"item_purchase_floors":[7],"current_hp_per_floor":[74,67,67,73,73,75,75,15,15],"gold":59,"neow_bonus":"THREE_ENEMY_KILL","is_daily":false,"chose_seed":false,"campfire_upgraded":0,"win_rate":0.0,"timestamp":1610638549,"path_taken":["M","?","?","?","?","E","$","E"],"items_purchased_type":["Card"],"build_version":"2020-12-22","purchased_purges":1,"victory":false,"max_hp_per_floor":[75,75,75,75,75,75,75,75,75],"card_choices":[{"not_picked":["Rupture","Heavy Blade","Armaments"],"picked":"SKIP","floor":1},{"not_picked":["True Grit","Clash"],"picked":"Limit Break","floor":4},{"not_picked":["Cleave","True Grit"],"picked":"Whirlwind","floor":6}],"player_experience":941495,"relics_obtained":[{"floor":6,"key":"halation:PromiseList"}],"event_choices":[{"cards_removed":["Defend_R"],"damage_healed":0,"gold_gain":0,"player_choice":"Card Removal","damage_taken":7,"max_hp_gain":0,"max_hp_loss":0,"event_name":"Golden Wing","floor":2,"gold_loss":0}],"is_beta":false,"boss_relics":[],"items_purged_floors":[5],"is_endless":false,"potions_floor_spawned":[6],"killed_by":"Lagavulin","ascension_level":20}}