{"host":"wutzay93uet9pf9y","time":1610592593,"event":{"mods":["BaseMod","Colored Map","Downfall","Minty Spire (QoL Compilation)","StSLib"],"gold_per_floor":[99,119,119,119,136,152,176,26,44,75,88,100,100,116,136,136,136,136],"floor_reached":16,"language":"ENG","playtime":352,"items_purged":[],"score":105,"play_id":"a7b3e964-3f64-4f87-8ce0-f6dfa28df2d1","local_time":"20210113214953","is_ascension_mode":false,"campfire_choices":[{"floor":1,"key":"RECALL"},{"data":"Slimebound:ItLooksTasty","floor":8,"key":"SMITH"},{"data":"Slimebound:Gluttony","floor":13,"key":"SMITH"}],"circlet_count":0,"master_deck":["Slimebound:Strike_Slimebound","Slimebound:Strike_Slimebound+1","Slimebound:Strike_Slimebound+1","Slimebound:Tackle","Slimebound:Defend_Slimebound","Slimebound:Defend_Slimebound","Slimebound:Defend_Slimebound","Slimebound:Defend_Slimebound","Slimebound:Split","Slimebound:CorrosiveSpit+1","Slimebound:GoopSpray","Slimebound:ItLooksTasty+1","Slimebound:FinishingTackle","Slimebound:ItLooksTasty","Slimebound:LeechEnergy","Slimebound:Gluttony+1","Slimebound:LivingWall","Slimebound:Gluttony"],"relics":["Slimebound:AbsorbEndCombat","Ginger","Spirit Poop","downfall:HeartBlessingRed","downfall:HeartBlessingBlue","Art of War"],"acts_visited":["Exordium"],"potions_floor_usage":[10,10,16,16],"damage_taken":[{"damage":11,"enemies":"2 Louse","floor":2,"turns":3},{"damage":12,"enemies":"Small Slimes","floor":5,"turns":3},{"damage":10,"enemies":"Cultist","floor":6,"turns":3},{"damage":10,"enemies":"Lots of Slimes","floor":9,"turns":3},{"damage":10,"enemies":"Lagavulin","floor":10,"turns":4},{"damage":21,"enemies":"Exordium Thugs","floor":11,"turns":2},{"damage":12,"enemies":"Red Slaver","floor":12,"turns":2},{"damage":17,"enemies":"Exordium Wildlife","floor":14,"turns":3},{"damage":11,"enemies":"3 Louse","floor":15,"turns":3},{"damage":39,"enemies":"downfall:Ironclad","floor":16,"turns":5}],"seed_played":"-5641391105939278212","potions_obtained":[{"floor":9,"key":"SkillPotion"},{"floor":10,"key":"Fruit Juice"},{"floor":12,"key":"sneckomod:MuddlingPotion"},{"floor":15,"key":"Weak Potion"}],"is_trial":false,"path_per_floor":["R","M","?","?","M","M","T","R","M","E","M","M","R","M","M","B"],"character_chosen":"SLIMEBOUND","items_purchased":[],"campfire_rested":0,"item_purchase_floors":[],"current_hp_per_floor":[54,47,47,47,41,39,39,49,47,52,43,37,37,30,29,0,0,0],"gold":136,"neow_bonus":"ONE_RARE_RELIC","is_daily":false,"chose_seed":false,"campfire_upgraded":2,"win_rate":0.0,"timestamp":1610592593,"path_taken":["R","M","?","?","M","M","T","R","M","E","M","M","R","M","M","BOSS"],"items_purchased_type":[],"build_version":"2020-12-22","purchased_purges":0,"victory":false,"max_hp_per_floor":[54,54,54,54,54,54,54,64,64,69,69,69,69,69,69,69,69,69],"card_choices":[{"not_picked":["Slimebound:FinishingTackle","Slimebound:Nibble"],"picked":"Slimebound:GoopSpray","floor":2},{"not_picked":["Slimebound:SlimeBrawl","Slimebound:SlimeSpikes","Slimebound:DivideAndConquer"],"picked":"SKIP","floor":5},{"not_picked":["Slimebound:Prepare","Slimebound:GoopTackle"],"picked":"Slimebound:ItLooksTasty","floor":6},{"not_picked":["Slimebound:ViciousTackle","Slimebound:ServeAndProtect"],"picked":"Slimebound:FinishingTackle","floor":9},{"not_picked":["Slimebound:Dissolve","Slimebound:OozeBath"],"picked":"Slimebound:ItLooksTasty","floor":10},{"not_picked":["Slimebound:RollThrough","Slimebound:SplitMire"],"picked":"Slimebound:LeechEnergy","floor":11},{"not_picked":["Slimebound:FinishingTackle","Slimebound:FirmFortitude"],"picked":"Slimebound:Gluttony","floor":12},{"not_picked":["Slimebound:PressTheAttack","Slimebound:LeechingTouch"],"picked":"Slimebound:LivingWall","floor":14},{"not_picked":["Slimebound:FormOfPuddle","Slimebound:SplitMire"],"picked":"Slimebound:Gluttony","floor":15}],"player_experience":289384,"relics_obtained":[{"floor":10,"key":"Art of War"}],"event_choices":[{"cards_removed":["Regret"],"damage_healed":0,"gold_gain":0,"player_choice":"Offered Curse","damage_taken":0,"relics_obtained":["Spirit Poop"],"max_hp_gain":0,"max_hp_loss":0,"event_name":"Bonfire Elementals","floor":4,"gold_loss":0}],"is_beta":false,"boss_relics":[],"items_purged_floors":[],"is_endless":false,"potions_floor_spawned":[9,10,12,15],"killed_by":"downfall:Ironclad","ascension_level":0}}