{"host":"qa029bqsloh3rj2z","time":1610614550,"event":{"mods":["AchievementEnabler","BaseMod","Colored Powertips","DeckTracker","Minty Spire (QoL Compilation)","Permanent Neow","Waifu the Spire"],"gold_per_floor":[110,126,145,220,236,236,161,190,215,215,315,331,83,100,100,200,200,210,210,228,128,146,326,339,339,339],"floor_reached":25,"language":"ENG","playtime":1634,"items_purged":["Defend_R","Bite"],"score":230,"play_id":"9727e957-89d0-447c-acd4-0be105577cc3","local_time":"20210114035550","is_ascension_mode":false,"campfire_choices":[{"data":"Bash","floor":6,"key":"SMITH"},{"floor":15,"key":"REST"}],"circlet_count":0,"master_deck":["Defend_R","Defend_R","Defend_R","Bash+1","Shrug It Off","Dropkick","Bite","Bite","Bite","Bite"],"relics":["Burning Blood","Orichalcum","Mercury Hourglass","Matryoshka","Black Star"],"acts_visited":["Exordium","TheCity"],"potions_floor_usage":[16,16,25,25,25],"damage_taken":[{"damage":9,"enemies":"Small Slimes","floor":1,"turns":5},{"damage":2,"enemies":"Cultist","floor":2,"turns":4},{"damage":1,"enemies":"Jaw Worm","floor":3,"turns":3},{"damage":13,"enemies":"Red Slaver","floor":5,"turns":3},{"damage":41,"enemies":"3 Sentries","floor":8,"turns":11},{"damage":4,"enemies":"Lots of Slimes","floor":12,"turns":3},{"damage":1,"enemies":"Blue Slaver","floor":14,"turns":4},{"damage":52,"enemies":"Hexaghost","floor":16,"turns":11},{"damage":21,"enemies":"Shell Parasite","floor":18,"turns":6},{"damage":0,"enemies":"3 Byrds","floor":20,"turns":5},{"damage":18,"enemies":"Centurion and Healer","floor":22,"turns":7},{"damage":30,"enemies":"Snake Plant","floor":24,"turns":5},{"damage":78,"enemies":"Slavers","floor":25,"turns":4}],"seed_played":"6561448776397445530","potions_obtained":[{"floor":3,"key":"GamblersBrew"},{"floor":12,"key":"SkillPotion"},{"floor":14,"key":"Block Potion"},{"floor":16,"key":"ColorlessPotion"},{"floor":24,"key":"Weak Potion"}],"is_trial":false,"path_per_floor":["M","M","M","?","M","R","$","E","T","T","?","M","$","M","R","B",null,"M","?","M","$","M","?","M","E"],"character_chosen":"IRONCLAD","items_purchased":["Matryoshka"],"campfire_rested":1,"item_purchase_floors":[13],"current_hp_per_floor":[77,80,80,72,65,65,65,30,30,30,30,34,34,41,65,21,80,65,65,80,80,80,61,59,0,0],"gold":339,"neow_bonus":"THREE_CARDS","is_daily":false,"chose_seed":false,"campfire_upgraded":1,"win_rate":0.0,"timestamp":1610614550,"path_taken":["M","M","M","?","?","R","$","E","T","?","?","?","?","M","R","BOSS","M","?","M","$","M","?","M","E"],"items_purchased_type":["Relic"],"build_version":"2020-12-22","purchased_purges":2,"victory":false,"max_hp_per_floor":[80,80,80,80,80,80,80,80,80,80,80,80,80,80,80,80,80,80,80,80,80,80,80,80,80,80],"card_choices":[{"not_picked":["Dual Wield","Body Slam"],"picked":"Shrug It Off","floor":0},{"not_picked":["Shrug It Off","Fire Breathing"],"picked":"Dropkick","floor":1},{"not_picked":["Body Slam","Shrug It Off","Sever Soul"],"picked":"SKIP","floor":2},{"not_picked":["Heavy Blade","Fire Breathing","Searing Blow"],"picked":"SKIP","floor":3},{"not_picked":["Twin Strike","Dual Wield","Perfected Strike"],"picked":"SKIP","floor":5},{"not_picked":["Feed","Dual Wield","Armaments"],"picked":"SKIP","floor":8},{"not_picked":["Anger","Heavy Blade","Hemokinesis"],"picked":"SKIP","floor":12},{"not_picked":["Dark Embrace","Headbutt","Heavy Blade"],"picked":"SKIP","floor":14},{"not_picked":["Fire Breathing","Carnage","Seeing Red"],"picked":"SKIP","floor":18},{"not_picked":["True Grit","Flex","Whirlwind+1"],"picked":"SKIP","floor":20},{"not_picked":["Flex","Pummel","Perfected Strike"],"picked":"SKIP","floor":22},{"not_picked":["Armaments","Twin Strike","Warcry"],"picked":"SKIP","floor":24}],"player_experience":32678,"relics_obtained":[{"floor":8,"key":"Orichalcum"},{"floor":9,"key":"Blood Vial"},{"floor":10,"key":"Mercury Hourglass"}],"event_choices":[{"damage_healed":0,"gold_gain":75,"player_choice":"Touch","damage_taken":8,"max_hp_gain":0,"max_hp_loss":0,"event_name":"FaceTrader","floor":4,"gold_loss":0},{"damage_healed":0,"gold_gain":100,"player_choice":"Pray","damage_taken":0,"max_hp_gain":0,"max_hp_loss":0,"event_name":"Golden Shrine","floor":11,"gold_loss":0},{"damage_healed":0,"gold_gain":0,"player_choice":"Became a vampire (Vial)","damage_taken":0,"max_hp_gain":0,"max_hp_loss":0,"event_name":"Vampires","floor":19,"relics_lost":["Blood Vial"],"gold_loss":0,"cards_obtained":["Bite","Bite","Bite","Bite","Bite"]},{"damage_healed":0,"gold_gain":180,"player_choice":"GOLD GOLD ","damage_taken":19,"max_hp_gain":0,"max_hp_loss":0,"event_name":"Knowing Skull","floor":23,"potions_obtained":[],"gold_loss":0,"cards_obtained":[]}],"is_beta":false,"boss_relics":[{"not_picked":["Black Blood","SacredBark"],"picked":"Black Star"}],"items_purged_floors":[7,21],"is_endless":false,"potions_floor_spawned":[3,12,14,16,24],"killed_by":"Slavers","ascension_level":0}}