{"host":"21h5e52imz35vo8g","time":1610614265,"event":{"mods":["AchievementEnabler","BaseMod","Colored Map","Colored Powertips","Googly Eyes","Minty Spire (QoL Compilation)","Quick Restart","Rare Cards Sparkle","StSLib"],"gold_per_floor":[119,39,39,50,50,50,78,90,90,104,116,116,116],"floor_reached":12,"language":"ZHS","playtime":525,"items_purged":[],"score":84,"play_id":"21307789-bb18-45bd-a626-06a9e7a8585f","local_time":"20210114165105","is_ascension_mode":true,"campfire_choices":[{"data":"Blizzard","floor":6,"key":"SMITH"}],"circlet_count":0,"master_deck":["Strike_B","Strike_B","Strike_B","Strike_B","Defend_B","Defend_B","Defend_B","Defend_B","Dualcast","Coolheaded","Capacitor","Blizzard+1","Genetic Algorithm","Capacitor","Skim"],"relics":["Cracked Core","DataDisk","Meat on the Bone","Molten Egg 2"],"acts_visited":["Exordium"],"potions_floor_usage":[10],"damage_taken":[{"damage":0,"enemies":"Small Slimes","floor":1,"turns":3},{"damage":0,"enemies":"Cultist","floor":4,"turns":4},{"damage":33,"enemies":"Lagavulin","floor":7,"turns":14},{"damage":3,"enemies":"Jaw Worm","floor":8,"turns":4},{"damage":24,"enemies":"2 Fungi Beasts","floor":10,"turns":4},{"damage":0,"enemies":"Large Slime","floor":11,"turns":8},{"damage":30,"enemies":"Gremlin Nob","floor":12,"turns":5}],"seed_played":"8687800375117591029","potions_obtained":[{"floor":4,"key":"Ancient Potion"},{"floor":8,"key":"SkillPotion"},{"floor":10,"key":"Explosive Potion"}],"is_trial":false,"path_per_floor":["M","$","?","M","$","R","E","M","T","M","M","E"],"character_chosen":"DEFECT","items_purchased":["Capacitor"],"campfire_rested":0,"item_purchase_floors":[2],"current_hp_per_floor":[75,75,75,75,75,75,42,39,39,27,39,9,9],"gold":116,"neow_bonus":"RANDOM_COMMON_RELIC","is_daily":false,"chose_seed":false,"campfire_upgraded":1,"win_rate":0.0,"timestamp":1610614265,"path_taken":["M","$","?","?","$","R","E","M","T","M","M","E"],"items_purchased_type":["Card"],"build_version":"2020-12-22","purchased_purges":0,"victory":false,"max_hp_per_floor":[75,75,75,75,75,75,75,75,75,75,75,75,75],"card_choices":[{"not_picked":["Compile Driver","Leap"],"picked":"Coolheaded","floor":1},{"not_picked":["Streamline","Coolheaded"],"picked":"Blizzard","floor":4},{"not_picked":["Steam Power","Gash","Leap"],"picked":"SKIP","floor":7},{"not_picked":["Chaos","Turbo"],"picked":"Genetic Algorithm","floor":8},{"not_picked":["Storm","Steam Power"],"picked":"Capacitor","floor":10},{"not_picked":["Conserve Battery","Rip and Tear+1"],"picked":"Skim","floor":11}],"player_experience":329509,"relics_obtained":[{"floor":7,"key":"Meat on the Bone"},{"floor":9,"key":"Molten Egg 2"}],"event_choices":[{"cards_removed":["Zap"],"damage_healed":0,"gold_gain":0,"player_choice":"Purged","damage_taken":0,"max_hp_gain":0,"max_hp_loss":0,"event_name":"Purifier","floor":3,"gold_loss":0}],"is_beta":false,"boss_relics":[],"items_purged_floors":[],"is_endless":false,"potions_floor_spawned":[4,8,10],"killed_by":"Gremlin Nob","ascension_level":1}}