{"host":"dlqyscxstsnu98l1","time":1610640419,"event":{"mods":["AchievementEnabler","BaseMod","Bestiary","Colored Map","Colored Powertips","Conspire","GifTheSpireLib","Highlight Path","Minty Spire (QoL Compilation)","Random Character Button","Replay The Spire","SacredBarkPlus","StSLib"],"gold_per_floor":[110,121,131,56,106,118,141,153,153],"floor_reached":8,"language":"ENG","playtime":493,"items_purged":["Defend_G"],"score":50,"play_id":"f1aef33c-0c17-4c90-84fb-d12c5e1f1a54","local_time":"20210114100659","is_ascension_mode":true,"campfire_choices":[{"data":"Limit Break","floor":6,"key":"SMITH"}],"circlet_count":0,"master_deck":["Strike_R","Strike_R","Strike_R","Strike_R","Strike_R","Defend_R","Defend_R","Defend_R","Defend_R","Bash","Strike_R","Limit Break+1","Flex","Rupture","Blood for Blood","Doubt","Flex"],"relics":["Burning Blood","Ring of Greed","Blue Doll","MawBank","ReplayTheSpireMod:Ring of Collecting"],"acts_visited":["Exordium"],"potions_floor_usage":[],"damage_taken":[{"damage":8,"enemies":"Jaw Worm","floor":1,"turns":4},{"damage":1,"enemies":"2 Louse","floor":2,"turns":3},{"damage":6,"enemies":"Cultist","floor":3,"turns":3},{"damage":10,"enemies":"3 Louse","floor":7,"turns":4},{"damage":89,"enemies":"Lagavulin","floor":8,"turns":9}],"seed_played":"-2205384119616259825","potions_obtained":[],"is_trial":false,"path_per_floor":["M","M","M","$","?","R","M","E"],"character_chosen":"IRONCLAD","items_purchased":[],"campfire_rested":0,"item_purchase_floors":[],"current_hp_per_floor":[78,80,80,80,80,80,76,0,0],"gold":153,"neow_bonus":"THREE_RARE_CARDS","is_daily":false,"chose_seed":false,"campfire_upgraded":1,"win_rate":0.0,"timestamp":1610640419,"path_taken":["M","M","M","$","?","R","M","E"],"items_purchased_type":[],"build_version":"2020-12-22","purchased_purges":1,"victory":false,"max_hp_per_floor":[80,80,80,80,80,80,80,80,80],"card_choices":[{"not_picked":["Replay:Many Hands","Corruption"],"picked":"Limit Break","floor":0},{"not_picked":["Run Through","Pommel Strike"],"picked":"Flex","floor":1},{"not_picked":["Pommel Strike","Dual Wield"],"picked":"Rupture","floor":2},{"not_picked":["Pommel Strike","Rampage"],"picked":"Blood for Blood","floor":3},{"not_picked":["Rage","Dark Embrace"],"picked":"Flex","floor":7}],"player_experience":39704,"relics_obtained":[{"floor":5,"key":"Ring of Greed"},{"floor":5,"key":"Blue Doll"},{"floor":5,"key":"MawBank"},{"floor":5,"key":"ReplayTheSpireMod:Ring of Collecting"}],"event_choices":[],"is_beta":false,"boss_relics":[],"items_purged_floors":[4],"is_endless":false,"potions_floor_spawned":[],"killed_by":"Lagavulin","ascension_level":1}}