{"host":"qqgw5gp46oujbhdl","time":1610663455,"event":{"mods":["Aspiration","Bard","BaseMod","BetterRewards","Downfall","Hermit","Infinite Spire","Jorbs\u0027s Wanderer Trilogy","Minty Spire (QoL Compilation)","Potionbrewer","Robot Space Explorer","Shade Mod","Somnambulant","StSLib","The Cursed","The Death Knight","The Disciple","The Elementalist","The Forsaken","The Hierophant","The Necromancer","The Servant 0.9.4","The Spell Scribe","The Valiant","TheBandit","TheFirefly","Wandering Minibosses"],"gold_per_floor":[109,109,124,140,140,172,172,172,172,186,219,219,235,291,291,391,391,403,403,403,363,375,391,391,391],"floor_reached":24,"language":"POL","playtime":2781,"items_purged":[],"score":208,"play_id":"c71ca6fc-38e4-4528-aa2d-71404bf4c6f7","local_time":"20210114233055","is_ascension_mode":false,"campfire_choices":[{"data":"theForsaken:MagicWeapon","floor":7,"key":"SMITH"},{"floor":15,"key":"REST"}],"circlet_count":0,"master_deck":["theForsaken:TheForsaken_Defend","theForsaken:TheForsaken_Defend","theForsaken:TheForsaken_Defend","theForsaken:TheForsaken_Defend","theForsaken:Smite+1","theForsaken:Penitence","theForsaken:AncientWords","theForsaken:HymnOfPatience","theForsaken:MagicWeapon+1","theForsaken:BattleHymn","theForsaken:Thunderbolt+1","theForsaken:Confusion","theForsaken:PreciseStrike+1","theForsaken:DarkRift","Slimebound:Tackle+1","Slimebound:Tackle+1","Slimebound:Tackle+1","infinitespire:Menacing","theForsaken:SpinAttack+1","theForsaken:Riposte"],"relics":["theForsaken:JudgementScales","infinitespire:Satchel","Potion Belt","Anchor","infinitespire:Eraser","infinitespire:BottledMercury","theForsaken:PaleLantern"],"acts_visited":["Exordium","TheCity"],"potions_floor_usage":[3,6,10,12,14,14,16],"damage_taken":[{"damage":10,"enemies":"Jaw Worm","floor":1,"turns":5},{"damage":3,"enemies":"Cultist","floor":3,"turns":4},{"damage":8,"enemies":"Small Slimes","floor":4,"turns":4},{"damage":14,"enemies":"Lagavulin","floor":6,"turns":8},{"damage":10,"enemies":"2 Fungi Beasts","floor":10,"turns":4},{"damage":35,"enemies":"Gremlin Nob","floor":11,"turns":5},{"damage":0,"enemies":"Red Slaver","floor":12,"turns":1},{"damage":11,"enemies":"Looter","floor":13,"turns":4},{"damage":21,"enemies":"3 Sentries","floor":14,"turns":7},{"damage":52,"enemies":"Hexaghost","floor":16,"turns":11},{"damage":46,"enemies":"3 Byrds","floor":18,"turns":7},{"damage":29,"enemies":"2 Thieves","floor":22,"turns":5},{"damage":45,"enemies":"Chosen and Byrds","floor":23,"turns":6},{"damage":32,"enemies":"Sentry and Sphere","floor":24,"turns":3}],"seed_played":"1088056725383714293","potions_obtained":[{"floor":2,"key":"Regen Potion"},{"floor":2,"key":"SmokeBomb"},{"floor":2,"key":"potionbrewer:NoxiousPotion"},{"floor":3,"key":"Fire Potion"},{"floor":6,"key":"SteroidPotion"},{"floor":13,"key":"Regen Potion"},{"floor":14,"key":"Energy Potion"},{"floor":23,"key":"SneckoOil"}],"is_trial":false,"path_per_floor":["M","?","M","M","?","E","R","?","T","M","E","M","M","?","R","B",null,"M","?","?","?","M","M","M"],"character_chosen":"THE_FORSAKEN","items_purchased":[],"campfire_rested":1,"item_purchase_floors":[],"current_hp_per_floor":[57,57,57,51,51,43,43,43,43,48,19,19,13,25,44,13,65,65,65,49,49,49,20,0,0],"gold":391,"neow_bonus":"RANDOM_COMMON_RELIC","is_daily":false,"chose_seed":false,"campfire_upgraded":1,"win_rate":0.0,"timestamp":1610663455,"path_taken":["M","?","?","M","?","E","R","?","T","M","E","?","M","?","R","BOSS","M","?","?","?","?","M","M"],"items_purchased_type":[],"build_version":"2020-12-22","purchased_purges":0,"victory":false,"max_hp_per_floor":[65,65,65,65,65,65,65,65,65,65,65,65,65,65,65,65,65,65,65,65,65,65,65,65,65],"card_choices":[{"not_picked":["theForsaken:PanicDive","theForsaken:NobleSacrifice"],"picked":"theForsaken:AncientWords","floor":1},{"not_picked":["theForsaken:FuryStrikes","theForsaken:CreepingInfection"],"picked":"theForsaken:HymnOfPatience","floor":3},{"not_picked":["theForsaken:ScorchingSunlight","theForsaken:PowerUp"],"picked":"theForsaken:MagicWeapon","floor":4},{"not_picked":["theForsaken:DivineGuidance","theForsaken:HealingLight"],"picked":"theForsaken:BattleHymn","floor":6},{"not_picked":["theForsaken:ScorchingSunlight","theForsaken:StoreUp"],"picked":"theForsaken:Thunderbolt","floor":10},{"not_picked":["theForsaken:ChargeAttack","theForsaken:DarkBarrier"],"picked":"theForsaken:Confusion","floor":11},{"not_picked":["theForsaken:Backlash","theForsaken:HymnOfRest"],"picked":"theForsaken:PreciseStrike","floor":13},{"not_picked":["theForsaken:FountainOfLife","theForsaken:SacrificeSoul"],"picked":"theForsaken:DarkRift","floor":16},{"not_picked":["theForsaken:Thunderbolt","theForsaken:Eulogy","theForsaken:ShieldCharge"],"picked":"SKIP","floor":18},{"not_picked":["infinitespire:FutureSight","infinitespire:FinalStrike"],"picked":"infinitespire:Menacing","floor":20},{"not_picked":["theForsaken:Eulogy","theForsaken:ShieldBash"],"picked":"theForsaken:SpinAttack+1","floor":22},{"not_picked":["theForsaken:NobleSacrifice","theForsaken:ShieldCharge"],"picked":"theForsaken:Riposte","floor":23}],"player_experience":370769,"relics_obtained":[{"floor":6,"key":"Potion Belt"},{"floor":9,"key":"Anchor"},{"floor":11,"key":"infinitespire:Eraser"},{"floor":14,"key":"infinitespire:BottledMercury"}],"event_choices":[{"damage_healed":0,"gold_gain":0,"player_choice":"Got Potions","damage_taken":0,"max_hp_gain":0,"max_hp_loss":0,"event_name":"Lab","floor":2,"gold_loss":0},{"damage_healed":0,"gold_gain":0,"player_choice":"Forge","damage_taken":0,"max_hp_gain":0,"max_hp_loss":0,"event_name":"Accursed Blacksmith","floor":8,"gold_loss":0,"cards_upgraded":["theForsaken:Smite"]},{"damage_healed":0,"gold_gain":30,"player_choice":"Searched \u00272\u0027 times","damage_taken":0,"max_hp_gain":0,"max_hp_loss":0,"event_name":"Dead Adventurer","floor":14,"gold_loss":0},{"damage_healed":0,"gold_gain":0,"player_choice":"Upgraded Two","damage_taken":0,"max_hp_gain":0,"max_hp_loss":0,"event_name":"Designer","floor":21,"gold_loss":40,"cards_upgraded":["theForsaken:PreciseStrike","theForsaken:Thunderbolt"]}],"is_beta":false,"boss_relics":[{"not_picked":["Pandora\u0027s Box","Cursed Key"],"picked":"theForsaken:PaleLantern"}],"items_purged_floors":[],"is_endless":false,"potions_floor_spawned":[3,6,13,14,23],"killed_by":"Sentry and Sphere","ascension_level":0}}