{"host":"avjwtc49fhlk6kym","time":1610584212,"event":{"mods":["AchievementEnabler","BaseMod","Better Match","Better Note","Better Third Choice","Colored Map","Colored Powertips","Displayed Cursed Tome","Highlight Path","Minty Spire (QoL Compilation)","Permanent Neow","Quick Restart","StSLib"],"gold_per_floor":[119,44,44,64,78,104,104,135,135,145,145,159,159,173,173,273,273,286,59,78,78,90,90,90,90,90,9,35,47,47,64,64,163,163,179,179,36,48,64,64,115,40,40,40,59,76,76,76,76],"floor_reached":48,"language":"ENG","playtime":2053,"items_purged":["Writhe"],"score":542,"play_id":"a73f2830-8c6c-4a15-a547-b38f17c8847d","local_time":"20210113193012","is_ascension_mode":false,"campfire_choices":[{"data":"Trip","floor":7.0,"key":"SMITH"},{"floor":11,"key":"REST"},{"data":"BattleHymn","floor":15,"key":"SMITH"},{"floor":23,"key":"REST"},{"data":"Establishment","floor":25,"key":"SMITH"},{"floor":30,"key":"REST"},{"floor":32,"key":"REST"},{"floor":40,"key":"REST"},{"floor":44,"key":"REST"}],"circlet_count":0,"master_deck":["Strike_P+1","Strike_P","Defend_P","Defend_P","Defend_P","Defend_P","Eruption+1","Vigilance","Trip+1","FlyingSleeves","SandsOfTime+1","InnerPeace","Evaluate","CutThroughFate+1","ReachHeaven+1","BattleHymn+1","ThirdEye","Establishment+1","ForeignInfluence+1","Wireheading","ThirdEye","CrushJoints+1","FearNoEvil+1","Halt+1","EmptyFist+1","Judgement+1","Evaluate+1","CrushJoints+1","SashWhip+1","CrushJoints+1","Wallop+1"],"relics":["PureWater","Molten Egg 2","Pear","HornCleat","Empty Cage","Whetstone","Bronze Scales","Happy Flower","Cursed Key","Omamori","Blood Vial","Oddly Smooth Stone"],"acts_visited":["Exordium","TheCity","TheBeyond"],"potions_floor_usage":[16,18,18,20,33,36,38,38,38,38,38,39,41,46,46],"damage_taken":[{"damage":0.0,"enemies":"Small Slimes","floor":1.0,"turns":2.0},{"damage":0.0,"enemies":"Cultist","floor":4.0,"turns":2.0},{"damage":6.0,"enemies":"Jaw Worm","floor":5.0,"turns":2.0},{"damage":0.0,"enemies":"Lagavulin","floor":6.0,"turns":3.0},{"damage":10.0,"enemies":"3 Sentries","floor":8.0,"turns":7.0},{"damage":8,"enemies":"Gremlin Gang","floor":10,"turns":4},{"damage":0,"enemies":"3 Louse","floor":12,"turns":2},{"damage":0,"enemies":"Exordium Wildlife","floor":14,"turns":3},{"damage":16,"enemies":"Slime Boss","floor":16,"turns":6},{"damage":0,"enemies":"3 Byrds","floor":18,"turns":5},{"damage":2,"enemies":"2 Thieves","floor":20,"turns":3},{"damage":23,"enemies":"Centurion and Healer","floor":22,"turns":4},{"damage":28,"enemies":"Book of Stabbing","floor":28,"turns":4},{"damage":21,"enemies":"Snake Plant","floor":29,"turns":3},{"damage":11,"enemies":"Sentry and Sphere","floor":31,"turns":4},{"damage":43,"enemies":"Champ","floor":33,"turns":8},{"damage":12,"enemies":"3 Shapes","floor":35,"turns":3},{"damage":6,"enemies":"3 Darklings","floor":38,"turns":5},{"damage":15,"enemies":"Transient","floor":39,"turns":5},{"damage":34,"enemies":"Reptomancer","floor":41,"turns":6},{"damage":33,"enemies":"Sphere and 2 Shapes","floor":45,"turns":4},{"damage":26,"enemies":"Jaw Worm Horde","floor":46,"turns":4},{"damage":51,"enemies":"Nemesis","floor":48,"turns":4}],"seed_played":"5274797795649806958","potions_obtained":[{"floor":1.0,"key":"Dexterity Potion"},{"floor":5.0,"key":"Ambrosia"},{"floor":6.0,"key":"StancePotion"},{"floor":12,"key":"Strength Potion"},{"floor":14,"key":"GamblersBrew"},{"floor":16,"key":"BlessingOfTheForge"},{"floor":18,"key":"DistilledChaos"},{"floor":31,"key":"Block Potion"},{"floor":33,"key":"PowerPotion"},{"floor":35,"key":"ColorlessPotion"},{"floor":36,"key":"Fruit Juice"},{"floor":36,"key":"EntropicBrew"},{"floor":36,"key":"EssenceOfSteel"},{"floor":39,"key":"ColorlessPotion"},{"floor":41,"key":"CultistPotion"},{"floor":45,"key":"Regen Potion"}],"is_trial":false,"path_per_floor":["M","?","$","M","M","E","R","E","T","M","R","M","?","M","R","B",null,"M","$","M","?","M","R","?","R","T","$","E","M","R","M","R","B",null,"M","?","$","M","M","R","E","$","T","R","M","M","?","E"],"character_chosen":"WATCHER","items_purchased":["Whetstone","Wireheading","FearNoEvil+1","Omamori"],"campfire_rested":6,"item_purchase_floors":[19,19,27,37],"current_hp_per_floor":[72,72,72,72,66,66,66,66,66,58,82,82,82,82,82,66,82,82,82,80,80,57,81,81,81,81,81,53,32,56,45,69,26,82,70,75,75,69,54,80,46,46,46,72,41,29,29,0,0],"gold":76,"neow_bonus":"RANDOM_COLORLESS","is_daily":false,"chose_seed":false,"campfire_upgraded":3,"win_rate":0.0,"timestamp":1610584212,"path_taken":["M","?","?","M","M","E","R","E","T","M","R","M","?","?","R","BOSS","M","$","M","?","M","R","?","R","T","?","E","M","R","M","R","BOSS","M","?","$","?","M","R","E","$","T","R","?","M","?","E"],"items_purchased_type":["Relic","Card","Card","Relic"],"build_version":"2020-12-22","purchased_purges":1,"victory":false,"max_hp_per_floor":[72,72,72,72,72,72,72,82,82,82,82,82,82,82,82,82,82,82,82,82,82,82,82,82,82,82,82,82,82,82,82,82,82,82,82,87,87,87,87,87,87,87,87,87,87,87,87,87,87],"card_choices":[{"not_picked":["Panacea","Swift Strike"],"picked":"Trip","floor":0.0},{"not_picked":["Evaluate","SignatureMove"],"picked":"FlyingSleeves","floor":1.0},{"not_picked":["Tantrum+1","CarveReality+1"],"picked":"SandsOfTime+1","floor":2.0},{"not_picked":["Consecrate","Halt"],"picked":"InnerPeace","floor":4.0},{"not_picked":["Fasting2","TalkToTheHand","ClearTheMind"],"picked":"SKIP","floor":5.0},{"not_picked":["Vault","JustLucky+1"],"picked":"Evaluate","floor":6.0},{"not_picked":["Crescendo","FlurryOfBlows+1"],"picked":"CutThroughFate+1","floor":8.0},{"not_picked":["Perseverance","TalkToTheHand+1"],"picked":"ReachHeaven+1","floor":10},{"not_picked":["InnerPeace","CrushJoints+1"],"picked":"BattleHymn","floor":12},{"not_picked":["SashWhip+1","JustLucky+1"],"picked":"ThirdEye","floor":14},{"not_picked":["SpiritShield","LessonLearned+1"],"picked":"Establishment","floor":16},{"not_picked":["Weave+1","CrushJoints+1"],"picked":"ForeignInfluence+1","floor":18},{"not_picked":["Fasting2","CutThroughFate+1"],"picked":"ThirdEye","floor":20},{"not_picked":["Vault","Prostrate+1"],"picked":"CrushJoints+1","floor":22},{"not_picked":["Vault","Weave+1","EmptyFist+1"],"picked":"SKIP","floor":28},{"not_picked":["ThirdEye","InnerPeace+1"],"picked":"Halt+1","floor":29},{"not_picked":["Conclude+1","Crescendo"],"picked":"EmptyFist+1","floor":31},{"not_picked":["DevaForm","SpiritShield"],"picked":"Judgement","floor":33},{"not_picked":["CarveReality+1","FollowUp+1"],"picked":"Evaluate+1","floor":35},{"not_picked":["CutThroughFate+1","Adaptation+1"],"picked":"CrushJoints+1","floor":38},{"not_picked":["Consecrate+1","Crescendo+1","ThirdEye"],"picked":"SKIP","floor":39},{"not_picked":["Brilliance+1","Halt+1"],"picked":"SashWhip+1","floor":41},{"not_picked":["JustLucky+1","Halt+1"],"picked":"CrushJoints+1","floor":45},{"not_picked":["SashWhip+1","Evaluate"],"picked":"Wallop+1","floor":46}],"player_experience":380599,"relics_obtained":[{"floor":6.0,"key":"Molten Egg 2"},{"floor":8.0,"key":"Pear"},{"floor":9.0,"key":"HornCleat"},{"floor":28,"key":"Happy Flower"},{"floor":41,"key":"Blood Vial"},{"floor":43,"key":"Oddly Smooth Stone"}],"event_choices":[{"damage_healed":0.0,"max_hp_gain":0.0,"max_hp_loss":0.0,"gold_gain":0.0,"event_name":"betterMatch:BetterMatch","player_choice":"2","floor":2.0,"gold_loss":0.0,"damage_taken":0.0,"cards_obtained":["betterMatch:UncommonCard"]},{"damage_healed":0,"gold_gain":0,"player_choice":"Full Heal","damage_taken":0,"max_hp_gain":0,"max_hp_loss":0,"event_name":"Wheel of Change","floor":13,"gold_loss":0},{"cards_removed":["Defend_P"],"damage_healed":0,"gold_gain":0,"player_choice":"Give","damage_taken":0,"max_hp_gain":0,"max_hp_loss":0,"event_name":"betterNote:BetterNote","floor":21,"gold_loss":0,"cards_obtained":["Strike_P"]},{"damage_healed":0,"gold_gain":0,"player_choice":"Opened","damage_taken":0,"relics_obtained":["Bronze Scales"],"max_hp_gain":0,"max_hp_loss":0,"event_name":"The Mausoleum","floor":24,"gold_loss":0,"cards_obtained":["Writhe"]},{"damage_healed":0,"gold_gain":0,"player_choice":"Got Potions","damage_taken":0,"max_hp_gain":0,"max_hp_loss":0,"event_name":"Lab","floor":36,"gold_loss":0},{"damage_healed":0,"gold_gain":0,"player_choice":"Forge","damage_taken":0,"max_hp_gain":0,"max_hp_loss":0,"event_name":"Accursed Blacksmith","floor":47,"gold_loss":0,"cards_upgraded":["Judgement"]}],"is_beta":false,"boss_relics":[{"not_picked":["Tiny House","SacredBark"],"picked":"Empty Cage"},{"not_picked":["Pandora\u0027s Box","Calling Bell"],"picked":"Cursed Key"}],"items_purged_floors":[42],"is_endless":false,"potions_floor_spawned":[1,5,6,12,14,16,18,31,33,35,39,41,45],"killed_by":"Nemesis","ascension_level":0}}