{"host":"q1tlngmkbyqa4avn","time":1610665033,"event":{"mods":["BaseMod","Curses Come First","Hermit","Minty Spire (QoL Compilation)","Rare Cards Sparkle","StSLib"],"gold_per_floor":[117,135,135,135,151,151,167,167,193,193,229,250,78,94,94,217,217,236,236,43,66,165,165,184,227,227,260,284,284,284,300,300,300,300],"floor_reached":33,"language":"ENG","playtime":1212,"items_purged":[],"score":452,"play_id":"b25b35d1-46f3-4a47-8c05-1d28748c0fcc","local_time":"20210114175713","is_ascension_mode":true,"campfire_choices":[{"floor":6.0,"key":"REST"},{"floor":8.0,"key":"DIG"},{"floor":10.0,"key":"DIG"},{"data":"hermit:Virtue","floor":15.0,"key":"SMITH"},{"data":"Metamorphosis","floor":23.0,"key":"SMITH"},{"floor":29.0,"key":"REST"},{"floor":32,"key":"REST"}],"circlet_count":0,"master_deck":["hermit:Strike_Hermit+1","hermit:Strike_Hermit+1","hermit:Strike_Hermit+1","hermit:Strike_Hermit+1","hermit:Defend_Hermit+1","hermit:Defend_Hermit+1","hermit:Defend_Hermit+1","hermit:Defend_Hermit+1","hermit:Snapshot","hermit:Covet","hermit:Glare","hermit:GoldenBullet","hermit:Virtue+1","hermit:LowProfile","hermit:Determination","hermit:Coalescence","hermit:HoleUp","hermit:Coalescence","hermit:RoundhouseKick","hermit:Determination+1","Metamorphosis+1","hermit:Snipe","hermit:SprayPray","hermit:Manifest+1","hermit:Ricochet+1","hermit:HoleUp+1"],"relics":["hermit:Momento","Shovel","hermit:RyeStalk","Golden Idol","Question Card","Ancient Tea Set","Pen Nib","Smiling Mask","Lee\u0027s Waffle","hermit:DentedPlate","Orichalcum","Peace Pipe","Ice Cream","MutagenicStrength"],"acts_visited":["Exordium","TheCity"],"potions_floor_usage":[],"damage_taken":[{"damage":4.0,"enemies":"Jaw Worm","floor":1.0,"turns":4.0},{"damage":0.0,"enemies":"Small Slimes","floor":2.0,"turns":3.0},{"damage":3.0,"enemies":"2 Louse","floor":5.0,"turns":2.0},{"damage":4.0,"enemies":"Exordium Wildlife","floor":7.0,"turns":4.0},{"damage":12.0,"enemies":"Gremlin Nob","floor":11.0,"turns":3.0},{"damage":6.0,"enemies":"Looter","floor":12.0,"turns":2.0},{"damage":5.0,"enemies":"Large Slime","floor":14.0,"turns":8.0},{"damage":41.0,"enemies":"The Guardian","floor":16.0,"turns":13.0},{"damage":4.0,"enemies":"Shell Parasite","floor":18.0,"turns":8.0},{"damage":1.0,"enemies":"Chosen","floor":21.0,"turns":5.0},{"damage":7.0,"enemies":"Centurion and Healer","floor":24.0,"turns":5.0},{"damage":13.0,"enemies":"Gremlin Leader","floor":25.0,"turns":6.0},{"damage":31.0,"enemies":"Book of Stabbing","floor":27.0,"turns":5.0},{"damage":1.0,"enemies":"Cultist and Chosen","floor":28.0,"turns":5.0},{"damage":2,"enemies":"Chosen and Byrds","floor":31,"turns":4},{"damage":81,"enemies":"Collector","floor":33,"turns":7}],"seed_played":"-7042123621399616484","potions_obtained":[{"floor":5.0,"key":"DistilledChaos"},{"floor":7.0,"key":"Strength Potion"},{"floor":11.0,"key":"hermit:Tonic"},{"floor":14.0,"key":"SpeedPotion"},{"floor":16.0,"key":"ColorlessPotion"},{"floor":18.0,"key":"Explosive Potion"},{"floor":21.0,"key":"PowerPotion"}],"is_trial":false,"path_per_floor":["M","M","?","?","M","R","M","R","T","R","E","M","$","M","R","B",null,"M","?","$","M","?","R","M","E","T","E","M","R","?","M","R","B"],"character_chosen":"HERMIT","items_purchased":["hermit:HoleUp","Lee\u0027s Waffle","Metamorphosis"],"campfire_rested":3,"item_purchase_floors":[13,13,20],"current_hp_per_floor":[46,46,39,21,18,40,36,36,36,36,24,18,82,77,77,36,68,64,64,64,63,63,63,56,43,43,12,11,45,45,43,77,0,0],"gold":300,"neow_bonus":"ONE_RARE_RELIC","is_daily":false,"chose_seed":false,"campfire_upgraded":2,"win_rate":0.0,"timestamp":1610665033,"path_taken":["M","M","?","?","M","R","M","R","T","R","E","M","$","M","R","BOSS","M","?","$","M","?","R","M","E","T","E","?","R","?","M","R","BOSS"],"items_purchased_type":["Card","Relic","Card"],"build_version":"2020-12-22","purchased_purges":0,"victory":false,"max_hp_per_floor":[75,75,75,75,75,75,75,75,75,75,75,75,82,82,82,82,114,114,114,114,114,114,114,114,114,114,114,114,114,114,114,114,114,114],"card_choices":[{"not_picked":["hermit:Virtue","hermit:Headshot"],"picked":"hermit:Glare","floor":1.0},{"not_picked":["hermit:Desperado","hermit:Virtue"],"picked":"hermit:GoldenBullet","floor":2.0},{"not_picked":["hermit:LuckOfTheDraw","hermit:HoleUp"],"picked":"hermit:Virtue","floor":5.0},{"not_picked":["hermit:FatalDesire","hermit:Headshot"],"picked":"hermit:LowProfile","floor":7.0},{"not_picked":["hermit:Dive","hermit:EyeOfTheStorm","hermit:FullyLoaded"],"picked":"hermit:Determination","floor":11.0},{"not_picked":["hermit:Dive","hermit:Headshot","hermit:PistolWhip"],"picked":"hermit:Coalescence","floor":12.0},{"not_picked":["hermit:PistolWhip","hermit:Virtue","hermit:WideOpen"],"picked":"hermit:Coalescence","floor":14.0},{"not_picked":["hermit:Dissolve","hermit:OverwhelmingPower","hermit:EternalForm"],"picked":"hermit:RoundhouseKick","floor":16.0},{"not_picked":["hermit:Deadeye","hermit:Desperado","hermit:LuckOfTheDraw"],"picked":"hermit:Determination+1","floor":18.0},{"not_picked":["hermit:DeadMansHand","hermit:Cheat","hermit:Vantage","hermit:ShadowCloak"],"picked":"SKIP","floor":21.0},{"not_picked":["hermit:Vantage","hermit:Feint","hermit:DeadMansHand"],"picked":"hermit:Snipe","floor":24.0},{"not_picked":["hermit:Midnight+1","hermit:TrackingShot","hermit:PistolWhip"],"picked":"hermit:SprayPray","floor":25.0},{"not_picked":["hermit:NoHoldsBarred+1","hermit:Scavenge","hermit:Roulette"],"picked":"hermit:Manifest+1","floor":27.0},{"not_picked":["hermit:CalledShot","hermit:Feint","hermit:Combo"],"picked":"hermit:Ricochet+1","floor":28.0},{"not_picked":["hermit:ItchyTrigger","hermit:Gestalt","hermit:Manifest"],"picked":"hermit:HoleUp+1","floor":31}],"player_experience":996184,"relics_obtained":[{"floor":8.0,"key":"Question Card"},{"floor":9.0,"key":"Ancient Tea Set"},{"floor":10.0,"key":"Pen Nib"},{"floor":11.0,"key":"Smiling Mask"},{"floor":25.0,"key":"Orichalcum"},{"floor":26.0,"key":"Peace Pipe"},{"floor":27.0,"key":"Ice Cream"}],"event_choices":[{"damage_healed":0.0,"max_hp_gain":0.0,"max_hp_loss":0.0,"gold_gain":0.0,"event_name":"Scrap Ooze","player_choice":"Success","floor":3.0,"gold_loss":0.0,"damage_taken":7.0,"relics_obtained":["hermit:RyeStalk"]},{"damage_healed":0.0,"max_hp_gain":0.0,"max_hp_loss":0.0,"gold_gain":0.0,"event_name":"Golden Idol","player_choice":"Take Damage","floor":4.0,"gold_loss":0.0,"damage_taken":18.0,"relics_obtained":["Golden Idol"]},{"damage_healed":0.0,"max_hp_gain":0.0,"max_hp_loss":0.0,"gold_gain":0.0,"event_name":"Back to Basics","player_choice":"Simplicity","floor":19.0,"gold_loss":0.0,"damage_taken":0.0,"cards_upgraded":["hermit:Strike_Hermit","hermit:Strike_Hermit","hermit:Strike_Hermit","hermit:Strike_Hermit","hermit:Defend_Hermit","hermit:Defend_Hermit","hermit:Defend_Hermit","hermit:Defend_Hermit"]},{"damage_healed":0.0,"max_hp_gain":0.0,"max_hp_loss":0.0,"gold_gain":99.0,"event_name":"Nest","player_choice":"Stole From Cult","floor":22.0,"gold_loss":0.0,"damage_taken":0.0},{"damage_healed":0.0,"max_hp_gain":0.0,"max_hp_loss":0.0,"gold_gain":0.0,"event_name":"Drug Dealer","player_choice":"Inject Mutagens","floor":30.0,"gold_loss":0.0,"damage_taken":0.0,"relics_obtained":["MutagenicStrength"]}],"is_beta":false,"boss_relics":[{"not_picked":["SacredBark","Runic Pyramid"],"picked":"hermit:DentedPlate"}],"items_purged_floors":[],"is_endless":false,"potions_floor_spawned":[5,7,11,14,16,18,21],"killed_by":"Collector","ascension_level":8}}