{"host":"pzq1vc4uuxkm5fg8","time":1610606740,"event":{"mods":["BaseMod","BetterRewards","Hermit","Minty Spire (QoL Compilation)","Replay The Spire","Shop Mod","StSLib","The Cursed","The Mystic"],"gold_per_floor":[118,135,152,170,181,209,228,259,283,295,295,305,305,330,330,429,429,445,445,460,479,429,455,455,455],"floor_reached":24,"language":"ENG","playtime":5826,"items_purged":[],"score":242,"play_id":"4b805db2-f78c-4c6b-a9c1-e6f0bf245905","local_time":"20210114014540","is_ascension_mode":false,"campfire_choices":[{"floor":11,"key":"REST"},{"floor":13,"key":"REST"},{"floor":15,"key":"REST"}],"circlet_count":0,"master_deck":["mysticmod:Strike_Mystic","mysticmod:Strike_Mystic","mysticmod:Strike_Mystic","mysticmod:Strike_Mystic","mysticmod:Defend_Mystic","mysticmod:Defend_Mystic","mysticmod:Defend_Mystic","mysticmod:Defend_Mystic","mysticmod:ArcaneDodge","mysticmod:ShockingGrasp+1","mysticmod:HeavyStrike","mysticmod:Daze","mysticmod:Alacrity","mysticmod:RapidCaster","mysticmod:MirrorStrike","mysticmod:StyleChange","mysticmod:ChargedParry","mysticmod:LightningBolt","mysticmod:VorpalThrust","mysticmod:PowerSlash","mysticmod:Natural20","mysticmod:Spellstrike","mysticmod:ComponentsPouch","mysticmod:Fireball","mysticmod:Alacrity","mysticmod:ComboCaster"],"relics":["mysticmod:SpellBook","Pantograph","Replay:Wax Seal","Boot","Replay:Baseball","Tiny Chest"],"acts_visited":["Exordium","TheCity"],"potions_floor_usage":[8,23,23,24],"damage_taken":[{"damage":0.0,"enemies":"Cultist","floor":1.0,"turns":3.0},{"damage":14.0,"enemies":"Small Slimes","floor":2.0,"turns":4.0},{"damage":5.0,"enemies":"Jaw Worm","floor":3.0,"turns":3.0},{"damage":7.0,"enemies":"Blue Slaver","floor":4.0,"turns":5.0},{"damage":4.0,"enemies":"Lots of Slimes","floor":5.0,"turns":5.0},{"damage":26.0,"enemies":"3 Sentries","floor":6.0,"turns":7.0},{"damage":2.0,"enemies":"2 Fungi Beasts","floor":7.0,"turns":4.0},{"damage":12,"enemies":"Lagavulin","floor":8,"turns":6},{"damage":0,"enemies":"Red Slaver","floor":10,"turns":3},{"damage":10,"enemies":"Exordium Wildlife","floor":12,"turns":3},{"damage":10,"enemies":"3 Sentries","floor":14,"turns":5},{"damage":51,"enemies":"The Guardian","floor":16,"turns":14},{"damage":1,"enemies":"Chosen","floor":18,"turns":3},{"damage":5,"enemies":"2 Thieves","floor":20,"turns":5},{"damage":24,"enemies":"Cultist and Chosen","floor":21,"turns":6},{"damage":41,"enemies":"Slavers","floor":23,"turns":6},{"damage":9,"enemies":"Shelled Parasite and Fungi","floor":24,"turns":2}],"seed_played":"2688369166127049582","potions_obtained":[{"floor":3.0,"key":"DistilledChaos"},{"floor":4.0,"key":"DistilledChaos"},{"floor":6.0,"key":"FearPotion"},{"floor":8,"key":"Weak Potion"},{"floor":16,"key":"Doom Potion"},{"floor":21,"key":"LiquidMemories"},{"floor":23,"key":"Adrenaline Potion"}],"is_trial":false,"path_per_floor":["M","M","M","M","M","E","M","E","T","M","R","M","R","E","R","B",null,"M","?","M","M","?","E","M"],"character_chosen":"MYSTIC_CLASS","items_purchased":[],"campfire_rested":3,"item_purchase_floors":[],"current_hp_per_floor":[77,63,58,51,47,21,19,7,7,7,30,20,43,33,56,26,77,76,76,71,47,47,6,0,0],"gold":455,"neow_bonus":"UPGRADE_CARD","is_daily":false,"chose_seed":false,"campfire_upgraded":0,"win_rate":0.0,"timestamp":1610606740,"path_taken":["M","M","M","M","M","E","M","E","T","?","R","M","R","E","R","BOSS","M","?","M","?","?","E","M"],"items_purchased_type":[],"build_version":"2020-12-22","purchased_purges":0,"victory":false,"max_hp_per_floor":[77,77,77,77,77,77,77,77,77,77,77,77,77,77,77,77,77,77,77,77,77,77,77,77,77],"card_choices":[{"not_picked":["mysticmod:TomeOfSpells","mysticmod:KeenEdge"],"picked":"mysticmod:HeavyStrike","floor":1.0},{"not_picked":["mysticmod:SuddenClarity","mysticmod:EarthenWall"],"picked":"mysticmod:Daze","floor":2.0},{"not_picked":["mysticmod:SuddenClarity","mysticmod:ComponentsPouch"],"picked":"mysticmod:Alacrity","floor":3.0},{"not_picked":["mysticmod:BladeMaster","mysticmod:HeavyStrike"],"picked":"mysticmod:RapidCaster","floor":4.0},{"not_picked":["mysticmod:ComponentsPouch","mysticmod:Fireball"],"picked":"mysticmod:MirrorStrike","floor":5.0},{"not_picked":["mysticmod:EnergizedRift","mysticmod:Stoneskin"],"picked":"mysticmod:StyleChange","floor":6.0},{"not_picked":["mysticmod:MagicWeapon","mysticmod:Probe"],"picked":"mysticmod:ChargedParry","floor":7.0},{"not_picked":["mysticmod:SuddenClarity","mysticmod:Alacrity"],"picked":"mysticmod:LightningBolt","floor":8},{"not_picked":["mysticmod:PureInstinct","mysticmod:Dedication"],"picked":"mysticmod:VorpalThrust","floor":10},{"not_picked":["mysticmod:TomeOfSpells","mysticmod:ComponentsPouch"],"picked":"mysticmod:PowerSlash","floor":12},{"not_picked":["mysticmod:Disengage","mysticmod:PureInstinct"],"picked":"mysticmod:Natural20","floor":14},{"not_picked":["mysticmod:ClosingBarrage","mysticmod:SpontaneousCaster"],"picked":"mysticmod:Spellstrike","floor":16},{"not_picked":["mysticmod:DiviningBlow","mysticmod:TomeOfSpells+1"],"picked":"mysticmod:ComponentsPouch","floor":18},{"not_picked":["mysticmod:EarthenWall","mysticmod:AllIn"],"picked":"mysticmod:Fireball","floor":20},{"not_picked":["mysticmod:StyleChange","mysticmod:EnergizedRift"],"picked":"mysticmod:Alacrity","floor":21},{"not_picked":["mysticmod:Riposte","mysticmod:Probe"],"picked":"mysticmod:ComboCaster","floor":23}],"player_experience":315636,"relics_obtained":[{"floor":6.0,"key":"Pantograph"},{"floor":8,"key":"Replay:Wax Seal"},{"floor":9,"key":"Boot"},{"floor":14,"key":"Replay:Baseball"},{"floor":23,"key":"Tiny Chest"}],"event_choices":[{"damage_healed":0,"gold_gain":0,"player_choice":"Bought 0 Potions","damage_taken":0,"max_hp_gain":0,"max_hp_loss":0,"event_name":"The Woman in Blue","floor":19,"gold_loss":0},{"damage_healed":0,"gold_gain":0,"player_choice":"Bet on Owner","damage_taken":0,"max_hp_gain":0,"max_hp_loss":0,"event_name":"The Joust","floor":22,"gold_loss":50}],"is_beta":false,"boss_relics":[{"not_picked":["Honey Jar","Coffee Dripper","Snecko Eye"]}],"items_purged_floors":[],"is_endless":false,"potions_floor_spawned":[3,4,6,8,16,21,23],"killed_by":"Shelled Parasite and Fungi","ascension_level":0}}