{"host":"ow66nzv2xecjoor3","time":1610610042,"event":{"mods":["BaseMod","Bestiary","Block Reminder","Colored Powertips","Curses Come First","Highlight Path","Keyboard Shortcuts","Minty Spire (QoL Compilation)","Permanent Neow","Relic Stats","StSLib","UnlockEverythingMod"],"gold_per_floor":[109,124,144,155,230,257,257,270,270,270,293,325,386,416,428,521,533,565,586,616,645,657,669,711,723,817,829,841,863,893,931,943,1041,1053,1082,1112,586,596,302,302,337,349,376,376,412,430,464,507,507,507,507,507,507,167,193,193],"floor_reached":57,"language":"ENG","playtime":4214,"items_purged":["Bash"],"score":2885,"play_id":"15e49dd3-8ddb-49f1-b69a-de495ad36e3b","local_time":"20210114014042","is_ascension_mode":true,"campfire_choices":[{"data":"Fiend Fire","floor":7.0,"key":"SMITH"},{"data":"Combust","floor":10.0,"key":"SMITH"},{"data":"Heavy Blade","floor":15.0,"key":"SMITH"},{"data":"Blood for Blood","floor":23.0,"key":"SMITH"},{"data":"Limit Break","floor":25.0,"key":"SMITH"},{"data":"Power Through","floor":28.0,"key":"SMITH"},{"data":"Discovery","floor":32.0,"key":"SMITH"},{"floor":40,"key":"RECALL"},{"data":"Rage","floor":44,"key":"SMITH"},{"data":"Pommel Strike","floor":49,"key":"SMITH"},{"data":"True Grit","floor":53,"key":"SMITH"}],"circlet_count":0,"master_deck":["AscendersBane","Pommel Strike+1","Heavy Blade+1","Fiend Fire+1","Inflame","Double Tap","Power Through+1","True Grit+1","Rage+1","Clothesline","Pommel Strike","Blood for Blood+1","Combust+1","Spot Weakness","Battle Trance+1","Limit Break+1","Second Wind","Discovery+1","Ghostly Armor+1","Reaper","Dark Embrace","Double Tap","Violence","Bloodletting+1","Disarm","Pommel Strike+1","Burning Pact+1","Madness","Madness","Entrench+1","Reaper","Chrysalis","Limit Break+1","Exhume"],"relics":["Pandora\u0027s Box","TungstenRod","Meat on the Bone","Odd Mushroom","Eternal Feather","CeramicFish","MawBank","Runic Pyramid","Matryoshka","Pear","Mummified Hand","Charon\u0027s Ashes","Coffee Dripper","Membership Card","Happy Flower","Nunchaku","Pen Nib","Question Card","White Beast Statue","Omamori","Shovel","FossilizedHelix","Akabeko","War Paint","DollysMirror","StrikeDummy"],"acts_visited":["Exordium","TheCity","TheBeyond","TheEnding"],"potions_floor_usage":[51,56,56],"damage_taken":[{"damage":18.0,"enemies":"Small Slimes","floor":1.0,"turns":5.0},{"damage":0.0,"enemies":"2 Louse","floor":2.0,"turns":2.0},{"damage":0.0,"enemies":"Cultist","floor":3.0,"turns":2.0},{"damage":4.0,"enemies":"Large Slime","floor":4.0,"turns":5.0},{"damage":1.0,"enemies":"Lagavulin","floor":6.0,"turns":4.0},{"damage":4.0,"enemies":"2 Fungi Beasts","floor":8.0,"turns":3.0},{"damage":4.0,"enemies":"The Mushroom Lair","floor":11.0,"turns":5.0},{"damage":8.0,"enemies":"3 Sentries","floor":12.0,"turns":5.0},{"damage":12.0,"enemies":"3 Sentries","floor":13.0,"turns":4.0},{"damage":2.0,"enemies":"Lagavulin","floor":14.0,"turns":5.0},{"damage":29.0,"enemies":"Slime Boss","floor":16.0,"turns":8.0},{"damage":20.0,"enemies":"Shell Parasite","floor":18.0,"turns":2.0},{"damage":0.0,"enemies":"Chosen","floor":20.0,"turns":2.0},{"damage":22.0,"enemies":"3 Cultists","floor":21.0,"turns":4.0},{"damage":27.0,"enemies":"Slavers","floor":24.0,"turns":6.0},{"damage":15.0,"enemies":"Snecko","floor":29.0,"turns":4.0},{"damage":0.0,"enemies":"Shelled Parasite and Fungi","floor":30.0,"turns":3.0},{"damage":3.0,"enemies":"Centurion and Healer","floor":31.0,"turns":9.0},{"damage":6.0,"enemies":"Automaton","floor":33.0,"turns":6.0},{"damage":23.0,"enemies":"3 Darklings","floor":35.0,"turns":7.0},{"damage":15.0,"enemies":"Orb Walker","floor":36.0,"turns":4.0},{"damage":14.0,"enemies":"Sphere and 2 Shapes","floor":38.0,"turns":3.0},{"damage":31,"enemies":"Reptomancer","floor":41,"turns":3},{"damage":4,"enemies":"Writhing Mass","floor":42,"turns":3},{"damage":3,"enemies":"Nemesis","floor":45,"turns":5},{"damage":2,"enemies":"Mind Bloom Boss Battle","floor":47,"turns":5},{"damage":4,"enemies":"Giant Head","floor":48,"turns":3},{"damage":56,"enemies":"Awakened One","floor":50,"turns":10},{"damage":26,"enemies":"Donu and Deca","floor":51,"turns":6},{"damage":27,"enemies":"Shield and Spear","floor":55,"turns":3},{"damage":119,"enemies":"The Heart","floor":56,"turns":9}],"seed_played":"-4790059480877364559","potions_obtained":[{"floor":2.0,"key":"Block Potion"},{"floor":4.0,"key":"Energy Potion"},{"floor":6.0,"key":"LiquidBronze"},{"floor":14.0,"key":"SmokeBomb"},{"floor":16.0,"key":"Energy Potion"},{"floor":18.0,"key":"SteroidPotion"},{"floor":29.0,"key":"Ancient Potion"},{"floor":31.0,"key":"HeartOfIron"},{"floor":35.0,"key":"BlessingOfTheForge"},{"floor":42,"key":"GamblersBrew"},{"floor":47,"key":"PowerPotion"}],"is_trial":false,"path_per_floor":["M","M","M","M","?","E","R","M","T","R","?","E","?","E","R","B",null,"M","?","M","M","?","R","E","R","T","?","R","M","M","M","R","B",null,"M","M","$","M","$","R","E","M","T","R","E","?","?","E","R","B","B",null,"R","$","E","B",null],"character_chosen":"IRONCLAD","items_purchased":["Membership Card","Dark Embrace","Happy Flower","Nunchaku","Double Tap","Violence","Bloodletting","Pen Nib","Question Card","Disarm","Chrysalis","War Paint","DollysMirror","Exhume","SpeedPotion"],"campfire_rested":0,"item_purchase_floors":[37,37,37,37,37,37,39,39,39,39,54,54,54,54,54],"current_hp_per_floor":[50,50,50,46,35,34,34,30,30,30,38,42,42,40,49,32,64,44,34,46,36,36,45,30,39,49,49,58,43,43,52,64,58,78,85,85,85,84,84,85,62,58,58,73,70,56,76,85,85,85,83,85,85,85,85,27],"gold":193,"neow_bonus":"BOSS_RELIC","is_daily":false,"chose_seed":false,"campfire_upgraded":10,"win_rate":0.0,"timestamp":1610610042,"path_taken":["M","M","M","M","?","E","R","M","T","R","?","E","?","E","R","BOSS","M","?","?","M","?","R","E","R","T","?","R","M","M","M","R","BOSS","M","?","$","M","$","R","E","M","T","R","E","?","?","E","R","BOSS","BOSS","R","$","E","BOSS"],"items_purchased_type":["Relic","Card","Relic","Relic","Card","Card","Card","Relic","Relic","Card","Card","Relic","Relic","Card","Potion"],"build_version":"2020-12-22","purchased_purges":1,"victory":true,"max_hp_per_floor":[75,75,75,75,75,75,75,75,75,75,75,75,75,75,75,75,75,75,75,75,75,75,75,75,75,85,85,85,85,85,85,85,85,85,85,85,85,85,85,85,85,85,85,85,85,85,85,85,85,85,85,85,85,85,85,85],"relic_stats":{"Happy Flower":[16],"counters":[31,145],"CeramicFish":171,"Eternal Feather":64,"Charon\u0027s Ashes":[853],"Pen Nib":[9],"War Paint":["Battle Trance","Bloodletting"],"MawBank":276,"Question Card":6,"Nunchaku":[10],"Shovel":0,"Mummified Hand":[67],"Pandora\u0027s Box":["Pommel Strike","Heavy Blade","Fiend Fire","Inflame","Double Tap","Power Through","True Grit","Rage","Clothesline"],"obtain_stats":[{"CeramicFish":13,"Burning Blood":0,"Nunchaku":37,"Matryoshka":24,"Shovel":45,"Mummified Hand":26,"DollysMirror":54,"Runic Pyramid":17,"Pear":26,"Happy Flower":37,"Eternal Feather":12,"Charon\u0027s Ashes":27,"Pen Nib":39,"Omamori":43,"Odd Mushroom":11,"War Paint":54,"MawBank":14,"Question Card":39,"White Beast Statue":41,"Akabeko":48,"Pandora\u0027s Box":0,"Coffee Dripper":34,"Membership Card":37,"StrikeDummy":55,"TungstenRod":6,"FossilizedHelix":47,"Meat on the Bone":9},{"CeramicFish":9,"Burning Blood":0,"Nunchaku":21,"Matryoshka":15,"Shovel":25,"Mummified Hand":15,"DollysMirror":29,"Runic Pyramid":11,"Pear":15,"Happy Flower":21,"Eternal Feather":8,"Charon\u0027s Ashes":15,"Pen Nib":22,"Omamori":24,"Odd Mushroom":7,"War Paint":29,"MawBank":10,"Question Card":22,"White Beast Statue":23,"Akabeko":27,"Pandora\u0027s Box":0,"Coffee Dripper":19,"Membership Card":21,"StrikeDummy":30,"TungstenRod":5,"FossilizedHelix":26,"Meat on the Bone":6},{"CeramicFish":35,"Burning Blood":0,"Nunchaku":95,"Matryoshka":62,"Shovel":109,"Mummified Hand":62,"DollysMirror":133,"Runic Pyramid":48,"Pear":62,"Happy Flower":95,"Eternal Feather":31,"Charon\u0027s Ashes":62,"Pen Nib":98,"Omamori":104,"Odd Mushroom":26,"War Paint":133,"MawBank":40,"Question Card":98,"White Beast Statue":101,"Akabeko":117,"Pandora\u0027s Box":0,"Coffee Dripper":84,"Membership Card":95,"StrikeDummy":136,"TungstenRod":18,"FossilizedHelix":114,"Meat on the Bone":21}],"TungstenRod":163,"Meat on the Bone":108},"card_choices":[{"not_picked":["Cleave","Heavy Blade"],"picked":"Pommel Strike","floor":1.0},{"not_picked":["Sword Boomerang","Thunderclap","Pommel Strike"],"picked":"SKIP","floor":2.0},{"not_picked":["Clash","Iron Wave","Entrench"],"picked":"SKIP","floor":3.0},{"not_picked":["Clash","Flex","Twin Strike"],"picked":"SKIP","floor":4.0},{"not_picked":["Wild Strike","Seeing Red"],"picked":"Blood for Blood","floor":6.0},{"not_picked":["Corruption","True Grit"],"picked":"Combust","floor":8.0},{"not_picked":["Heavy Blade","Twin Strike"],"picked":"Spot Weakness","floor":11.0},{"not_picked":["Body Slam","Dark Embrace"],"picked":"Battle Trance","floor":12.0},{"not_picked":["Shrug It Off","Wild Strike","Havoc"],"picked":"SKIP","floor":14.0},{"not_picked":["Barricade","Juggernaut"],"picked":"Limit Break","floor":16.0},{"not_picked":["Blood for Blood","Searing Blow"],"picked":"Second Wind","floor":18.0},{"not_picked":["Body Slam","Searing Blow","Ghostly Armor"],"picked":"SKIP","floor":20.0},{"not_picked":["Flex","Havoc","Shrug It Off"],"picked":"SKIP","floor":21.0},{"not_picked":["Perfected Strike","Wild Strike","Clothesline"],"picked":"SKIP","floor":24.0},{"not_picked":["Searing Blow","Body Slam","Anger"],"picked":"SKIP","floor":29.0},{"not_picked":["Havoc","Bludgeon","Warcry"],"picked":"SKIP","floor":30.0},{"not_picked":["Body Slam+1","Cleave"],"picked":"Ghostly Armor+1","floor":31.0},{"not_picked":["Brutality","Impervious"],"picked":"Reaper","floor":33.0},{"not_picked":["Perfected Strike","Twin Strike+1","Blood for Blood"],"picked":"SKIP","floor":35.0},{"not_picked":["Hemokinesis","Clash","Wild Strike"],"picked":"SKIP","floor":36.0},{"not_picked":["Combust","Clash","Infernal Blade"],"picked":"SKIP","floor":38.0},{"not_picked":["Perfected Strike","Hemokinesis","Body Slam"],"picked":"Pommel Strike+1","floor":41},{"not_picked":["Twin Strike+1","Warcry","Ghostly Armor","Iron Wave"],"picked":"SKIP","floor":42},{"not_picked":["Combust","Infernal Blade+1","True Grit"],"picked":"Burning Pact+1","floor":45},{"not_picked":["Sword Boomerang+1","Infernal Blade+1","Heavy Blade"],"picked":"Entrench+1","floor":47},{"not_picked":["Fire Breathing","Warcry+1","Flex+1"],"picked":"Reaper","floor":48},{"not_picked":["Warcry","Combust","Sword Boomerang","Headbutt"],"picked":"SKIP","floor":55}],"player_experience":2707740,"relics_obtained":[{"floor":6.0,"key":"TungstenRod"},{"floor":9.0,"key":"Meat on the Bone"},{"floor":11.0,"key":"Odd Mushroom"},{"floor":12.0,"key":"Eternal Feather"},{"floor":13.0,"key":"CeramicFish"},{"floor":14.0,"key":"MawBank"},{"floor":24.0,"key":"Matryoshka"},{"floor":26.0,"key":"Pear"},{"floor":26.0,"key":"Mummified Hand"},{"floor":27.0,"key":"Charon\u0027s Ashes"},{"floor":41,"key":"White Beast Statue"},{"floor":43,"key":"Omamori"},{"floor":45,"key":"Shovel"},{"floor":47,"key":"FossilizedHelix"},{"floor":48,"key":"Akabeko"},{"floor":55,"key":"StrikeDummy"}],"event_choices":[{"damage_healed":0.0,"max_hp_gain":0.0,"max_hp_loss":0.0,"gold_gain":75.0,"event_name":"World of Goop","player_choice":"Gather Gold","floor":5.0,"gold_loss":0.0,"damage_taken":11.0},{"damage_healed":0.0,"max_hp_gain":0.0,"max_hp_loss":0.0,"gold_gain":0.0,"event_name":"Mushrooms","player_choice":"Fought Mushrooms","floor":11.0,"gold_loss":0.0,"damage_taken":0.0},{"damage_healed":0.0,"max_hp_gain":0.0,"max_hp_loss":0.0,"gold_gain":30.0,"event_name":"Dead Adventurer","player_choice":"Searched \u00272\u0027 times","floor":13.0,"gold_loss":0.0,"damage_taken":0.0},{"damage_healed":0.0,"max_hp_gain":0.0,"max_hp_loss":0.0,"gold_gain":0.0,"event_name":"Knowing Skull","player_choice":"CARD ","floor":19.0,"potions_obtained":[],"gold_loss":0.0,"damage_taken":12.0,"cards_obtained":["Discovery"]},{"damage_healed":0.0,"max_hp_gain":0.0,"max_hp_loss":0.0,"gold_gain":0.0,"event_name":"Beggar","player_choice":"Ignored","floor":22.0,"gold_loss":0.0,"damage_taken":0.0},{"damage_healed":0.0,"max_hp_gain":0.0,"max_hp_loss":0.0,"gold_gain":0.0,"event_name":"Wheel of Change","player_choice":"Relic","floor":27.0,"gold_loss":0.0,"damage_taken":0.0},{"damage_healed":0,"gold_gain":0,"player_choice":"Embrace Madness","damage_taken":15,"max_hp_gain":0,"max_hp_loss":0,"event_name":"Winding Halls","floor":46,"gold_loss":0,"cards_obtained":["Madness","Madness"]},{"damage_healed":0,"gold_gain":0,"player_choice":"Fight","damage_taken":0,"max_hp_gain":0,"max_hp_loss":0,"event_name":"MindBloom","floor":47,"gold_loss":0}],"is_beta":false,"boss_relics":[{"not_picked":["SlaversCollar","Busted Crown"],"picked":"Runic Pyramid"},{"not_picked":["SacredBark","Runic Dome"],"picked":"Coffee Dripper"}],"items_purged_floors":[37],"is_endless":false,"potions_floor_spawned":[2,4,6,12,13,14,16,18,21,29,31,35,42,45,47,48,55],"ascension_level":20}}