{"host":"tnsigirk6wurdark","time":1610656592,"event":{"mods":["BaseMod","Bestiary","Colored Map","Colored Powertips","Curses Come First","DeckTracker","Highlight Path","Minty Spire (QoL Compilation)","Quick Restart","Relic Sorter","Replay The Spire","StSLib","Synergy Search"],"gold_per_floor":[109,122,74,249,259,259,289,289,370,370,424,21,37,48,48,151,151,169,159,174,186,186,214,214,214],"floor_reached":24,"language":"ENG","playtime":3747,"items_purged":["Strike_G"],"score":243,"play_id":"f119684a-b6f3-432f-99ba-f0fbccc9fd5a","local_time":"20210114203632","is_ascension_mode":false,"campfire_choices":[{"data":"Poisoned Stab","floor":6,"key":"SMITH"},{"data":"Underhanded Strike","floor":8,"key":"SMITH"},{"data":"Underhanded Strike","floor":10,"key":"SMITH"},{"floor":15,"key":"REST"}],"circlet_count":0,"master_deck":["Strike_G","Strike_G","Strike_G","Strike_G","Defend_G+1","Defend_G+1","Defend_G+1","Defend_G+1","Defend_G+1","Survivor","Neutralize","Underhanded Strike+1","Flying Knee","Doubt","Poisoned Stab+1","Underhanded Strike+1","Deadly Poison","Dagger Throw","Well Laid Plans","Blur","Slice","Cloak And Dagger","Replay:Bag of Tricks","Prepared+1","Deadly Poison+1","Acrobatics","Eviscerate+1"],"relics":["Ring of the Snake","Replay:Bottled Eggs","Sozu","Smiling Mask","Mummified Hand","Strange Spoon","Regal Pillow"],"acts_visited":["Exordium","TheCity"],"potions_floor_usage":[7,7,7,13,16,16,23],"damage_taken":[{"damage":7,"enemies":"Cultist","floor":1,"turns":4},{"damage":0,"enemies":"Jaw Worm","floor":2,"turns":3},{"damage":0,"enemies":"Small Slimes","floor":5,"turns":3},{"damage":0,"enemies":"Gremlin Nob","floor":7,"turns":3},{"damage":2,"enemies":"Gremlin Gang","floor":13,"turns":3},{"damage":2,"enemies":"Looter","floor":14,"turns":2},{"damage":25,"enemies":"Hexaghost","floor":16,"turns":10},{"damage":2,"enemies":"Chosen","floor":18,"turns":4},{"damage":3,"enemies":"2 Thieves","floor":19,"turns":4},{"damage":8,"enemies":"Snecko","floor":20,"turns":5},{"damage":21,"enemies":"Cultist and Chosen","floor":21,"turns":9},{"damage":25,"enemies":"Book of Stabbing","floor":23,"turns":7},{"damage":7,"enemies":"Snake Plant","floor":24,"turns":2}],"seed_played":"-7618395070139832854","potions_obtained":[{"floor":1,"key":"DistilledChaos"},{"floor":5,"key":"SkillPotion"},{"floor":11,"key":"DuplicationPotion"},{"floor":13,"key":"Swift Potion"},{"floor":14,"key":"FearPotion"}],"is_trial":false,"path_per_floor":["M","M","$","?","M","R","E","R","T","R","?","$","M","M","R","B",null,"M","M","M","M","?","E","M"],"character_chosen":"THE_SILENT","items_purchased":["Fire Potion","Dagger Throw","Well Laid Plans","Strange Spoon","PowerPotion","Blur"],"campfire_rested":1,"item_purchase_floors":[3,12,12,12,12,12],"current_hp_per_floor":[70,70,70,70,70,70,70,70,70,70,40,40,38,36,59,34,77,75,72,64,43,29,4,0,0],"gold":214,"neow_bonus":"TEN_PERCENT_HP_BONUS","is_daily":false,"chose_seed":false,"campfire_upgraded":3,"win_rate":0.0,"timestamp":1610656592,"path_taken":["M","?","$","?","M","R","E","R","T","R","?","$","M","M","R","BOSS","M","?","M","M","?","E","M"],"items_purchased_type":["Potion","Card","Card","Relic","Potion","Card"],"build_version":"2020-12-22","purchased_purges":1,"victory":false,"max_hp_per_floor":[77,77,77,77,77,77,77,77,77,77,77,77,77,77,77,77,77,77,77,77,77,82,82,82,82],"card_choices":[{"not_picked":["Expertise","Deadly Poison"],"picked":"Underhanded Strike","floor":1},{"not_picked":["PiercingWail","Dodge and Roll"],"picked":"Flying Knee","floor":2},{"not_picked":["Bane","Noxious Fumes"],"picked":"Poisoned Stab","floor":5},{"not_picked":["Atom Bomb","Dagger Spray"],"picked":"Underhanded Strike","floor":7},{"not_picked":["Expertise","Distraction"],"picked":"Deadly Poison","floor":11},{"not_picked":["Noxious Fumes","Deflect"],"picked":"Slice","floor":13},{"not_picked":["Concentrate","Distraction"],"picked":"Cloak And Dagger","floor":14},{"not_picked":["Poison Darts","Atom Bomb"],"picked":"Replay:Bag of Tricks","floor":16},{"not_picked":["ReplayTheSpireMod:Tripwire","Backstab"],"picked":"Prepared+1","floor":18},{"not_picked":["Dodge and Roll","Prepared","All Out Attack+1"],"picked":"SKIP","floor":19},{"not_picked":["Deflect","Expertise"],"picked":"Deadly Poison+1","floor":20},{"not_picked":["Setup+1","Backflip"],"picked":"Acrobatics","floor":21},{"not_picked":["Deflect","Leg Sweep"],"picked":"Eviscerate+1","floor":23}],"player_experience":761405,"relics_obtained":[{"floor":7,"key":"Smiling Mask"},{"floor":9,"key":"Replay:Bottled Eggs"},{"floor":11,"key":"Mummified Hand"},{"floor":23,"key":"Regal Pillow"}],"event_choices":[{"damage_healed":0,"gold_gain":175,"player_choice":"AGREE","damage_taken":0,"max_hp_gain":0,"max_hp_loss":0,"event_name":"Liars Game","floor":4,"gold_loss":0,"cards_obtained":["Doubt"]},{"damage_healed":0,"gold_gain":0,"player_choice":"Shed Blood","damage_taken":19,"max_hp_gain":5,"max_hp_loss":0,"event_name":"Forgotten Altar","floor":22,"gold_loss":0}],"is_beta":false,"boss_relics":[{"not_picked":["ChewingGum","SlaversCollar"],"picked":"Sozu"}],"items_purged_floors":[12],"is_endless":false,"potions_floor_spawned":[1,5,13,14,18,19,20],"killed_by":"Snake Plant","ascension_level":0}}