{"host":"9jj9tzo2iym4bpat","time":1610666875,"event":{"mods":["Act Like it!","BaseMod","CapriCore","Dark Map","Luminous","Marisa????????","Minty Spire (QoL Compilation)","Permanent Neow","StSLib","Td1madao Mod","The Animator","The Immortal","The Marked","The Servant 0.9.4","Yakumo Yukari mod"],"gold_per_floor":[137,151,151,2,16,16,16,49,49,62,16,16,47,66,66,185,185,203,219,219,57,71,109,17,17,17,17,17,17,0,0,0,131,131,150,174,188,188,209,209,252,585,585,585,585,585,585],"floor_reached":46,"language":"ENG","playtime":1536,"items_purged":[],"score":523,"play_id":"8f5496d1-891b-45bd-8193-a6af5176fd30","local_time":"20210114172755","is_ascension_mode":true,"campfire_choices":[{"data":"OmniscientAndOmnipotent_Monster_purple","floor":6,"key":"SMITH"},{"floor":12,"key":"REST"},{"floor":15,"key":"REST"},{"floor":25,"key":"REST"},{"floor":28,"key":"REST"},{"floor":32,"key":"REST"},{"floor":40,"key":"REST"},{"floor":44,"key":"REST"}],"circlet_count":0,"master_deck":["AT_purpleEX","AT_purpleEX","AT_purpleEX","AT_purpleEX","Defend_purpleEX","Defend_purpleEX","Defend_purpleEX","Defend_purpleEX","Observe_purple_1","Observe_purple_2","Umbrella_purple","Mirror_FormAndEmptin_purple","OmniscientAndOmnipotent_Monster_purple+1","StretchesForeverDream_purple","Charmbait_purple","Umbrella_purple","Photoelasticity_Doppler_Effect_purple","Shallow_ocean_purpleEX","Know_ledgeAbilityRealm_purple","CurseOfTheBell","Anti_communist_purple","Line_surface_state_purple","Fantasy_PerpetualMotionMachine_purple","WorldDissolvedintheRealm_purple","Charmbait_purple","OmniscientAndOmnipotent_Monster_purple","GluttonyofRealm_purpleEX","SharpContractionReality_purple","Worldmountain_purple","Shame","Fancifulhole_purple","StateErode_purple+1","Charmbait_purple","Erosivefilter_purple+1","MeetDecomposer_purple","DimensionStaggered_purple"],"relics":["Boundary_crack","Memoryfragments_purpleEX","Smiling Mask","Vajra","Bird Faced Urn","WingedGreaves","Sundial","Calling Bell","Tiny Chest","Blue Candle","Calipers","MutagenicStrength","Shuriken","StoneCalendar","Juzu Bracelet","Bag of Preparation","Seventeenyearold_girl_Forever","Singing Bowl","Bottled Flame"],"acts_visited":["Exordium","TheCity","TheBeyond"],"potions_floor_usage":[13,16,23,33,41,41,46],"damage_taken":[{"damage":0,"enemies":"Small Slimes","floor":1,"turns":4},{"damage":0,"enemies":"2 Louse","floor":2,"turns":3},{"damage":1,"enemies":"Cultist","floor":5,"turns":3},{"damage":57,"enemies":"3 Sentries","floor":8,"turns":9},{"damage":12,"enemies":"Exordium Thugs","floor":10,"turns":5},{"damage":25,"enemies":"Lagavulin","floor":13,"turns":4},{"damage":0,"enemies":"3 Louse","floor":14,"turns":2},{"damage":9,"enemies":"Hexaghost","floor":16,"turns":9},{"damage":19,"enemies":"3 Byrds","floor":18,"turns":5},{"damage":1,"enemies":"Chosen","floor":19,"turns":3},{"damage":0,"enemies":"Snecko","floor":22,"turns":2},{"damage":50,"enemies":"Book of Stabbing","floor":23,"turns":6},{"damage":55,"enemies":"Automaton","floor":33,"turns":7},{"damage":2,"enemies":"Orb Walker","floor":35,"turns":2},{"damage":0,"enemies":"3 Shapes","floor":36,"turns":2},{"damage":0,"enemies":"3 Darklings","floor":37,"turns":2},{"damage":25,"enemies":"4 Shapes","floor":39,"turns":3},{"damage":43,"enemies":"Nemesis","floor":41,"turns":5},{"damage":75,"enemies":"Writhing Mass","floor":46,"turns":3}],"seed_played":"-7678900042618484173","potions_obtained":[{"floor":2,"key":"LiquidBronze"},{"floor":10,"key":"Dexterity Potion"},{"floor":16,"key":"Energy Potion"},{"floor":19,"key":"Swift Potion"},{"floor":22,"key":"DistilledChaos"},{"floor":33,"key":"EssenceOfSteel"},{"floor":36,"key":"PowerPotion"}],"is_trial":false,"path_per_floor":["M","M","?","$","M","R","?","E","T","M","$","R","E","M","R","B",null,"M","M","?","$","M","E","$","R","T","?","R","$","?","T","R","B",null,"M","M","M","?","M","R","E","?","T","R","?","M"],"character_chosen":"Youkari","items_purchased":["Vajra","Umbrella_purple","Fantasy_PerpetualMotionMachine_purple","WorldDissolvedintheRealm_purple","Charmbait_purple","SharpContractionReality_purple","Worldmountain_purple"],"campfire_rested":7,"item_purchase_floors":[4,11,21,21,21,24,24],"current_hp_per_floor":[70,70,70,70,70,70,70,18,18,10,10,31,8,8,29,22,70,51,50,50,50,50,4,4,25,25,25,46,46,46,46,67,14,70,68,73,73,69,49,70,32,32,32,53,55,0,0],"gold":585,"neow_bonus":"RANDOM_COMMON_RELIC","is_daily":false,"chose_seed":false,"campfire_upgraded":1,"win_rate":0.0,"timestamp":1610666875,"path_taken":["M","M","?","$","M","R","?","E","T","?","?","R","E","M","R","BOSS","M","M","?","$","M","E","$","R","T","?","R","$","?","?","R","BOSS","M","M","M","?","M","R","E","?","T","R","?","M"],"items_purchased_type":["Relic","Card","Card","Card","Card","Card","Card"],"build_version":"2020-12-22","purchased_purges":0,"victory":false,"max_hp_per_floor":[70,70,70,70,70,70,70,70,70,70,70,70,70,70,70,70,70,70,70,70,70,70,70,70,70,70,70,70,70,70,70,70,70,70,70,73,73,69,72,72,72,72,72,72,74,74,74],"card_choices":[{"not_picked":["Worldmountain_purple","Line_surface_state_purple"],"picked":"Umbrella_purple","floor":1},{"not_picked":["Boundary_of_Extermination_purpleEX","Charmbait_purple"],"picked":"Mirror_FormAndEmptin_purple","floor":2},{"not_picked":["Mirror_FormAndEmptin_purple","DimensionStaggered_purple"],"picked":"OmniscientAndOmnipotent_Monster_purple","floor":5},{"not_picked":["OmniscientAndOmnipotent_Monster_purple","AdvanceAttack_purple"],"picked":"StretchesForeverDream_purple","floor":8},{"not_picked":["Realm_recovery_purpleEX","WeekHit_purple"],"picked":"Charmbait_purple","floor":10},{"not_picked":["MNeedle_purple","Erosivefilter_purple"],"picked":"Photoelasticity_Doppler_Effect_purple","floor":13},{"not_picked":["StateDuplicate_purple","ButterflyHabitatTemple_purple"],"picked":"Shallow_ocean_purpleEX","floor":14},{"not_picked":["WangLiang_LineAndCurveDreams_purple","MagicEyes_LaplaceDemon_purple"],"picked":"Know_ledgeAbilityRealm_purple","floor":16},{"not_picked":["Erosivefilter_purple","Boundary_of_Extermination_purpleEX+1"],"picked":"Anti_communist_purple","floor":18},{"not_picked":["AdvanceAttack_purple","OmniscientAndOmnipotent_Monster_purple"],"picked":"Line_surface_state_purple","floor":19},{"not_picked":["Umbrella_purple","WingOfChimera_purple"],"picked":"OmniscientAndOmnipotent_Monster_purple","floor":22},{"not_picked":["ButterflyHabitatTemple_purple","StateDuplicate_purple"],"picked":"GluttonyofRealm_purpleEX","floor":23},{"not_picked":["D_absorption_purple","UniverseChoice_purple"],"picked":"Fancifulhole_purple","floor":33},{"not_picked":["SfantasyHide_purple+1","Bait_HighSpeedFlying_purple+1"],"picked":"StateErode_purple+1","floor":35},{"not_picked":["Worldmountain_purple","Realm_recovery_purpleEX+1"],"picked":"Charmbait_purple","floor":36},{"not_picked":["MetroBOOM_purple+1","Charmbait_purple+1"],"picked":"Erosivefilter_purple+1","floor":37},{"not_picked":["SharpContractionReality_purple","StateErode_purple"],"picked":"MeetDecomposer_purple","floor":39},{"not_picked":["MonsterNeedle_purple","StateDuplicate_purple"],"picked":"DimensionStaggered_purple","floor":41},{"not_picked":["Purity","Dramatic Entrance","Master of Strategy"],"picked":"Singing Bowl","floor":45}],"player_experience":242620,"relics_obtained":[{"floor":8,"key":"Bird Faced Urn"},{"floor":9,"key":"WingedGreaves"},{"floor":13,"key":"Sundial"},{"floor":17,"key":"Tiny Chest"},{"floor":17,"key":"Blue Candle"},{"floor":17,"key":"Calipers"},{"floor":23,"key":"Shuriken"},{"floor":26,"key":"StoneCalendar"},{"floor":31,"key":"Bag of Preparation"},{"floor":41,"key":"Singing Bowl"},{"floor":43,"key":"Bottled Flame"}],"event_choices":[{"damage_healed":0,"gold_gain":0,"player_choice":"Take Wound","damage_taken":0,"relics_obtained":["Golden Idol"],"max_hp_gain":0,"max_hp_loss":0,"event_name":"Golden Idol","floor":3,"gold_loss":0,"cards_obtained":["Injury"]},{"cards_removed":["Injury"],"damage_healed":0,"gold_gain":0,"player_choice":"Removed Curses","damage_taken":0,"max_hp_gain":0,"max_hp_loss":0,"event_name":"Fountain of Cleansing","floor":7,"gold_loss":0},{"damage_healed":0,"gold_gain":0,"player_choice":"Inject Mutagens","damage_taken":0,"relics_obtained":["MutagenicStrength"],"max_hp_gain":0,"max_hp_loss":0,"event_name":"Drug Dealer","floor":20,"gold_loss":0},{"damage_healed":0,"gold_gain":0,"player_choice":"Stole Relic","damage_taken":0,"relics_obtained":["Juzu Bracelet"],"max_hp_gain":0,"max_hp_loss":0,"event_name":"Addict","floor":27,"gold_loss":0,"cards_obtained":["Shame"]},{"damage_healed":0,"gold_gain":0,"player_choice":"Paid Fearfully","damage_taken":0,"max_hp_gain":0,"max_hp_loss":0,"event_name":"Masked Bandits","floor":30,"gold_loss":17},{"damage_healed":0,"gold_gain":0,"player_choice":"Max HP","damage_taken":0,"max_hp_gain":0,"max_hp_loss":4,"event_name":"Winding Halls","floor":38,"gold_loss":0},{"damage_healed":0,"gold_gain":333,"player_choice":"Gave Idol","damage_taken":0,"max_hp_gain":0,"max_hp_loss":0,"event_name":"The Moai Head","floor":42,"relics_lost":["Golden Idol"],"gold_loss":0},{"damage_healed":0,"gold_gain":0,"player_choice":"Memory 1","damage_taken":0,"max_hp_gain":0,"max_hp_loss":0,"event_name":"SensoryStone","floor":45,"gold_loss":0}],"is_beta":false,"boss_relics":[{"not_picked":["Tiny House","Astrolabe"],"picked":"Calling Bell"},{"not_picked":["Coffee Dripper","Runic Dome"],"picked":"Seventeenyearold_girl_Forever"}],"items_purged_floors":[],"is_endless":false,"potions_floor_spawned":[2,10,16,19,22,33,36,39],"killed_by":"Writhing Mass","ascension_level":1}}