{"host":"tnsigirk6wurdark","time":1610592591,"event":{"mods":["BaseMod","Colored Map","Colored Powertips","Highlight Path","Minty Spire (QoL Compilation)","Quick Restart","Relic Sorter","StSLib","Synergy Search"],"gold_per_floor":[115,130,140,160,30,59,75,75,75,75,75,94,123,134,134,211,211,227,152,167,178,198,198,227,34,34,34,34,59,59,19,19,97,97,108,123,70,70,0,0,0],"floor_reached":40,"language":"ENG","playtime":4448,"items_purged":["Strike_G","Strike_G"],"score":785,"play_id":"baba9372-b7db-4167-953c-0cd0ebce1b40","local_time":"20210114024951","is_ascension_mode":true,"campfire_choices":[{"floor":8,"key":"REST"},{"data":"Tactician","floor":11,"key":"SMITH"},{"floor":15,"key":"REST"},{"data":"Tactician","floor":23,"key":"SMITH"},{"floor":27,"key":"REST"},{"floor":30,"key":"REST"},{"data":"Footwork","floor":32,"key":"SMITH"}],"circlet_count":0,"master_deck":["AscendersBane","Strike_G","Strike_G","Defend_G","Defend_G","Defend_G","Defend_G","Defend_G","Survivor","Neutralize","Acrobatics","Dagger Throw","Acrobatics","Tactician+1","Expertise","Distraction","Neutralize","Venomology","Flying Knee","Tactician+1","Backflip","Bouncing Flask","Footwork+1","Slice","Crippling Poison","Footwork+1","Night Terror","PiercingWail+1","Choke"],"relics":["Ring of the Snake","Runic Pyramid","NeowsBlessing","White Beast Statue","Mango","Incense Burner","Calipers","Frozen Egg 2","Tingsha","Regal Pillow","Philosopher\u0027s Stone","Red Mask"],"acts_visited":["Exordium","TheCity","TheBeyond"],"potions_floor_usage":[6,6,12,13,13,14,16,18,20,20,21,21,21,22,22,24,24,29,29,33,33,36,36,40,40,40],"damage_taken":[{"damage":0,"enemies":"Cultist","floor":1,"turns":1},{"damage":0,"enemies":"Jaw Worm","floor":2,"turns":1},{"damage":0,"enemies":"2 Louse","floor":3,"turns":1},{"damage":2,"enemies":"Exordium Wildlife","floor":4,"turns":5},{"damage":36,"enemies":"3 Sentries","floor":6,"turns":16},{"damage":4,"enemies":"2 Fungi Beasts","floor":7,"turns":4},{"damage":0,"enemies":"3 Louse","floor":12,"turns":2},{"damage":15,"enemies":"Lagavulin","floor":13,"turns":7},{"damage":1,"enemies":"Red Slaver","floor":14,"turns":5},{"damage":49,"enemies":"The Guardian","floor":16,"turns":29},{"damage":1,"enemies":"Spheric Guardian","floor":18,"turns":3},{"damage":3,"enemies":"Chosen","floor":20,"turns":7},{"damage":17,"enemies":"Snecko","floor":21,"turns":8},{"damage":0,"enemies":"Snake Plant","floor":22,"turns":6},{"damage":42,"enemies":"Slavers","floor":24,"turns":4},{"damage":4,"enemies":"Book of Stabbing","floor":29,"turns":6},{"damage":26,"enemies":"Collector","floor":33,"turns":12},{"damage":6,"enemies":"3 Shapes","floor":35,"turns":8},{"damage":19,"enemies":"3 Darklings","floor":36,"turns":6},{"damage":92,"enemies":"Giant Head","floor":40,"turns":10}],"seed_played":"-1086717471730022188","potions_obtained":[{"floor":3,"key":"ColorlessPotion"},{"floor":6,"key":"Explosive Potion"},{"floor":7,"key":"LiquidMemories"},{"floor":12,"key":"ColorlessPotion"},{"floor":13,"key":"LiquidBronze"},{"floor":14,"key":"Dexterity Potion"},{"floor":16,"key":"ColorlessPotion"},{"floor":18,"key":"Regen Potion"},{"floor":20,"key":"Energy Potion"},{"floor":21,"key":"SkillPotion"},{"floor":22,"key":"SkillPotion"},{"floor":24,"key":"BlessingOfTheForge"},{"floor":29,"key":"Ancient Potion"},{"floor":33,"key":"Fruit Juice"},{"floor":35,"key":"Energy Potion"},{"floor":36,"key":"SmokeBomb"}],"is_trial":false,"path_per_floor":["M","M","M","M","$","E","M","R","T","?","R","M","E","M","R","B",null,"M","?","M","M","M","R","E","$","T","R","T","E","R","$","R","B",null,"M","M","$","?","?","E"],"character_chosen":"THE_SILENT","items_purchased":["SpeedPotion","Footwork","Slice","Footwork+1","Swift Potion"],"campfire_rested":4,"item_purchase_floors":[5,25,25,31,37],"current_hp_per_floor":[59,59,59,57,57,21,17,36,50,50,50,50,35,34,58,9,62,61,61,73,56,56,56,14,14,14,38,38,34,73,73,73,52,77,71,52,52,52,52,0,0],"gold":0,"neow_bonus":"THREE_ENEMY_KILL","is_daily":false,"chose_seed":false,"campfire_upgraded":3,"win_rate":0.0,"timestamp":1610592591,"path_taken":["M","M","M","?","?","E","M","R","T","?","R","?","E","M","R","BOSS","M","?","M","M","M","R","E","$","T","R","?","E","R","?","R","BOSS","M","M","$","?","?","E"],"items_purchased_type":["Potion","Card","Card","Card","Potion"],"build_version":"2020-12-22","purchased_purges":2,"victory":false,"max_hp_per_floor":[66,66,66,66,66,66,66,66,80,80,80,80,80,80,80,80,80,80,80,80,80,80,80,80,80,80,80,80,80,80,80,80,85,85,85,85,85,81,81,81,81],"card_choices":[{"not_picked":["Cloak And Dagger","Predator","Outmaneuver"],"picked":"SKIP","floor":1},{"not_picked":["Sucker Punch","Riddle With Holes"],"picked":"Acrobatics","floor":2},{"not_picked":["Backstab","Predator"],"picked":"Dagger Throw","floor":3},{"not_picked":["Eviscerate","Choke"],"picked":"Acrobatics","floor":4},{"not_picked":["Dodge and Roll","Prepared"],"picked":"Tactician","floor":6},{"not_picked":["Slice","Bane"],"picked":"Expertise","floor":7},{"not_picked":["Deflect","Dodge and Roll","Eviscerate"],"picked":"SKIP","floor":12},{"not_picked":["Dagger Spray","Flechettes","Masterful Stab"],"picked":"SKIP","floor":13},{"not_picked":["Deflect","Distraction","Blade Dance"],"picked":"SKIP","floor":14},{"not_picked":["Glass Knife","Envenom"],"picked":"Venomology","floor":16},{"not_picked":["Flechettes","Blur"],"picked":"Flying Knee","floor":18},{"not_picked":["Acrobatics+1","Skewer"],"picked":"Tactician","floor":20},{"not_picked":["Dodge and Roll","Endless Agony"],"picked":"Backflip","floor":21},{"not_picked":["Dagger Throw","PiercingWail","Blade Dance"],"picked":"SKIP","floor":22},{"not_picked":["Accuracy","Flechettes+1"],"picked":"Bouncing Flask","floor":24},{"not_picked":["Deflect","Poisoned Stab"],"picked":"Crippling Poison","floor":29},{"not_picked":["Malaise","Die Die Die"],"picked":"Night Terror","floor":33},{"not_picked":["Dagger Throw","Expertise"],"picked":"PiercingWail+1","floor":35},{"not_picked":["Poisoned Stab","Eviscerate+1"],"picked":"Choke","floor":36}],"player_experience":730776,"relics_obtained":[{"floor":6,"key":"White Beast Statue"},{"floor":9,"key":"Mango"},{"floor":13,"key":"Incense Burner"},{"floor":24,"key":"Calipers"},{"floor":26,"key":"Frozen Egg 2"},{"floor":28,"key":"Tingsha"},{"floor":29,"key":"Regal Pillow"}],"event_choices":[{"damage_healed":0,"gold_gain":0,"player_choice":"2 cards matched","damage_taken":0,"max_hp_gain":0,"max_hp_loss":0,"event_name":"Match and Keep!","floor":10,"gold_loss":0,"cards_obtained":["Distraction","Neutralize"]},{"damage_healed":0,"gold_gain":0,"player_choice":"2 cards matched","damage_taken":0,"max_hp_gain":0,"max_hp_loss":0,"event_name":"Match and Keep!","floor":10,"gold_loss":0,"cards_obtained":["Distraction","Neutralize"]},{"cards_removed":["Strike_G"],"damage_healed":0,"gold_gain":0,"player_choice":"Gave Gold","damage_taken":0,"max_hp_gain":0,"max_hp_loss":0,"event_name":"Beggar","floor":19,"gold_loss":75},{"damage_healed":0,"gold_gain":0,"player_choice":"Max HP","damage_taken":0,"max_hp_gain":0,"max_hp_loss":4,"event_name":"Winding Halls","floor":38,"gold_loss":0},{"damage_healed":0,"gold_gain":0,"player_choice":"Paid","damage_taken":0,"relics_obtained":["Red Mask"],"max_hp_gain":0,"max_hp_loss":0,"event_name":"Tomb of Lord Red Mask","floor":39,"gold_loss":70}],"is_beta":false,"boss_relics":[{"not_picked":["Tiny House","WristBlade"],"picked":"Runic Pyramid"},{"not_picked":["SacredBark","Coffee Dripper"],"picked":"Philosopher\u0027s Stone"}],"items_purged_floors":[5,25],"is_endless":false,"potions_floor_spawned":[3,6,7,12,13,14,16,18,20,21,22,24,29,33,35,36],"killed_by":"Giant Head","ascension_level":16}}