{"host":"ekha54jsiuuqgn65","time":1610609398,"event":{"mods":["BaseMod","Colored Map","Conspire","Lobotomy","LobotomyExtend","Minty Spire (QoL Compilation)","Quick Restart","Replay The Spire","StSLib","SuperFastMode","The Marked","[IsaacMod]ÒÔÈö¼âËþ","vexMod","¡¾ÒÅÎï¿¨ÅÆ¡¿REMEMod"],"gold_per_floor":[118,118,125,125,125,100,111,111,111,134,210,235,235,185,288,89,89,183,183,197,158,158],"floor_reached":21,"language":"ZHS","playtime":505,"items_purged":[],"score":234,"play_id":"fd914390-39eb-4bba-9abd-1cc43440c344","local_time":"20210114152958","is_ascension_mode":true,"campfire_choices":[{"data":"REME_Fury","floor":8,"key":"SMITH"},{"data":"Replay:Vibes","floor":13,"key":"SMITH"},{"floor":17,"key":"REST"}],"circlet_count":0,"master_deck":["Strike_P","Strike_P","Strike_P","Strike_P","Defend_P","Defend_P","Defend_P","Defend_P","Eruption","Vigilance","Replay:BluntJabs","REME_Fury+1","Replay:Vibes+1","FollowUp","Replay:BluntJabs","conspire:SpireCoStock","Halt","WheelKick","WheelKick","REME_CRH","CurseOfTheBell","Parasite"],"relics":["PureWater","HushsDoor","REME_ComplimentaryCards","NeowsBlessing","LetterFromLob","SalivaCoin","Eternal Feather","NineVolt","Calling Bell","TheBean","FossilizedHelix","Divine Protection","LaetitiaHeart"],"acts_visited":["Exordium","TheCity"],"potions_floor_usage":[18],"damage_taken":[{"damage":0,"enemies":"Jaw Worm","floor":1,"turns":1},{"damage":0,"enemies":"2 Louse","floor":7,"turns":1},{"damage":2,"enemies":"conspire:RoseBush","floor":10,"turns":1},{"damage":10,"enemies":"Looter","floor":12,"turns":3},{"damage":36,"enemies":"Replay:BlueRogue","floor":15,"turns":8},{"damage":0,"enemies":"Slime Boss","floor":18,"turns":5},{"damage":0,"enemies":"2 Thieves","floor":20,"turns":2},{"damage":25,"enemies":"2 Thieves","floor":21,"turns":2}],"seed_played":"-8995921339215960992","potions_obtained":[{"floor":15,"key":"ColorlessPotion"},{"floor":18,"key":"Ambrosia"}],"is_trial":false,"path_per_floor":["M","?","?","PTL","PTL","?","M","R","?","M","T","M","R","?","E","$","R","B",null,"M","M"],"character_chosen":"WATCHER","items_purchased":["NineVolt","WheelKick"],"campfire_rested":1,"item_purchase_floors":[16,16],"current_hp_per_floor":[72,72,65,65,65,65,65,65,65,63,63,53,53,53,17,17,47,47,72,17,0,0],"gold":158,"neow_bonus":"THREE_ENEMY_KILL","is_daily":false,"chose_seed":false,"campfire_upgraded":2,"win_rate":0.0,"timestamp":1610609398,"path_taken":["M","?","?","PTL","PTL","?","?","R","?","M","T","M","R","?","E","$","R","BOSS","M","?"],"items_purchased_type":["Relic","Card"],"build_version":"2020-12-22","purchased_purges":0,"victory":false,"max_hp_per_floor":[72,72,72,72,72,72,72,72,72,72,72,72,72,72,72,72,72,72,72,72,72,72],"card_choices":[{"not_picked":[],"picked":"EpicFetus","floor":0},{"not_picked":["Crescendo","EmptyFist"],"picked":"Replay:BluntJabs","floor":1},{"not_picked":["Replay:ManipulateFuture","Consecrate"],"picked":"Replay:Vibes","floor":7},{"not_picked":["Protect","Swivel"],"picked":"FollowUp","floor":10},{"not_picked":["FlyingSleeves","Evaluate"],"picked":"Replay:BluntJabs","floor":12},{"not_picked":["Collect","Scrawl"],"picked":"Halt","floor":15},{"not_picked":["REME_WorshipGod","Scrawl"],"picked":"REME_CRH","floor":18}],"player_experience":27546,"relics_obtained":[{"floor":1,"key":"LetterFromLob"},{"floor":15,"key":"Eternal Feather"},{"floor":19,"key":"TheBean"},{"floor":19,"key":"FossilizedHelix"},{"floor":19,"key":"Divine Protection"}],"event_choices":[{"damage_healed":0,"gold_gain":0,"player_choice":"Disagree","damage_taken":0,"max_hp_gain":0,"max_hp_loss":0,"event_name":"conspire:LoneGhost","floor":2,"gold_loss":0},{"cards_removed":["EpicFetus"],"damage_healed":0,"gold_gain":0,"player_choice":"Card Removal","damage_taken":7,"max_hp_gain":0,"max_hp_loss":0,"event_name":"Golden Wing","floor":3,"gold_loss":0},{"damage_healed":0,"gold_gain":0,"player_choice":"Invest 1","damage_taken":0,"max_hp_gain":0,"max_hp_loss":0,"event_name":"conspire:Investor","floor":14,"gold_loss":0}],"is_beta":false,"boss_relics":[{"not_picked":["Replay:Bronze Core","vexMod:RockOfEvil"],"picked":"Calling Bell"},{"not_picked":[]}],"items_purged_floors":[],"is_endless":false,"potions_floor_spawned":[15,18],"killed_by":"2 Thieves","ascension_level":1}}