{"host":"mdbnki27vzqujy5q","time":1610612774,"event":{"mods":["BaseMod","Better Note","Better Skull","Colored Map","Colored Powertips","DeckTracker","Highlight Path","Minty Spire (QoL Compilation)","Quick Restart","Rare Cards Sparkle","StSLib"],"gold_per_floor":[118,136,67,84,97,97,132,132,132,132,162,178,178,206,206,305,305,324,334,334,334,334,334],"floor_reached":22,"language":"ENG","playtime":726,"items_purged":[],"score":224,"play_id":"3f657f73-7c76-4739-b595-f30b03348f19","local_time":"20210114002614","is_ascension_mode":true,"campfire_choices":[{"data":"Self Repair","floor":6.0,"key":"SMITH"},{"data":"Aggregate","floor":10.0,"key":"SMITH"},{"floor":13.0,"key":"REST"},{"data":"Echo Form","floor":15.0,"key":"SMITH"}],"circlet_count":0,"master_deck":["Strike_B+1","Strike_B","Strike_B","Strike_B","Defend_B","Defend_B","Defend_B","Defend_B","Zap","Dualcast","Aggregate+1","Cold Snap","Self Repair+1","Lockon","Blizzard","Ball Lightning+1","Leap","Defragment","Echo Form+1","Echo Form","Coolheaded","Conserve Battery","Feed+1"],"relics":["Cracked Core","NeowsBlessing","Pen Nib","Whetstone","Kunai","Lantern","Sozu","Pantograph"],"acts_visited":["Exordium","TheCity"],"potions_floor_usage":[22],"damage_taken":[{"damage":0.0,"enemies":"Cultist","floor":1.0,"turns":1.0},{"damage":0.0,"enemies":"Small Slimes","floor":2.0,"turns":1.0},{"damage":0.0,"enemies":"Jaw Worm","floor":4.0,"turns":1.0},{"damage":6.0,"enemies":"Looter","floor":5.0,"turns":2.0},{"damage":23.0,"enemies":"Lagavulin","floor":7.0,"turns":6.0},{"damage":14.0,"enemies":"3 Sentries","floor":11.0,"turns":4.0},{"damage":23.0,"enemies":"Lots of Slimes","floor":12.0,"turns":3.0},{"damage":19.0,"enemies":"Lagavulin","floor":14.0,"turns":5.0},{"damage":13.0,"enemies":"The Guardian","floor":16.0,"turns":8.0},{"damage":44.0,"enemies":"2 Thieves","floor":18.0,"turns":3.0},{"damage":29.0,"enemies":"Shell Parasite","floor":19.0,"turns":5.0},{"damage":35,"enemies":"Shelled Parasite and Fungi","floor":22,"turns":3}],"seed_played":"-5346497161422505946","potions_obtained":[{"floor":1.0,"key":"SpeedPotion"},{"floor":2.0,"key":"PowerPotion"},{"floor":5.0,"key":"FocusPotion"},{"floor":8.0,"key":"EssenceOfDarkness"},{"floor":8.0,"key":"Weak Potion"},{"floor":11.0,"key":"Swift Potion"}],"is_trial":false,"path_per_floor":["M","M","$","M","M","R","E","?","T","R","E","M","R","E","R","B",null,"M","M","?","?","M"],"character_chosen":"DEFECT","items_purchased":["Self Repair"],"campfire_rested":1,"item_purchase_floors":[3],"current_hp_per_floor":[75,75,75,75,69,69,56,56,56,56,52,39,61,52,52,59,75,41,22,22,22,0,0],"gold":334,"neow_bonus":"THREE_ENEMY_KILL","is_daily":false,"chose_seed":false,"campfire_upgraded":3,"win_rate":0.0,"timestamp":1610612774,"path_taken":["M","?","$","M","?","R","E","?","T","R","E","?","R","E","R","BOSS","M","M","?","?","M"],"items_purchased_type":["Card"],"build_version":"2020-12-22","purchased_purges":0,"victory":false,"max_hp_per_floor":[75,75,75,75,75,75,75,75,75,75,75,75,75,75,75,75,75,75,75,75,75,79,79],"card_choices":[{"not_picked":["Aggregate","Cold Snap","Rebound"],"picked":"SKIP","floor":1.0},{"not_picked":["Cold Snap","Rebound"],"picked":"Aggregate","floor":1.0},{"not_picked":["Steam","Steam Power"],"picked":"Cold Snap","floor":2.0},{"not_picked":["Undo","Force Field"],"picked":"Lockon","floor":4.0},{"not_picked":["Sweeping Beam","Hello World"],"picked":"Blizzard","floor":5.0},{"not_picked":["Hello World","Steam"],"picked":"Ball Lightning","floor":7.0},{"not_picked":["Rainbow","Ball Lightning"],"picked":"Leap","floor":11.0},{"not_picked":["Glacier","Coolheaded"],"picked":"Defragment","floor":12.0},{"not_picked":["Compile Driver","Reprogram"],"picked":"Echo Form","floor":14.0},{"not_picked":["Multi-Cast","All For One"],"picked":"Echo Form","floor":16.0},{"not_picked":["Lockon","Reinforced Body"],"picked":"Coolheaded","floor":18.0},{"not_picked":["Beam Cell","BootSequence"],"picked":"Conserve Battery","floor":19.0}],"player_experience":82502,"relics_obtained":[{"floor":7.0,"key":"Pen Nib"},{"floor":9.0,"key":"Whetstone"},{"floor":11.0,"key":"Kunai"},{"floor":14.0,"key":"Lantern"}],"event_choices":[{"damage_healed":0.0,"max_hp_gain":0.0,"max_hp_loss":0.0,"gold_gain":0.0,"event_name":"Lab","player_choice":"Got Potions","floor":8.0,"gold_loss":0.0,"damage_taken":0.0},{"cards_removed":["Echo Form"],"damage_healed":0.0,"max_hp_gain":0.0,"max_hp_loss":0.0,"gold_gain":0.0,"event_name":"betterNote:BetterNote","player_choice":"Take \u0026 Give","floor":20.0,"gold_loss":0.0,"damage_taken":0.0,"cards_obtained":["Feed"]},{"damage_healed":0.0,"max_hp_gain":0.0,"max_hp_loss":0.0,"gold_gain":0.0,"event_name":"WeMeetAgain","player_choice":"Gave Potion","floor":21.0,"gold_loss":0.0,"damage_taken":0.0,"relics_obtained":["Pantograph"]}],"is_beta":false,"boss_relics":[{"not_picked":["Snecko Eye","Pandora\u0027s Box"],"picked":"Sozu"}],"items_purged_floors":[],"is_endless":false,"potions_floor_spawned":[1,2,5,11,19],"killed_by":"Shelled Parasite and Fungi","ascension_level":2}}