{"host":"oehe2dxjvdgux73m","time":1610625660,"event":{"mods":["AchievementEnabler","BaseMod","Colored Map","Colored Powertips","DeckTracker","Keyboard Shortcuts","Minty Spire (QoL Compilation)","Permanent Neow","Quick Restart","StSLib","SuperFastMode"],"gold_per_floor":[117,134,152,152,227,227,227,227,298,268,286,286,386,398,398,398,398],"floor_reached":16,"language":"KOR","playtime":504,"items_purged":[],"score":153,"play_id":"53d3ca0d-4ab3-46bd-a677-b9a7e30244b7","local_time":"20210114210100","is_ascension_mode":true,"campfire_choices":[{"data":"Tactician","floor":6.0,"key":"SMITH"},{"data":"Neutralize","floor":8,"key":"SMITH"},{"data":"All Out Attack","floor":15,"key":"SMITH"}],"circlet_count":0,"master_deck":["AscendersBane","Strike_G","Strike_G","Strike_G","Strike_G","Strike_G","Defend_G","Defend_G","Defend_G","Defend_G","Defend_G","Survivor","Neutralize+1","PiercingWail","Tactician+1","Acrobatics","Parasite","Prepared","All Out Attack+1"],"relics":["Ring of the Snake","TungstenRod","Gremlin Horn"],"acts_visited":["Exordium"],"potions_floor_usage":[16,16],"damage_taken":[{"damage":3.0,"enemies":"Small Slimes","floor":1.0,"turns":4.0},{"damage":0.0,"enemies":"2 Louse","floor":2.0,"turns":4.0},{"damage":9.0,"enemies":"Cultist","floor":3.0,"turns":6.0},{"damage":5,"enemies":"Looter","floor":10,"turns":4},{"damage":12,"enemies":"3 Louse","floor":11,"turns":4},{"damage":2,"enemies":"Blue Slaver","floor":14,"turns":5},{"damage":60,"enemies":"The Guardian","floor":16,"turns":19}],"seed_played":"3084665381175144794","potions_obtained":[{"floor":1.0,"key":"DistilledChaos"},{"floor":11,"key":"Swift Potion"},{"floor":14,"key":"GhostInAJar"}],"is_trial":false,"path_per_floor":["M","M","M","?","?","R","?","R","T","M","M","?","?","M","R","B"],"character_chosen":"THE_SILENT","items_purchased":[],"campfire_rested":0,"item_purchase_floors":[],"current_hp_per_floor":[56,56,47,47,37,37,52,52,52,47,35,40,40,38,38,0,0],"gold":398,"neow_bonus":"ONE_RARE_RELIC","is_daily":false,"chose_seed":false,"campfire_upgraded":3,"win_rate":0.0,"timestamp":1610625660,"path_taken":["M","M","M","?","?","R","?","R","T","M","M","?","?","?","R","BOSS"],"items_purchased_type":[],"build_version":"2020-12-22","purchased_purges":0,"victory":false,"max_hp_per_floor":[60,60,60,60,60,60,60,60,60,60,60,65,65,65,65,65,65],"card_choices":[{"not_picked":["Blur","Sucker Punch"],"picked":"PiercingWail","floor":1.0},{"not_picked":["Calculated Gamble","Quick Slash"],"picked":"Tactician","floor":2.0},{"not_picked":["Concentrate","Underhanded Strike"],"picked":"Acrobatics","floor":3.0},{"not_picked":["Cloak And Dagger","Outmaneuver","Leg Sweep"],"picked":"SKIP","floor":10},{"not_picked":["Outmaneuver","Wraith Form v2"],"picked":"Prepared","floor":11},{"not_picked":["Escape Plan","Sucker Punch"],"picked":"All Out Attack","floor":14}],"player_experience":191211,"relics_obtained":[{"floor":9,"key":"Gremlin Horn"}],"event_choices":[{"damage_healed":0.0,"max_hp_gain":0.0,"max_hp_loss":0.0,"gold_gain":0.0,"event_name":"Liars Game","player_choice":"Ignored","floor":4.0,"gold_loss":0.0,"damage_taken":0.0},{"damage_healed":0.0,"max_hp_gain":0.0,"max_hp_loss":0.0,"gold_gain":75.0,"event_name":"World of Goop","player_choice":"Gather Gold","floor":5.0,"gold_loss":0.0,"damage_taken":11.0},{"damage_healed":15,"gold_gain":0,"player_choice":"Healed and dodged fight","damage_taken":0,"max_hp_gain":0,"max_hp_loss":0,"event_name":"Mushrooms","floor":7,"gold_loss":0,"cards_obtained":["Parasite"]},{"damage_healed":0,"gold_gain":0,"player_choice":"Donut","damage_taken":0,"max_hp_gain":5,"max_hp_loss":0,"event_name":"Big Fish","floor":12,"gold_loss":0},{"damage_healed":0,"gold_gain":100,"player_choice":"Gold","damage_taken":0,"max_hp_gain":0,"max_hp_loss":0,"event_name":"Wheel of Change","floor":13,"gold_loss":0}],"is_beta":false,"boss_relics":[],"items_purged_floors":[],"is_endless":false,"potions_floor_spawned":[1,11,14],"killed_by":"The Guardian","ascension_level":14}}