{"host":"nkvlzktxjd25uwls","time":1610638072,"event":{"mods":["AchievementEnabler","BaseMod","Better Altar","Better Match","Better Note","Better Sensory Stone","Better Skull","Better Third Choice","BetterRewards","Colored Map","Conspire","Downfall","GifTheSpireLib","Googly Eyes","Halation","Hermit","Highlight Path","Mimic Mod","Minty Spire (QoL Compilation)","Replay The Spire","Shop Mod","Spicy Shops","StSLib","Stuff the Spire","Unceasing Turn Reminder","everything is the same but u backflip on backflip","slay the spire mod where everything is the same but ironclad has a cowboy hat"],"gold_per_floor":[99,99,99,99,99,99,114,146,181,195,49,49,65,65,65,78,97,97,97,97],"floor_reached":18,"language":"ENG","playtime":1538,"items_purged":["Languid"],"score":110,"play_id":"568bf549-a322-45c8-add4-fd221a2cee7a","local_time":"20210114182752","is_ascension_mode":false,"campfire_choices":[{"floor":3,"key":"RECALL"},{"data":"expansioncontent:StudyTheSpire","floor":12,"key":"SMITH"},{"floor":14,"key":"REST"}],"circlet_count":0,"master_deck":["hexamod:Strike","hexamod:Strike","hexamod:Strike","hexamod:Strike","hexamod:Defend","hexamod:Defend","hexamod:Defend","hexamod:Defend","hexamod:Sear","hexamod:Float","hexamod:ThirdSeal","hexamod:GhostOfSpirePast","hexamod:HeatShield","hexamod:BacktrackSmack","hexamod:RainOfEmbers","hexamod:SoulSteal","hexamod:TimeOfNeed","hexamod:ShieldOfDarkness","hexamod:UnleashSpirits","hexamod:RecurringNightmare","hexamod:FlamesFromBeyond","hexamod:NightmareStrike","expansioncontent:StudyTheSpire+1","hexamod:FirstSeal","hexamod:EtherealExpedition","Purity","Pain","hexamod:SpectersWail","hexamod:EtherealExpedition","hexamod:HeatShield","hexamod:VolcanoVisage"],"relics":["hexamod:SpiritBrand","downfall:HeartsMalice","Ancient Tea Set","ReplayTheSpireMod:CursedCoin","BargainBundle","WarpedTongs"],"acts_visited":["Exordium"],"potions_floor_usage":[18,18],"damage_taken":[{"damage":0,"enemies":"Small Slimes","floor":4,"turns":1},{"damage":0,"enemies":"2 Louse","floor":5,"turns":1},{"damage":0,"enemies":"Cultist","floor":6,"turns":1},{"damage":13,"enemies":"2 Fungi Beasts","floor":7,"turns":5},{"damage":21,"enemies":"Lagavulin","floor":8,"turns":9},{"damage":0,"enemies":"Exordium Thugs","floor":9,"turns":6},{"damage":1,"enemies":"Exordium Thugs","floor":10,"turns":4},{"damage":4,"enemies":"downfall:FleeingMerchant","floor":11,"turns":4},{"damage":10,"enemies":"3 Louse","floor":13,"turns":3},{"damage":14,"enemies":"Large Slime","floor":16,"turns":6},{"damage":10,"enemies":"2 Fungi Beasts","floor":17,"turns":5},{"damage":39,"enemies":"downfall:Silent","floor":18,"turns":6}],"seed_played":"-5619753716956140395","potions_obtained":[{"floor":8,"key":"AttackPotion"},{"floor":10,"key":"SpeedPotion"}],"is_trial":false,"path_per_floor":["PTL","R_BF","R","M","M","M","M","E","MIM","M","$","R","M","R","?","M","M","B"],"character_chosen":"THE_SPIRIT","items_purchased":["ReplayTheSpireMod:CursedCoin","BargainBundle","expansioncontent:StudyTheSpire","hexamod:FirstSeal","hexamod:EtherealExpedition","Purity","conspire:TimeTravelPotion","Milkshake"],"campfire_rested":1,"item_purchase_floors":[11,11,11,11,11,11,11,11],"current_hp_per_floor":[70,70,70,70,70,70,57,36,36,35,31,31,28,49,49,42,39,0,0,0],"gold":97,"neow_bonus":"THREE_ENEMY_KILL","is_daily":false,"chose_seed":false,"campfire_upgraded":1,"win_rate":0.0,"timestamp":1610638072,"path_taken":["PTL","R_BF","R","M","M","M","M","E","MIM","M","$","R","M","R","?","?","M","BOSS"],"items_purchased_type":["Relic","Relic","Card","Card","Card","Card","Potion","Potion"],"build_version":"2020-12-22","purchased_purges":1,"victory":false,"max_hp_per_floor":[70,70,70,70,70,70,70,70,70,70,70,70,70,70,70,70,70,70,70,70],"card_choices":[{"not_picked":["hexamod:AdvancingGuard","hexamod:SkipABeat"],"picked":"hexamod:ThirdSeal","floor":4},{"not_picked":["hexamod:Incineration","hexamod:NightmareStrike"],"picked":"hexamod:GhostOfSpirePast","floor":5},{"not_picked":["hexamod:Incineration","hexamod:ThermalTransfer"],"picked":"hexamod:HeatShield","floor":6},{"not_picked":["hexamod:HeatShield","hexamod:Firestarter"],"picked":"hexamod:BacktrackSmack","floor":7},{"not_picked":["hexamod:GhostOfSpirePresent","hexamod:CatchUp","hexamod:RainOfEmbers"],"picked":"SKIP","floor":7},{"not_picked":["hexamod:GhostOfSpirePresent","hexamod:CatchUp"],"picked":"hexamod:RainOfEmbers","floor":7},{"not_picked":["hexamod:SpectersWail","hexamod:FastForward"],"picked":"hexamod:SoulSteal","floor":8},{"not_picked":["hexamod:HauntingEcho","hexamod:ShieldOfDarkness"],"picked":"hexamod:TimeOfNeed","floor":9},{"not_picked":["hexamod:GhostLash","hexamod:SwordOfDarkness"],"picked":"hexamod:ShieldOfDarkness","floor":9},{"not_picked":["hexamod:StepThrough","hexamod:SpectersWail"],"picked":"hexamod:UnleashSpirits","floor":10},{"not_picked":["hexamod:CatchUp","hexamod:FastForward"],"picked":"hexamod:RecurringNightmare","floor":10},{"not_picked":["hexamod:DynamicBlow","hexamod:ChargedBarrage"],"picked":"hexamod:FlamesFromBeyond","floor":11},{"not_picked":["hexamod:HauntingEcho","hexamod:HeatMetal"],"picked":"hexamod:NightmareStrike","floor":11},{"not_picked":["hexamod:SkipABeat","hexamod:ShieldOfDarkness","hexamod:DynamicBlow"],"picked":"SKIP","floor":13},{"not_picked":["hexamod:ThirdSeal","hexamod:ShieldOfDarkness"],"picked":"hexamod:SpectersWail","floor":16},{"not_picked":["hexamod:ShieldOfDarkness","hexamod:RainOfEmbers"],"picked":"hexamod:EtherealExpedition","floor":16},{"not_picked":["hexamod:NightmareStrike","hexamod:ExtraCrispy"],"picked":"hexamod:HeatShield","floor":17},{"not_picked":["hexamod:GhostLash","hexamod:SwordOfDarkness"],"picked":"hexamod:VolcanoVisage","floor":17}],"player_experience":382538,"relics_obtained":[{"floor":8,"key":"Ancient Tea Set"}],"event_choices":[{"damage_healed":0,"gold_gain":0,"player_choice":"Rummage","damage_taken":0,"relics_obtained":["WarpedTongs"],"max_hp_gain":0,"max_hp_loss":0,"event_name":"Accursed Blacksmith","floor":15,"gold_loss":0,"cards_obtained":["Pain"]}],"is_beta":false,"boss_relics":[],"items_purged_floors":[11],"is_endless":false,"potions_floor_spawned":[8,10,16,17],"killed_by":"downfall:Silent","ascension_level":0}}