{"host":"c97twqu0op5dg8i4","time":1610594732,"event":{"mods":["AchievementEnabler","BaseMod","Colored Map","Minty Spire (QoL Compilation)","Permanent Neow"],"gold_per_floor":[117,194,194,194,43,78,78,78,103,103,118,118,194,213,239,239,256,256,256,351,351,364,364,383,402,418,25,25,25],"floor_reached":28,"language":"ENG","playtime":962,"items_purged":[],"score":295,"play_id":"99f85d8c-f9a7-4bf6-8fda-453aabea00b2","local_time":"20210113222532","is_ascension_mode":true,"campfire_choices":[{"data":"Rainbow","floor":7,"key":"SMITH"},{"floor":10,"key":"REST"},{"floor":16,"key":"REST"},{"data":"Zap","floor":19,"key":"SMITH"}],"circlet_count":0,"master_deck":["Defend_B","Defend_B","Defend_B","Defend_B","Zap+1","Dualcast","Rainbow+1","Rainbow+1","Biased Cognition","Self Repair","Core Surge","Reboot","Genetic Algorithm+1","White Noise+1","Electrodynamics+1","Doom and Gloom"],"relics":["Cracked Core","DollysMirror","Bag of Preparation","Pocketwatch","Singing Bowl","StrikeDummy","Boot","Astrolabe","Bottled Lightning","PrismaticShard"],"acts_visited":["Exordium","TheCity"],"potions_floor_usage":[20,22,24,25],"damage_taken":[{"damage":0,"enemies":"Cultist","floor":1,"turns":3},{"damage":21,"enemies":"Gremlin Nob","floor":6,"turns":4},{"damage":26,"enemies":"3 Sentries","floor":9,"turns":9},{"damage":0,"enemies":"Small Slimes","floor":11,"turns":2},{"damage":5,"enemies":"Jaw Worm","floor":14,"turns":3},{"damage":16,"enemies":"Gremlin Nob","floor":15,"turns":3},{"damage":0,"enemies":"Large Slime","floor":17,"turns":4},{"damage":21,"enemies":"The Guardian","floor":20,"turns":10},{"damage":12,"enemies":"3 Byrds","floor":22,"turns":2},{"damage":12,"enemies":"Shell Parasite","floor":24,"turns":5},{"damage":43,"enemies":"Shelled Parasite and Fungi","floor":25,"turns":5},{"damage":0,"enemies":"3 Cultists","floor":26,"turns":2},{"damage":15,"enemies":"Gremlin Leader","floor":28,"turns":4}],"seed_played":"3775037612616739028","potions_obtained":[{"floor":1,"key":"FocusPotion"},{"floor":9,"key":"PowerPotion"},{"floor":11,"key":"EssenceOfSteel"},{"floor":22,"key":"Block Potion"}],"is_trial":false,"path_per_floor":["M","?","?","$","$","E","R","?","E","R","M","T","T","M","E","R","M","?","R","B",null,"M","?","M","M","M","$","E"],"character_chosen":"DEFECT","items_purchased":["DollysMirror","Bottled Lightning","PrismaticShard"],"campfire_rested":2,"item_purchase_floors":[5,27,27],"current_hp_per_floor":[75,75,75,75,75,54,54,54,28,50,50,50,50,45,29,51,60,60,60,46,69,57,57,54,13,15,15,0,0],"gold":25,"neow_bonus":"ONE_RANDOM_RARE_CARD","is_daily":false,"chose_seed":false,"campfire_upgraded":2,"win_rate":0.0,"timestamp":1610594732,"path_taken":["M","?","?","?","$","E","R","?","E","R","M","T","T","?","E","R","M","?","R","BOSS","M","?","M","M","M","$","E"],"items_purchased_type":["Relic","Relic","Relic"],"build_version":"2020-12-22","purchased_purges":0,"victory":false,"max_hp_per_floor":[75,75,75,75,75,75,75,75,75,75,75,75,75,75,75,75,77,77,77,77,77,77,77,79,81,83,83,83,83],"card_choices":[{"not_picked":["Force Field","Barrage"],"picked":"Streamline","floor":1},{"not_picked":["Undo","Hello World","Stack"],"picked":"SKIP","floor":9},{"not_picked":["Go for the Eyes","Streamline","Hologram"],"picked":"SKIP","floor":11},{"not_picked":["Go for the Eyes","Streamline","Hologram"],"picked":"SKIP","floor":11},{"not_picked":["Steam","Coolheaded"],"picked":"Self Repair","floor":14},{"not_picked":["Hologram","Stack"],"picked":"Core Surge","floor":15},{"not_picked":["Darkness","Rebound","White Noise"],"picked":"Singing Bowl","floor":17},{"not_picked":["Amplify","Rainbow"],"picked":"Reboot","floor":20},{"not_picked":["Leap","Steam Power"],"picked":"Doom and Gloom","floor":22},{"not_picked":["Streamline","Ball Lightning","Go for the Eyes"],"picked":"Singing Bowl","floor":24},{"not_picked":["Beam Cell","Darkness","Gash"],"picked":"Singing Bowl","floor":25},{"not_picked":["Darkness","Beam Cell+1","Blizzard"],"picked":"Singing Bowl","floor":26}],"player_experience":251027,"relics_obtained":[{"floor":6,"key":"Bag of Preparation"},{"floor":9,"key":"Pocketwatch"},{"floor":12,"key":"Singing Bowl"},{"floor":13,"key":"StrikeDummy"},{"floor":15,"key":"Boot"}],"event_choices":[{"damage_healed":0,"gold_gain":77,"player_choice":"Gained Gold","damage_taken":0,"max_hp_gain":0,"max_hp_loss":0,"event_name":"Golden Wing","floor":2,"gold_loss":0},{"damage_healed":0,"gold_gain":0,"player_choice":"Leave","damage_taken":0,"max_hp_gain":0,"max_hp_loss":0,"event_name":"The Cleric","floor":3,"gold_loss":0},{"damage_healed":0,"gold_gain":0,"cards_transformed":["Strike_B"],"player_choice":"Transformed","damage_taken":0,"max_hp_gain":0,"max_hp_loss":0,"event_name":"Transmorgrifier","floor":8,"gold_loss":0,"cards_obtained":["Biased Cognition"]},{"damage_healed":0,"gold_gain":0,"player_choice":"Forge","damage_taken":0,"max_hp_gain":0,"max_hp_loss":0,"event_name":"Accursed Blacksmith","floor":18,"gold_loss":0,"cards_upgraded":["Rainbow"]},{"cards_removed":["Streamline"],"damage_healed":0,"gold_gain":0,"player_choice":"Elegance","damage_taken":0,"max_hp_gain":0,"max_hp_loss":0,"event_name":"Back to Basics","floor":23,"gold_loss":0}],"is_beta":false,"boss_relics":[{"not_picked":["FrozenCore","SacredBark"],"picked":"Astrolabe"}],"items_purged_floors":[],"is_endless":false,"potions_floor_spawned":[1,9,11,17,22],"killed_by":"Gremlin Leader","ascension_level":5}}