{"host":"ss2ocoam53r2lno0","time":1610665576,"event":{"mods":["Act Like it!","BaseMod","ChefMod","Clockwork Mod","Colored Powertips","Curses Come First","Displayed Cursed Tome","Downfall","Evolution","Googly Eyes","Hallownest","Highlight Path","Minty Spire (QoL Compilation)","Poor People Problems","Rare Cards Sparkle","Robot Space Explorer","Shade Mod","Shop Mod","Spicy Shops","StSLib","The Marked"],"gold_per_floor":[118,131,50,69,69,69,69,69,69,94,123,123,198,225,225,225,225],"floor_reached":16,"language":"ENG","playtime":957,"items_purged":[],"score":133,"play_id":"f5979545-5a11-42c9-800f-233ac724e4db","local_time":"20210115000616","is_ascension_mode":true,"campfire_choices":[{"data":"Clockwork:AssemblyLine","floor":6,"key":"SMITH"},{"data":"Clockwork:HeadStart","floor":8,"key":"SMITH"},{"floor":12,"key":"REST"},{"floor":15,"key":"REST"}],"circlet_count":0,"master_deck":["Clockwork:Strike","Clockwork:Strike","Clockwork:Strike","Clockwork:Strike","Clockwork:Shield","Clockwork:Shield","Clockwork:Shield","Clockwork:Shield","Clockwork:Tinker","Clockwork:WarmUp","Clockwork:ElasticNanites","Clockwork:HeadStart+1","Clockwork:AssemblyLine+1","Clockwork:CogShield","Clockwork:HeadStart"],"relics":["Clockwork:MomentumEngine","EVO:Axolotl","NeowsBlessing","Blue Candle","Dream Catcher","Regal Pillow","Clockwork:GoldenCog","Ancient Tea Set"],"acts_visited":["Exordium"],"potions_floor_usage":[14],"damage_taken":[{"damage":0,"enemies":"Cultist","floor":1,"turns":1},{"damage":0,"enemies":"2 Louse","floor":2,"turns":2},{"damage":0,"enemies":"Jaw Worm","floor":4,"turns":1},{"damage":67,"enemies":"Gremlin Nob","floor":11,"turns":8},{"damage":39,"enemies":"3 Sentries","floor":14,"turns":16},{"damage":55,"enemies":"Hexaghost","floor":16,"turns":11}],"seed_played":"-875809891054016925","potions_obtained":[{"floor":1,"key":"ColorlessPotion"}],"is_trial":false,"path_per_floor":["M","M","$","M","?","R","$","R","T","T","E","R","?","E","R","B"],"character_chosen":"CLOCKWORK","items_purchased":["Clockwork:AssemblyLine"],"campfire_rested":2,"item_purchase_floors":[3],"current_hp_per_floor":[85,85,85,85,85,85,85,85,85,85,18,58,47,8,48,0,0],"gold":225,"neow_bonus":"THREE_ENEMY_KILL","is_daily":false,"chose_seed":false,"campfire_upgraded":2,"win_rate":0.0,"timestamp":1610665576,"path_taken":["M","?","$","M","?","R","?","R","T","?","E","R","?","E","R","BOSS"],"items_purchased_type":["Card"],"build_version":"2020-12-22","purchased_purges":0,"victory":false,"max_hp_per_floor":[85,85,85,85,85,85,85,85,85,85,85,85,85,85,85,85,85],"card_choices":[{"not_picked":["Clockwork:Scour","Clockwork:Friction"],"picked":"Clockwork:ElasticNanites","floor":1},{"not_picked":["Clockwork:SystemScan","Clockwork:Selectivity"],"picked":"Clockwork:HeadStart","floor":2},{"not_picked":["Clockwork:FalseStart","Clockwork:AdaptiveShield"],"picked":"Clockwork:CogShield","floor":4},{"not_picked":["Clockwork:AdaptiveCannon","Clockwork:AdaptiveShield","Clockwork:QuantumStrike"],"picked":"SKIP","floor":11},{"not_picked":["Clockwork:CraftBloodPhial","Clockwork:Improve"],"picked":"Clockwork:HeadStart","floor":14}],"player_experience":712695,"relics_obtained":[{"floor":9,"key":"Blue Candle"},{"floor":10,"key":"Dream Catcher"},{"floor":11,"key":"Regal Pillow"},{"floor":14,"key":"Ancient Tea Set"}],"event_choices":[{"damage_healed":0,"gold_gain":0,"player_choice":"Ignored","damage_taken":0,"max_hp_gain":0,"max_hp_loss":0,"event_name":"Liars Game","floor":5,"gold_loss":0},{"damage_healed":0,"gold_gain":75,"player_choice":"Gather Gold","damage_taken":11,"max_hp_gain":0,"max_hp_loss":0,"event_name":"World of Goop","floor":13,"gold_loss":0}],"is_beta":false,"boss_relics":[],"items_purged_floors":[],"is_endless":false,"potions_floor_spawned":[1],"killed_by":"Hexaghost","ascension_level":5}}