{"host":"a61r67bv2jut9r88","time":1610629943,"event":{"mods":["AchievementEnabler","BaseMod","Marisa£®ÏF”Í°°ƒß¿Ì…≥£©","Minty Spire (QoL Compilation)","Replay The Spire","Shop Mod","StSLib","SuperFastMode","The Bug Knight","The Cursed","The Servant 0.9.4"],"gold_per_floor":[110,59,76,96,110,139,152,212,212,251,101,147,163,190,190,297,297,324,322,354,314,333,372,408,436,436,376,376,406,442,470,470,582,582,609,155,155,189,217,268,303,303,303,352,352,401,435,435,435,455],"floor_reached":51,"language":"ZHS","playtime":4516,"items_purged":["TheCursedMod:Grudge","TheCursedMod:SpreadPlague"],"score":675,"play_id":"2909122c-d76f-4186-8589-4db50f2750b6","local_time":"20210114211223","is_ascension_mode":false,"campfire_choices":[{"data":"TheCursedMod:CursedStaff","floor":15,"key":"SMITH"},{"floor":28,"key":"REST"},{"floor":42,"key":"REST"},{"floor":49,"key":"REST"}],"circlet_count":0,"master_deck":["TheCursedMod:CursedWand","TheCursedMod:CleanUpWorkshop","TheCursedMod:Dregs","TheCursedMod:CursedSpellbook","TheCursedMod:TroublousMinions+1","TheCursedMod:SpitefulStrike","TheCursedMod:LuckyCharm","TheCursedMod:Obscuration","TheCursedMod:CursedStaff+1","TheCursedMod:SpitefulPray","TheCursedMod:CursedSpellbook","TheCursedMod:HellfireBreathing+1","TheCursedMod:FleshFromBone","TheCursedMod:RapidMovement","TheCursedMod:DemonSword","TheCursedMod:CursedBoomerang+1","TheCursedMod:AntiAging+1","TheCursedMod:SpitefulPray","TheCursedMod:CircleOfBlood+1","TheCursedMod:CursedShiv+1","TheCursedMod:WearCloak+1","TheCursedMod:ReleasedKnowledge+1","TheCursedMod:Wield","TheCursedMod:SpitefulPlan","Voices","Doubt","ReplayTheSpireMod:Splinters","TheCursedMod:HellsGateOpen","TheCursedMod:CircleOfFlame+1"],"relics":["Honey Jar","Mirror","ReplayTheSpireMod:TigerMarble","Replay:Bandana","Odd Mushroom","Lee\u0027s Waffle","Replay:Ringing Soul","Astrolabe","The Courier","Lantern","Kintsugi","Calipers","Replay:Baseball","WingedGreaves","Replay:WaspNest","Divine Protection","Vajra","PreservedInsect","Toy Ornithopter"],"acts_visited":["Exordium","TheCity","TheBeyond"],"potions_floor_usage":[6,13,13,16,16,23,31,50],"damage_taken":[{"damage":2,"enemies":"Jaw Worm","floor":1,"turns":4},{"damage":0,"enemies":"Small Slimes","floor":3,"turns":4},{"damage":0,"enemies":"Cultist","floor":4,"turns":3},{"damage":0,"enemies":"Looter","floor":5,"turns":3},{"damage":40,"enemies":"Gremlin Nob","floor":6,"turns":5},{"damage":5,"enemies":"3 Louse","floor":7,"turns":3},{"damage":12,"enemies":"Gremlin Nob","floor":8,"turns":5},{"damage":0,"enemies":"The Mushroom Lair","floor":10,"turns":4},{"damage":0,"enemies":"Replay:BlueRogue","floor":12,"turns":5},{"damage":5,"enemies":"Blue Slaver","floor":13,"turns":2},{"damage":10,"enemies":"Exordium Thugs","floor":14,"turns":4},{"damage":42,"enemies":"Hexaghost","floor":16,"turns":7},{"damage":6,"enemies":"Spheric Guardian","floor":18,"turns":4},{"damage":8,"enemies":"2 Thieves","floor":19,"turns":4},{"damage":10,"enemies":"Snake Plant","floor":20,"turns":4},{"damage":16,"enemies":"Snecko","floor":22,"turns":5},{"damage":30,"enemies":"Book of Stabbing","floor":23,"turns":4},{"damage":0,"enemies":"Centurion and Healer","floor":24,"turns":4},{"damage":55,"enemies":"3 Cultists","floor":25,"turns":6},{"damage":0,"enemies":"Snake Plant","floor":29,"turns":3},{"damage":16,"enemies":"Sentry and Sphere","floor":30,"turns":4},{"damage":0,"enemies":"Centurion and Healer","floor":31,"turns":4},{"damage":21,"enemies":"Collector","floor":33,"turns":8},{"damage":0,"enemies":"Orb Walker","floor":35,"turns":3},{"damage":4,"enemies":"3 Shapes","floor":38,"turns":2},{"damage":63,"enemies":"Reptomancer","floor":40,"turns":5},{"damage":10,"enemies":"Jaw Worm Horde","floor":41,"turns":2},{"damage":20,"enemies":"Nemesis","floor":44,"turns":7},{"damage":16,"enemies":"Reptomancer","floor":46,"turns":4},{"damage":14,"enemies":"4 Shapes","floor":47,"turns":4},{"damage":0,"enemies":"Replay:Hell Engine","floor":50,"turns":13}],"seed_played":"-7634333456623969992","potions_obtained":[{"floor":3,"key":"FearPotion"},{"floor":5,"key":"AttackPotion"},{"floor":10,"key":"PowerPotion"},{"floor":12,"key":"Dexterity Potion"},{"floor":14,"key":"Venom Potion"},{"floor":18,"key":"Dexterity Potion"},{"floor":19,"key":"BlessingOfTheForge"},{"floor":22,"key":"Death Potion"},{"floor":25,"key":"Fire Potion"},{"floor":40,"key":"FearPotion"},{"floor":47,"key":"SteroidPotion"}],"is_trial":false,"path_per_floor":["M","$","M","M","M","E","M","?","T","?","$","E","M","M","R","B",null,"M","M","M","$","M","E","M","M","T","$","R","M","M","M","R","B",null,"M","$","?","M","?","E","M","R","T","E","?","E","M","T","R","B",null],"character_chosen":"THE_CURSED","items_purchased":["TheCursedMod:TroublousMinions+1","Lee\u0027s Waffle","TheCursedMod:CursedShiv+1","Calipers","Replay:Baseball"],"campfire_rested":3,"item_purchase_floors":[2,11,21,36,36],"current_hp_per_floor":[73,73,73,73,73,33,28,16,16,20,82,85,83,76,76,37,97,100,101,100,103,100,84,94,49,49,49,95,98,93,104,107,98,175,175,175,175,174,177,118,126,182,182,170,170,157,156,156,196,199],"gold":455,"neow_bonus":"BOSS_RELIC","is_daily":false,"chose_seed":false,"campfire_upgraded":1,"win_rate":0.0,"timestamp":1610629943,"path_taken":["M","$","M","M","M","E","M","?","T","?","?","E","M","M","R","BOSS","M","?","M","$","M","E","M","M","T","$","R","M","M","M","R","BOSS","M","$","?","M","?","E","?","R","T","E","?","E","?","?","R","BOSS"],"items_purchased_type":["Card","Relic","Card","Relic","Relic"],"build_version":"2020-12-22","purchased_purges":2,"victory":true,"max_hp_per_floor":[75,75,75,75,75,75,75,75,75,75,82,85,88,91,91,94,97,106,115,124,127,136,142,148,154,154,154,154,157,160,163,166,172,175,175,175,175,175,178,181,187,187,187,190,190,193,196,196,196,199],"card_choices":[{"not_picked":["TheCursedMod:CircleOfFlame","TheCursedMod:DoubleShield","TheCursedMod:Mangle"],"picked":"TheCursedMod:CursedSpellbook","floor":1},{"not_picked":["TheCursedMod:WearCloak","TheCursedMod:Torture","TheCursedMod:BloodBarrier"],"picked":"TheCursedMod:SpitefulStrike","floor":3},{"not_picked":["TheCursedMod:SurpriseAttack","TheCursedMod:EmpowerCircles","TheCursedMod:SmokeScreen"],"picked":"TheCursedMod:LuckyCharm","floor":4},{"not_picked":["TheCursedMod:UltimatePain","TheCursedMod:Torture","TheCursedMod:Wield"],"picked":"TheCursedMod:Obscuration","floor":5},{"not_picked":["TheCursedMod:Obscuration","TheCursedMod:BloodBarrier","TheCursedMod:RavingStaff"],"picked":"TheCursedMod:CursedStaff","floor":6},{"not_picked":["TheCursedMod:SpreadPlague","TheCursedMod:SmokeScreen","TheCursedMod:RavingStaff"],"picked":"TheCursedMod:Grudge","floor":7},{"not_picked":["TheCursedMod:AbyssShockwave","TheCursedMod:AshesToAshes","TheCursedMod:CircleOfCorruption"],"picked":"TheCursedMod:SpitefulPray","floor":8},{"not_picked":["TheCursedMod:RapidMovement","TheCursedMod:CircleOfCorruption","TheCursedMod:ShockAndAwe"],"picked":"TheCursedMod:CursedSpellbook","floor":10},{"not_picked":["TheCursedMod:CursedAmulet","TheCursedMod:Obscuration","TheCursedMod:CircleOfFlame"],"picked":"TheCursedMod:HellfireBreathing","floor":12},{"not_picked":["TheCursedMod:SoulReap","TheCursedMod:CursedBoomerang","TheCursedMod:Stigma"],"picked":"TheCursedMod:FleshFromBone","floor":13},{"not_picked":["TheCursedMod:CircleOfCorruption","TheCursedMod:Wield","TheCursedMod:WearCloak"],"picked":"TheCursedMod:RapidMovement","floor":14},{"not_picked":["TheCursedMod:ParallelWorld","TheCursedMod:ManaCirculation","TheCursedMod:UltimatePain"],"picked":"TheCursedMod:DemonSword","floor":16},{"not_picked":["TheCursedMod:StingEye","TheCursedMod:CursedShiv","TheCursedMod:Torture"],"picked":"TheCursedMod:SpitefulPray","floor":18},{"not_picked":["TheCursedMod:FuryStrike","TheCursedMod:RavingStaff+1","TheCursedMod:VitalStrike"],"picked":"TheCursedMod:SpreadPlague","floor":19},{"not_picked":["TheCursedMod:CircleOfCorruption","TheCursedMod:Stretching","TheCursedMod:Stigma"],"picked":"TheCursedMod:CircleOfBlood+1","floor":20},{"not_picked":["TheCursedMod:SpreadPlague","TheCursedMod:CircleOfAmplification","TheCursedMod:Torture"],"picked":"TheCursedMod:WearCloak+1","floor":22},{"not_picked":["TheCursedMod:Evocation","TheCursedMod:SoulCrush","TheCursedMod:EmpowerCircles"],"picked":"TheCursedMod:ReleasedKnowledge+1","floor":23},{"not_picked":["TheCursedMod:SoulCrush","TheCursedMod:SmokeScreen+1","TheCursedMod:CursedBoomerang"],"picked":"TheCursedMod:Wield","floor":24},{"not_picked":["TheCursedMod:CursedArmor","TheCursedMod:WearCloak","TheCursedMod:DemonSword","TheCursedMod:CursedMace"],"picked":"SKIP","floor":25},{"not_picked":["TheCursedMod:FleshFromBone","TheCursedMod:Wield","TheCursedMod:CursedBlade","TheCursedMod:SmokeScreen"],"picked":"SKIP","floor":29},{"not_picked":["TheCursedMod:VitalStrike","TheCursedMod:RavingStaff","TheCursedMod:RapidMovement"],"picked":"TheCursedMod:SpitefulPlan","floor":30},{"not_picked":["TheCursedMod:StingEye+1","TheCursedMod:CursedAmulet","TheCursedMod:CircleOfFocus","TheCursedMod:Wield"],"picked":"SKIP","floor":31},{"not_picked":["TheCursedMod:BloodBarrier","TheCursedMod:Hemoplague","TheCursedMod:Stretching+1","TheCursedMod:HellfireBreathing"],"picked":"SKIP","floor":35},{"not_picked":["TheCursedMod:WearCloak","TheCursedMod:CursedMace+1","TheCursedMod:AshesToAshes","TheCursedMod:DoubleShield"],"picked":"SKIP","floor":38},{"not_picked":["TheCursedMod:SmokeScreen+1","TheCursedMod:SpitefulStrike+1","TheCursedMod:CursedBlade"],"picked":"TheCursedMod:HellsGateOpen","floor":39},{"not_picked":["TheCursedMod:ManaBullet+1","TheCursedMod:TroublousMinions+1","TheCursedMod:Grudge","TheCursedMod:CircleOfFocus+1"],"picked":"SKIP","floor":40},{"not_picked":["TheCursedMod:Obscuration+1","TheCursedMod:DemonSword","TheCursedMod:CircleOfFocus"],"picked":"TheCursedMod:CircleOfFlame+1","floor":41},{"not_picked":["TheCursedMod:StingEye+1","TheCursedMod:TacticalStrike","TheCursedMod:BlessingInDisguise","TheCursedMod:CircleOfBlood+1"],"picked":"SKIP","floor":44},{"not_picked":["TheCursedMod:CursedSpellbook","TheCursedMod:Stretching+1","TheCursedMod:SpitefulStrike","TheCursedMod:Mangle+1"],"picked":"SKIP","floor":46},{"not_picked":["TheCursedMod:CursedShiv+1","TheCursedMod:Hemoplague+1","TheCursedMod:HellfireBreathing+1","TheCursedMod:CircleOfWindfury"],"picked":"SKIP","floor":47}],"player_experience":458019,"relics_obtained":[{"floor":6,"key":"Mirror"},{"floor":8,"key":"ReplayTheSpireMod:TigerMarble"},{"floor":9,"key":"Replay:Bandana"},{"floor":10,"key":"Odd Mushroom"},{"floor":12,"key":"Replay:Ringing Soul"},{"floor":23,"key":"The Courier"},{"floor":26,"key":"Lantern"},{"floor":39,"key":"WingedGreaves"},{"floor":40,"key":"Replay:WaspNest"},{"floor":43,"key":"Divine Protection"},{"floor":44,"key":"Vajra"},{"floor":46,"key":"PreservedInsect"},{"floor":48,"key":"Toy Ornithopter"}],"event_choices":[{"damage_healed":0,"gold_gain":0,"player_choice":"Searched \u00271\u0027 times","damage_taken":0,"max_hp_gain":0,"max_hp_loss":0,"event_name":"Dead Adventurer","floor":8,"gold_loss":0},{"damage_healed":0,"gold_gain":0,"player_choice":"Fought Mushrooms","damage_taken":0,"max_hp_gain":0,"max_hp_loss":0,"event_name":"Mushrooms","floor":10,"gold_loss":0},{"cards_removed":["TheCursedMod:AntiAging"],"damage_healed":0,"gold_gain":0,"player_choice":"Removed Skill","damage_taken":0,"max_hp_gain":0,"max_hp_loss":0,"event_name":"Falling","floor":37,"gold_loss":0},{"damage_healed":0,"gold_gain":0,"player_choice":"Upgraded","damage_taken":0,"max_hp_gain":0,"max_hp_loss":0,"event_name":"Upgrade Shrine","floor":45,"gold_loss":0,"cards_upgraded":["TheCursedMod:HellfireBreathing"]}],"is_beta":false,"boss_relics":[{"not_picked":["Replay:Grab Bag","Fusion Hammer"],"picked":"Astrolabe"},{"not_picked":["Painkiller Herb","Abe\u0027s Treasure"],"picked":"Kintsugi"}],"items_purged_floors":[27,36],"is_endless":false,"potions_floor_spawned":[3,5,10,12,14,18,19,22,25,40,47],"ascension_level":0}}