{"host":"0tiuc76yumknr6qf","time":1610593541,"event":{"mods":["Act Like it!","BaseMod","Colored Map","DeckTracker","Hallownest","Highlight Path","Minty Spire (QoL Compilation)","StSLib"],"gold_per_floor":[117,117,42,56,56,86,103,114,114,114,124,124,143,29,29,132,132,148,165,165,223,71,101,101,101,128,147,158,78,78,108,108,213,213,232,147,147,160,174,207,53,53,53,133,53,86,99,99,99,99],"floor_reached":51,"language":"ENG","playtime":3707,"items_purged":["Hallownest:curseDreamersLament"],"score":795,"play_id":"8a73f069-481e-4551-b8c1-40baf09daa42","local_time":"20210113210541","is_ascension_mode":false,"campfire_choices":[{"data":"Hallownest:skillGreenpathMap","floor":10,"key":"SMITH"},{"data":"Skewer","floor":12,"key":"SMITH"},{"floor":15,"key":"REST"},{"data":"Crippling Poison","floor":24,"key":"SMITH"},{"data":"Hallownest:skillCityofTearsMap","floor":30,"key":"SMITH"},{"floor":32,"key":"REST"},{"data":"Wraith Form v2","floor":49,"key":"SMITH"}],"circlet_count":0,"master_deck":["Strike_G","Strike_G","Strike_G","Strike_G","Strike_G","Defend_G","Defend_G","Defend_G+1","Defend_G","Defend_G","Survivor","Neutralize","Quick Slash","Hallownest:skillGreenpathMap+1","Flying Knee","Quick Slash","Skewer+1","Acrobatics","Blade Dance","Dash","Backflip+1","Noxious Fumes","Wraith Form v2+1","Prepared","Crippling Poison+1","Hallownest:curseDreamersLament","Backflip","Well Laid Plans","Venomology","Hallownest:skillCityofTearsMap+1","Envenom","Hallownest:skillKingdomsEdgeMap","Acrobatics","Accuracy","Infinite Blades"],"relics":["SlaversCollar","Incense Burner","Vajra","Tingsha","Philosopher\u0027s Stone","Hallownest:WatcherSealRelic","OrangePellets","Blood Vial","Hallownest:NailmastersGloryRelic","PreservedInsect","Ice Cream","Busted Crown","Hallownest:BeastSealRelic","Calipers","War Paint","Bottled Flame"],"acts_visited":["Exordium","Hallownest:Greenpath","Hallownest:CityofTears"],"potions_floor_usage":[16,31,33,35,38,40,50,50,50],"damage_taken":[{"damage":3,"enemies":"Hallownest:monsterHuskGuard","floor":1,"turns":8},{"damage":1,"enemies":"Hallownest:2_Tiktiks_and_1_Crawlid","floor":4,"turns":5},{"damage":31,"enemies":"Hallownest:eliteMossKnight","floor":6,"turns":13},{"damage":0,"enemies":"Hallownest:2_Baldur","floor":7,"turns":3},{"damage":0,"enemies":"Hallownest:monsterMossCharger","floor":8,"turns":4},{"damage":0,"enemies":"Hallownest:Wandering_and_Horned","floor":11,"turns":5},{"damage":9,"enemies":"Hallownest:2_Tiktiks_1_Baldur_1_Crawlid","floor":13,"turns":3},{"damage":25,"enemies":"Hallownest:BossBrokenVessel","floor":16,"turns":8},{"damage":0,"enemies":"Hallownest:3_Youths","floor":18,"turns":6},{"damage":0,"enemies":"Hallownest:2_Mistakes","floor":19,"turns":5},{"damage":1,"enemies":"Hallownest:Glutton_and_Coward","floor":21,"turns":4},{"damage":2,"enemies":"Hallownest:Nosk","floor":23,"turns":8},{"damage":1,"enemies":"Hallownest:Warrior_and_Youth","floor":27,"turns":4},{"damage":10,"enemies":"Hallownest:2_Flukemon","floor":28,"turns":6},{"damage":14,"enemies":"Hallownest:eliteWatcherKnight","floor":31,"turns":12},{"damage":9,"enemies":"Hallownest:BossSoulMaster","floor":33,"turns":6},{"damage":15,"enemies":"Hallownest:2_Littles","floor":35,"turns":5},{"damage":13,"enemies":"Hallownest:3_Siblings","floor":38,"turns":7},{"damage":2,"enemies":"Hallownest:monsterPrimalAspid","floor":39,"turns":4},{"damage":5,"enemies":"Hallownest:eliteHiveKnight","floor":40,"turns":4},{"damage":2,"enemies":"Hallownest:eliteHiveKnight","floor":44,"turns":5},{"damage":0,"enemies":"Hallownest:eliteHiveKnight","floor":44,"turns":2},{"damage":2,"enemies":"Hallownest:eliteCollector","floor":46,"turns":5},{"damage":1,"enemies":"Hallownest:2_Great","floor":47,"turns":4},{"damage":11,"enemies":"Hallownest:BossHollowKnight","floor":50,"turns":8}],"seed_played":"-6744070979926506931","potions_obtained":[{"floor":1,"key":"SteroidPotion"},{"floor":11,"key":"Regen Potion"},{"floor":13,"key":"Energy Potion"},{"floor":18,"key":"Dexterity Potion"},{"floor":46,"key":"Strength Potion"},{"floor":47,"key":"SteroidPotion"}],"is_trial":false,"path_per_floor":["M","?","?","M","T","E","M","M","T","R","M","R","M","$","R","B",null,"M","M","?","M","$","E","R","?","T","M","M","?","R","E","R","B",null,"M","?","?","M","M","E","$","?","T","?","$","E","M","?","R","B",null],"character_chosen":"THE_SILENT","items_purchased":["Backflip","Noxious Fumes","OrangePellets","Accuracy","Infinite Blades"],"campfire_rested":2,"item_purchase_floors":[14,14,22,41,45],"current_hp_per_floor":[67,58,58,57,57,26,26,26,26,26,26,26,17,17,38,25,70,70,70,70,69,69,67,67,67,67,68,60,60,60,48,69,61,70,55,55,55,44,44,41,41,56,56,58,58,58,59,59,59,50],"gold":99,"neow_bonus":"BOSS_RELIC","is_daily":false,"chose_seed":false,"campfire_upgraded":5,"win_rate":0.0,"timestamp":1610593541,"path_taken":["M","?","?","M","?","E","M","?","T","R","M","R","?","$","R","BOSS","M","M","?","M","$","E","R","?","T","M","M","?","R","E","R","BOSS","M","?","?","M","M","E","$","?","T","?","?","E","?","?","R","BOSS"],"items_purchased_type":["Card","Card","Relic","Card","Card"],"build_version":"2020-12-22","purchased_purges":1,"victory":true,"max_hp_per_floor":[70,70,70,70,70,70,70,70,70,70,70,70,70,70,70,70,70,70,70,70,70,70,70,70,70,70,70,70,70,70,70,70,70,70,70,70,70,70,70,70,70,70,70,70,70,70,70,70,70,70],"card_choices":[{"not_picked":["Terror","Prepared"],"picked":"Quick Slash","floor":1},{"not_picked":["Backflip","Slice"],"picked":"Flying Knee","floor":4},{"not_picked":["Sucker Punch","Concentrate"],"picked":"Quick Slash","floor":6},{"not_picked":["Dodge and Roll","PiercingWail"],"picked":"Skewer","floor":7},{"not_picked":["Accuracy","Dodge and Roll"],"picked":"Acrobatics","floor":8},{"not_picked":["Deadly Poison","Bane"],"picked":"Blade Dance","floor":11},{"not_picked":["Dagger Throw","PiercingWail"],"picked":"Dash","floor":13},{"not_picked":["Adrenaline","Venomology"],"picked":"Wraith Form v2","floor":16},{"not_picked":["Deadly Poison","Distraction"],"picked":"Prepared","floor":18},{"not_picked":["Cloak And Dagger","Outmaneuver"],"picked":"Crippling Poison","floor":19},{"not_picked":["Underhanded Strike","Sucker Punch"],"picked":"Backflip","floor":21},{"not_picked":["Tactician","Outmaneuver+1","Flechettes"],"picked":"SKIP","floor":23},{"not_picked":["All Out Attack+1","Catalyst"],"picked":"Well Laid Plans","floor":27},{"not_picked":["Leg Sweep","Backflip"],"picked":"Venomology","floor":28},{"not_picked":["Deflect","Reflex","Masterful Stab"],"picked":"SKIP","floor":31},{"not_picked":["Doppelganger","Storm of Steel"],"picked":"Envenom","floor":33},{"not_picked":["Finisher+1"],"picked":"SKIP","floor":35},{"not_picked":[],"picked":"Acrobatics","floor":38},{"not_picked":["Riddle With Holes"],"picked":"SKIP","floor":39},{"not_picked":["Grand Finale"],"picked":"SKIP","floor":40},{"not_picked":["Choke+1"],"picked":"SKIP","floor":46},{"not_picked":["Concentrate"],"picked":"SKIP","floor":47}],"player_experience":1884427,"relics_obtained":[{"floor":5,"key":"Incense Burner"},{"floor":6,"key":"Vajra"},{"floor":9,"key":"Tingsha"},{"floor":23,"key":"Blood Vial"},{"floor":26,"key":"PreservedInsect"},{"floor":31,"key":"Ice Cream"},{"floor":40,"key":"Calipers"},{"floor":43,"key":"War Paint"},{"floor":46,"key":"Bottled Flame"}],"event_choices":[],"is_beta":false,"boss_relics":[{"not_picked":["Black Star","Empty Cage"],"picked":"Philosopher\u0027s Stone"},{"not_picked":["Fusion Hammer","Runic Dome"],"picked":"Busted Crown"}],"items_purged_floors":[41],"is_endless":false,"potions_floor_spawned":[1,11,13,18,33,40,46,47],"ascension_level":0}}