{"host":"qm4rv4rkpk76sbxu","time":1610631165,"event":{"mods":["BaseMod","Bestiary","Block Reminder","DeckTracker","Filter the Spire","Keyboard Shortcuts","Minty Spire (QoL Compilation)","MonsterHotkey","Quick Restart","Relic Stats","Slay-I","StSLib","ojb\u0027s Better Paths Mod","ojb\u0027s Info Mod"],"gold_per_floor":[114,130,130,148,164,164,178,210,292,320,320,320,334,367,367,367,367],"floor_reached":16,"language":"ENG","playtime":599,"items_purged":[],"score":128,"play_id":"caa3025f-cd61-42bd-ad48-479634ad6c1a","local_time":"20210114143245","is_ascension_mode":true,"campfire_choices":[{"data":"Wild Strike","floor":6.0,"key":"SMITH"},{"data":"Pommel Strike","floor":12.0,"key":"SMITH"},{"data":"Immolate","floor":15.0,"key":"SMITH"}],"circlet_count":0,"master_deck":["Strike_R","Strike_R","Strike_R","Strike_R","Strike_R","Defend_R+1","Defend_R","Defend_R","Defend_R+1","Bash","Limit Break+1","Shrug It Off","Seeing Red+1","Thunderclap","Wild Strike+1","Limit Break","Burning Pact","Pommel Strike+1","Anger","Immolate+1"],"relics":["Burning Blood","War Paint","Darkstone Periapt","Charon\u0027s Ashes","Tiny Chest"],"acts_visited":["Exordium"],"potions_floor_usage":[16],"damage_taken":[{"damage":6.0,"enemies":"Small Slimes","floor":1.0,"turns":5.0},{"damage":5.0,"enemies":"2 Louse","floor":2.0,"turns":4.0},{"damage":1.0,"enemies":"Jaw Worm","floor":4.0,"turns":4.0},{"damage":15.0,"enemies":"Looter","floor":5.0,"turns":3.0},{"damage":8.0,"enemies":"Exordium Thugs","floor":7.0,"turns":6.0},{"damage":28.0,"enemies":"Gremlin Nob","floor":8.0,"turns":4.0},{"damage":15.0,"enemies":"Lagavulin","floor":10.0,"turns":5.0},{"damage":0.0,"enemies":"Red Slaver","floor":13.0,"turns":3.0},{"damage":9.0,"enemies":"3 Sentries","floor":14.0,"turns":5.0},{"damage":45,"enemies":"Hexaghost","floor":16,"turns":9}],"seed_played":"286023832307060691","potions_obtained":[{"floor":2.0,"key":"LiquidMemories"},{"floor":4.0,"key":"Regen Potion"},{"floor":5.0,"key":"SkillPotion"},{"floor":8.0,"key":"ColorlessPotion"},{"floor":14.0,"key":"Fruit Juice"}],"is_trial":false,"path_per_floor":["M","M","?","M","M","R","M","E","T","E","?","R","M","E","R","B"],"character_chosen":"IRONCLAD","items_purchased":[],"campfire_rested":0,"item_purchase_floors":[],"current_hp_per_floor":[56,57,80,80,71,71,69,47,47,52,36,36,42,39,39,0,0],"gold":367,"neow_bonus":"THREE_RARE_CARDS","is_daily":false,"chose_seed":false,"campfire_upgraded":3,"win_rate":0.0,"timestamp":1610631165,"path_taken":["M","M","?","M","M","R","M","E","T","E","?","R","M","E","R","BOSS"],"items_purchased_type":[],"build_version":"2020-12-22","purchased_purges":0,"victory":false,"max_hp_per_floor":[80,80,80,80,80,80,80,80,80,80,80,80,80,80,80,85,85],"relic_stats":{"Darkstone Periapt":0,"counters":[10,48],"Tiny Chest":0,"Charon\u0027s Ashes":[52],"War Paint":["Defend_R","Limit Break"],"obtain_stats":[{"Darkstone Periapt":9,"Tiny Chest":14,"Charon\u0027s Ashes":10,"War Paint":8,"Burning Blood":0},{"Darkstone Periapt":6,"Tiny Chest":9,"Charon\u0027s Ashes":7,"War Paint":6,"Burning Blood":0},{"Darkstone Periapt":26,"Tiny Chest":39,"Charon\u0027s Ashes":31,"War Paint":26,"Burning Blood":0}],"Burning Blood":49},"card_choices":[{"not_picked":["Berserk","Exhume"],"picked":"Limit Break","floor":0.0},{"not_picked":["Thunderclap","Combust"],"picked":"Shrug It Off","floor":1.0},{"not_picked":["Flex","Warcry"],"picked":"Seeing Red","floor":2.0},{"not_picked":["Havoc","Clash"],"picked":"Thunderclap","floor":4.0},{"not_picked":["Dual Wield","Headbutt"],"picked":"Wild Strike","floor":5.0},{"not_picked":["Wild Strike","True Grit"],"picked":"Limit Break","floor":7.0},{"not_picked":["Wild Strike","Headbutt"],"picked":"Burning Pact","floor":8.0},{"not_picked":["Twin Strike","Rampage"],"picked":"Pommel Strike","floor":10.0},{"not_picked":["Burning Pact","Wild Strike"],"picked":"Anger","floor":13.0},{"not_picked":["Dual Wield","Ghostly Armor"],"picked":"Immolate","floor":14.0}],"player_experience":1287920,"relics_obtained":[{"floor":8.0,"key":"War Paint"},{"floor":9.0,"key":"Darkstone Periapt"},{"floor":10.0,"key":"Charon\u0027s Ashes"},{"floor":14.0,"key":"Tiny Chest"}],"event_choices":[{"damage_healed":26.0,"max_hp_gain":0.0,"max_hp_loss":0.0,"gold_gain":0.0,"event_name":"Big Fish","player_choice":"Banana","floor":3.0,"gold_loss":0.0,"damage_taken":0.0},{"damage_healed":0.0,"max_hp_gain":0.0,"max_hp_loss":0.0,"gold_gain":0.0,"event_name":"Shining Light","player_choice":"Entered Light","floor":11.0,"gold_loss":0.0,"damage_taken":16.0,"cards_upgraded":["Seeing Red","Defend_R"]}],"is_beta":false,"boss_relics":[],"items_purged_floors":[],"is_endless":false,"potions_floor_spawned":[2,4,5,8,14],"killed_by":"Hexaghost","ascension_level":1}}