{"host":"zekcc3vicrep0och","time":1610629021,"event":{"mods":["AchievementEnabler","BaseMod","Colored Map","Colored Powertips","Displayed Cursed Tome","Highlight Path","Minty Spire (QoL Compilation)","Quick Restart","Relic Stats","StSLib","The Cursed"],"gold_per_floor":[114,114,114,163,1,1,1],"floor_reached":6,"language":"ENG","playtime":146,"items_purged":[],"score":62,"play_id":"f991ac80-1143-4fda-aa68-177ada3e96dd","local_time":"20210114155701","is_ascension_mode":true,"campfire_choices":[],"circlet_count":0,"master_deck":["AscendersBane","Strike_R","Strike_R","Strike_R","Strike_R","Strike_R","Defend_R","Defend_R","Defend_R","Defend_R","Bash"],"relics":["Burning Blood","Anchor","Golden Idol","Vajra","HandDrill"],"acts_visited":["Exordium"],"potions_floor_usage":[6],"damage_taken":[{"damage":8,"enemies":"Cultist","floor":1,"turns":5},{"damage":44,"enemies":"Lagavulin","floor":6,"turns":8}],"seed_played":"7424003778910099119","potions_obtained":[{"floor":1,"key":"SpeedPotion"}],"is_trial":false,"path_per_floor":["M","?","?","T","$","E"],"character_chosen":"IRONCLAD","items_purchased":["HandDrill"],"campfire_rested":0,"item_purchase_floors":[5],"current_hp_per_floor":[73,47,47,47,47,3,3],"gold":1,"neow_bonus":"TEN_PERCENT_HP_BONUS","is_daily":false,"chose_seed":false,"campfire_upgraded":0,"win_rate":0.0,"timestamp":1610629021,"path_taken":["M","?","?","?","?","E"],"items_purchased_type":["Relic"],"build_version":"2020-12-22","purchased_purges":0,"victory":false,"max_hp_per_floor":[82,82,74,74,74,74,74],"relic_stats":{"counters":[2,13],"Golden Idol":0,"HandDrill":[2],"obtain_stats":[{"Anchor":2,"Golden Idol":3,"Vajra":4,"HandDrill":5,"Burning Blood":0},{"Anchor":1,"Golden Idol":1,"Vajra":1,"HandDrill":1,"Burning Blood":0},{"Anchor":5,"Golden Idol":5,"Vajra":5,"HandDrill":5,"Burning Blood":0}],"Burning Blood":6},"card_choices":[{"not_picked":["Evolve","Feel No Pain","Flex"],"picked":"SKIP","floor":1}],"player_experience":528772,"relics_obtained":[{"floor":4,"key":"Vajra"}],"event_choices":[{"damage_healed":0,"gold_gain":0,"player_choice":"Success","damage_taken":26,"relics_obtained":["Anchor"],"max_hp_gain":0,"max_hp_loss":0,"event_name":"Scrap Ooze","floor":2,"gold_loss":0},{"damage_healed":0,"gold_gain":0,"player_choice":"Lose Max HP","damage_taken":0,"relics_obtained":["Golden Idol"],"max_hp_gain":0,"max_hp_loss":8,"event_name":"Golden Idol","floor":3,"gold_loss":0}],"is_beta":false,"boss_relics":[],"items_purged_floors":[],"is_endless":false,"potions_floor_spawned":[1],"killed_by":"Lagavulin","ascension_level":19}}