{"host":"dlqyscxstsnu98l1","time":1610603018,"event":{"mods":["AchievementEnabler","BaseMod","Bestiary","Colored Map","Colored Powertips","Conspire","GifTheSpireLib","Highlight Path","Minty Spire (QoL Compilation)","Random Character Button","Replay The Spire","SacredBarkPlus","StSLib"],"gold_per_floor":[113,125,50,76,76,103,116,116,116,16,191,208,219,94,94,192,192,161,174,186,33,33,33,64,64,64,83,102,136,154,173,173,270,270,280,311,161,211,211,236,236,262,262,281,293,293,118,118,118,118],"floor_reached":51,"language":"ENG","playtime":3557,"items_purged":["Defend_P","Strike_P","Strike_P","Strike_P","Strike_P"],"score":695,"play_id":"d3c01973-e459-4f0b-a0ba-23aa3a4ebab2","local_time":"20210113234338","is_ascension_mode":false,"campfire_choices":[{"data":"EmptyMind","floor":8.0,"key":"SMITH"},{"data":"PathToVictory","floor":15.0,"key":"SMITH"},{"floor":23.0,"key":"REST"},{"floor":25.0,"key":"REST"},{"data":"ThirdEye","floor":32,"key":"SMITH"},{"floor":41,"key":"RECALL"},{"floor":46,"key":"REST"},{"data":"Sanctity","floor":49,"key":"SMITH"}],"circlet_count":0,"master_deck":["Defend_P+1","Defend_P+1","Eruption","Vigilance","Swivel","PathToVictory+1","ThirdEye+1","EmptyMind+1","Doubt","CurseOfTheBell","Sanctity+1","Weave+1","PathToVictory+1","ThirdEye+1","Weave+1","JustLucky+1","Sanctity+1","PathToVictory+1"],"relics":["Velvet Choker","War Paint","Frozen Egg 2","Molten Egg 2","Calling Bell","Blood Vial","Pear","GoldenEye","DollysMirror","Matryoshka","MealTicket","Meat on the Bone","TungstenRod","Sozu","CaptainsWheel","Mango","Bronze Scales","Strawberry","Toy Ornithopter","Regal Pillow"],"acts_visited":["TheBeyond"],"potions_floor_usage":[30],"damage_taken":[{"damage":0.0,"enemies":"Cultist","floor":1.0,"turns":4.0},{"damage":0.0,"enemies":"Small Slimes","floor":2.0,"turns":2.0},{"damage":20.0,"enemies":"Lagavulin","floor":6.0,"turns":7.0},{"damage":0.0,"enemies":"2 Louse","floor":7.0,"turns":3.0},{"damage":2.0,"enemies":"Large Slime","floor":12.0,"turns":6.0},{"damage":1.0,"enemies":"2 Fungi Beasts","floor":13.0,"turns":4.0},{"damage":9.0,"enemies":"Hexaghost","floor":16.0,"turns":10.0},{"damage":21.0,"enemies":"2 Thieves","floor":18.0,"turns":5.0},{"damage":33.0,"enemies":"Spheric Guardian","floor":19.0,"turns":7.0},{"damage":13.0,"enemies":"Shelled Parasite and Fungi","floor":20.0,"turns":9.0},{"damage":40.0,"enemies":"Gremlin Leader","floor":24.0,"turns":5.0},{"damage":15.0,"enemies":"Centurion and Healer","floor":27.0,"turns":6.0},{"damage":6.0,"enemies":"Cultist and Chosen","floor":28.0,"turns":6.0},{"damage":10,"enemies":"Book of Stabbing","floor":29,"turns":5},{"damage":5,"enemies":"Snecko","floor":30,"turns":5},{"damage":2,"enemies":"Chosen and Byrds","floor":31,"turns":3},{"damage":45,"enemies":"Automaton","floor":33,"turns":8},{"damage":0,"enemies":"3 Darklings","floor":35,"turns":5},{"damage":54,"enemies":"conspire:MimicChest","floor":36,"turns":7},{"damage":0,"enemies":"Mind Bloom Boss Battle","floor":38,"turns":6},{"damage":0,"enemies":"Giant Head","floor":40,"turns":5},{"damage":43,"enemies":"R_Hoarder","floor":42,"turns":6},{"damage":6,"enemies":"3 Shapes","floor":44,"turns":4},{"damage":0,"enemies":"Writhing Mass","floor":45,"turns":3},{"damage":56,"enemies":"Replay:Hell Engine","floor":50,"turns":6}],"seed_played":"8576215050601559442","potions_obtained":[{"floor":1.0,"key":"Block Potion"},{"floor":6.0,"key":"Ancient Potion"},{"floor":16.0,"key":"SkillPotion"},{"floor":19.0,"key":"BottledMiracle"},{"floor":20.0,"key":"Dexterity Potion"},{"floor":29,"key":"Regen Potion"},{"floor":33,"key":"FearPotion"}],"is_trial":false,"path_per_floor":["M","M","$","T","?","E","M","R","T","$","?","M","M","$","R","B",null,"M","M","M","$","?","R","E","R","T","M","M","E","M","M","R","B",null,"M","?","$","?","?","E","R","E","T","M","M","R","$","?","R","B",null],"character_chosen":"WATCHER","items_purchased":["DollysMirror"],"campfire_rested":3,"item_purchase_floors":[21],"current_hp_per_floor":[72,72,72,72,65,45,45,45,45,45,45,43,42,42,42,33,82,61,30,19,19,19,43,5,29,29,28,36,40,49,49,49,18,82,82,40,55,71,71,73,73,51,51,59,61,103,103,98,98,54],"gold":118,"neow_bonus":"BOSS_RELIC","is_daily":false,"chose_seed":false,"campfire_upgraded":4,"win_rate":0.0,"timestamp":1610603018,"path_taken":["M","M","$","?","?","E","M","R","T","$","?","M","M","$","R","BOSS","M","M","M","$","?","R","E","R","T","M","M","E","M","M","R","BOSS","M","?","$","?","?","E","R","E","T","M","?","R","$","?","R","BOSS"],"items_purchased_type":["Relic"],"build_version":"2020-12-22","purchased_purges":5,"victory":true,"max_hp_per_floor":[72,72,72,72,72,72,72,72,72,72,72,72,72,72,72,72,82,82,82,82,82,82,82,82,82,82,82,82,82,82,82,82,82,82,82,82,82,96,96,96,96,103,103,103,103,103,103,98,98,98],"card_choices":[{"not_picked":["BattleHymn","WaveOfTheHand"],"picked":"Swivel","floor":1.0},{"not_picked":["Wallop","ThirdEye"],"picked":"PathToVictory","floor":2.0},{"not_picked":["Prostrate","Consecrate"],"picked":"ThirdEye","floor":6.0},{"not_picked":["Pray","ReachHeaven"],"picked":"EmptyMind","floor":7.0},{"not_picked":["FlurryOfBlows+1","EmptyBody","FlyingSleeves+1"],"picked":"SKIP","floor":12.0},{"not_picked":["Nirvana+1","Protect","FlyingSleeves+1"],"picked":"SKIP","floor":13.0},{"not_picked":["Consecrate+1","EmptyFist+1","ReachHeaven+1"],"picked":"SKIP","floor":18.0},{"not_picked":["SashWhip+1","DeceiveReality"],"picked":"Sanctity+1","floor":19.0},{"not_picked":["PathToVictory","WindmillStrike+1"],"picked":"Weave+1","floor":20.0},{"not_picked":["WindmillStrike+1","Tantrum+1"],"picked":"ThirdEye+1","floor":24.0},{"not_picked":["FearNoEvil+1","BowlingBash+1"],"picked":"Weave+1","floor":27.0},{"not_picked":["EmptyFist+1","WreathOfFlame","SandsOfTime+1"],"picked":"SKIP","floor":28},{"not_picked":["Replay:Anticipation+1","InnerPeace","Replay:Vibes+1"],"picked":"SKIP","floor":29},{"not_picked":["Evaluate","TalkToTheHand+1","Replay:AtTheReady"],"picked":"SKIP","floor":30},{"not_picked":["CutThroughFate+1","FlyingSleeves+1"],"picked":"JustLucky+1","floor":31},{"not_picked":["FlurryOfBlows+1","Prostrate+1","CutThroughFate+1"],"picked":"SKIP","floor":35},{"not_picked":["EmptyBody","FollowUp+1"],"picked":"Sanctity","floor":36},{"not_picked":["Crescendo+1","TalkToTheHand+1"],"picked":"PathToVictory+1","floor":38},{"not_picked":["Consecrate+1","CutThroughFate+1","Crescendo+1"],"picked":"SKIP","floor":40},{"not_picked":["Perseverance","Replay:Anticipation+1","MasterReality+1"],"picked":"SKIP","floor":42},{"not_picked":["Meditate","SashWhip+1","EmptyFist+1"],"picked":"SKIP","floor":44},{"not_picked":["Replay:Cycle","CrushJoints+1","FearNoEvil+1"],"picked":"SKIP","floor":45}],"player_experience":32889,"relics_obtained":[{"floor":4.0,"key":"War Paint"},{"floor":6.0,"key":"Frozen Egg 2"},{"floor":9.0,"key":"Molten Egg 2"},{"floor":17.0,"key":"Blood Vial"},{"floor":17.0,"key":"Pear"},{"floor":17.0,"key":"GoldenEye"},{"floor":24.0,"key":"Matryoshka"},{"floor":26.0,"key":"MealTicket"},{"floor":26.0,"key":"Meat on the Bone"},{"floor":29,"key":"TungstenRod"},{"floor":36,"key":"CaptainsWheel"},{"floor":38,"key":"Mango"},{"floor":40,"key":"Bronze Scales"},{"floor":42,"key":"Strawberry"},{"floor":43,"key":"Toy Ornithopter"},{"floor":43,"key":"Regal Pillow"}],"event_choices":[{"cards_removed":["Defend_P"],"damage_healed":0.0,"max_hp_gain":0.0,"max_hp_loss":0.0,"gold_gain":0.0,"event_name":"Golden Wing","player_choice":"Card Removal","floor":5.0,"gold_loss":0.0,"damage_taken":7.0},{"damage_healed":0.0,"max_hp_gain":0.0,"max_hp_loss":0.0,"gold_gain":175.0,"event_name":"Liars Game","player_choice":"AGREE","floor":11.0,"gold_loss":0.0,"damage_taken":0.0,"cards_obtained":["Doubt"]},{"damage_healed":0.0,"max_hp_gain":0.0,"max_hp_loss":0.0,"gold_gain":0.0,"event_name":"Cursed Tome","player_choice":"Ignored","floor":22.0,"gold_loss":0.0,"damage_taken":0.0},{"damage_healed":0,"gold_gain":0,"player_choice":"Fight","damage_taken":0,"max_hp_gain":0,"max_hp_loss":0,"event_name":"MindBloom","floor":38,"gold_loss":0},{"damage_healed":0,"gold_gain":0,"player_choice":"Ignored","damage_taken":0,"max_hp_gain":0,"max_hp_loss":0,"event_name":"Tomb of Lord Red Mask","floor":39,"gold_loss":0},{"damage_healed":0,"gold_gain":0,"player_choice":"Max HP","damage_taken":0,"max_hp_gain":0,"max_hp_loss":5,"event_name":"Winding Halls","floor":48,"gold_loss":0}],"is_beta":false,"boss_relics":[{"not_picked":["Astrolabe","SacredBark"],"picked":"Calling Bell"},{"not_picked":["Runic Pyramid","Coffee Dripper"],"picked":"Sozu"}],"items_purged_floors":[3,10,14,37,47],"is_endless":false,"potions_floor_spawned":[1,6,16,19,20,29,33,35,42,45],"ascension_level":0}}