{"host":"61xbmbtf5zrn7rzc","time":1610662180,"event":{"mods":["BaseMod","Challenge The Spire","Hubris","Infinite Spire","Minty Spire (QoL Compilation)","Replay The Spire","StSLib","SuperFastMode"],"gold_per_floor":[116,116,116,116,116,116,134,146,173,200,212,212,241,269,269,364,364,352,372,372,392,342,342,361,361,361,361,28,56,56,72,72,171,171,188,188,188,203,217,217,217,246,293,312,312,329,24,39,39,39],"floor_reached":51,"language":"ENG","playtime":2637,"items_purged":["Strike_G"],"score":686,"play_id":"c7cb3f6e-18fe-44b7-8e7c-d9b6200f4921","local_time":"20210114170940","is_ascension_mode":true,"campfire_choices":[{"data":"hubris:Fate","floor":6,"key":"SMITH"},{"data":"Flechettes","floor":12,"key":"SMITH"},{"data":"Tools of the Trade","floor":15,"key":"SMITH"},{"data":"Adrenaline","floor":23,"key":"SMITH"},{"data":"Leg Sweep","floor":25,"key":"SMITH"},{"data":"Neutralize","floor":32,"key":"SMITH"},{"floor":40,"key":"REST"},{"floor":45,"key":"REST"},{"data":"Envenom","floor":49,"key":"SMITH"},{"data":"Footwork","floor":49,"key":"SMITH"}],"circlet_count":0,"master_deck":["Strike_G","Strike_G","Defend_G","Defend_G","Defend_G","Defend_G","Defend_G","Survivor","Neutralize+1","Tools of the Trade+1","Footwork","hubris:Fate+1","Flechettes+1","Cloak And Dagger","Prepared","Leg Sweep+1","Footwork+1","Adrenaline+1","Blade Dance","J.A.X.","Hidden Blade","Envenom+1","Sneak Up+1"],"relics":["Sizzling Blood","Quantum Egg","Nunchaku","Odd Mushroom","hubris:RunicObelisk","Bottled Tornado","Mercury Hourglass","Tiny Chest","Philosopher\u0027s Stone","Ring of Fury","Ring of Panic","Toxic Egg 2","Strawberry","Vajra","Replay:Arrowhead"],"acts_visited":["Exordium","TheCity","TheBeyond"],"potions_floor_usage":[13,16,16,29,29,33,35,44,50,50,50],"damage_taken":[{"damage":9,"enemies":"2 Louse","floor":1,"turns":4},{"damage":6,"enemies":"Small Slimes","floor":7,"turns":10},{"damage":0,"enemies":"Jaw Worm","floor":8,"turns":6},{"damage":0,"enemies":"Gremlin Nob","floor":10,"turns":2},{"damage":1,"enemies":"2 Fungi Beasts","floor":11,"turns":5},{"damage":11,"enemies":"3 Sentries","floor":13,"turns":8},{"damage":13,"enemies":"The Mushroom Lair","floor":14,"turns":5},{"damage":0,"enemies":"The Guardian","floor":16,"turns":2},{"damage":0,"enemies":"2 Thieves","floor":18,"turns":4},{"damage":7,"enemies":"3 Byrds","floor":19,"turns":4},{"damage":3,"enemies":"Shelled Parasite and Fungi","floor":21,"turns":6},{"damage":4,"enemies":"Snake Plant","floor":24,"turns":4},{"damage":4,"enemies":"Slavers","floor":29,"turns":4},{"damage":6,"enemies":"Cultist and Chosen","floor":31,"turns":5},{"damage":17,"enemies":"Champ","floor":33,"turns":7},{"damage":18,"enemies":"3 Darklings","floor":35,"turns":4},{"damage":12,"enemies":"Orb Walker","floor":38,"turns":4},{"damage":22,"enemies":"Spire Growth","floor":39,"turns":3},{"damage":10,"enemies":"Nemesis","floor":42,"turns":5},{"damage":29,"enemies":"Sphere and 2 Shapes","floor":44,"turns":5},{"damage":4,"enemies":"Maw","floor":46,"turns":6},{"damage":6,"enemies":"Transient","floor":48,"turns":5},{"damage":9,"enemies":"LordOfAnnihilation","floor":50,"turns":25}],"seed_played":"-1614852389176556961","potions_obtained":[{"floor":7,"key":"LiquidBronze"},{"floor":10,"key":"Ancient Potion"},{"floor":11,"key":"LiquidMemories"},{"floor":14,"key":"LifebloodPotion"},{"floor":19,"key":"DistilledChaos"},{"floor":21,"key":"Strength Potion"},{"floor":31,"key":"PowerPotion"},{"floor":33,"key":"infinitespire:BlackPotion"},{"floor":38,"key":"LiquidMemories"},{"floor":39,"key":"AttackPotion"},{"floor":48,"key":"Weak Potion"}],"is_trial":false,"path_per_floor":["M","?","?","?","?","R","M","M","T","E","M","R","E","?","R","B",null,"M","M","?","M","?","R","M","R","T","?","$","E","$","M","R","B",null,"M","?","?","M","M","R","T","E","T","M","R","M","$","M","R","B",null],"character_chosen":"THE_SILENT","items_purchased":["Mercury Hourglass","Replay:Arrowhead"],"campfire_rested":2,"item_purchase_floors":[28,47],"current_hp_per_floor":[54,38,38,31,35,35,33,37,37,41,44,44,37,28,28,32,67,67,64,64,65,65,65,65,65,65,65,65,65,65,63,63,50,67,53,53,53,45,27,47,47,48,48,23,45,45,45,43,43,38],"gold":39,"neow_bonus":"THREE_RARE_CARDS","is_daily":false,"chose_seed":false,"campfire_upgraded":8,"win_rate":0.0,"timestamp":1610662180,"path_taken":["M","?","?","?","?","R","M","M","T","E","?","R","E","?","R","BOSS","M","M","?","M","?","R","?","R","T","?","$","E","?","M","R","BOSS","M","?","?","M","M","R","?","E","T","M","R","M","$","?","R","BOSS"],"items_purchased_type":["Relic","Relic"],"build_version":"2020-12-22","purchased_purges":1,"victory":true,"max_hp_per_floor":[63,63,63,63,67,67,67,67,67,67,67,67,67,67,67,67,67,67,67,67,67,67,67,67,67,67,67,67,67,67,67,67,67,67,67,67,67,67,67,67,67,74,74,74,74,74,74,74,74,74],"card_choices":[{"not_picked":["Wraith Form v2","Doppelganger"],"picked":"Tools of the Trade","floor":0},{"not_picked":["ReplayTheSpireMod:The Works","PiercingWail"],"picked":"Footwork","floor":1},{"not_picked":["hubris:InfiniteBlow","infinitespire:TheBestDefense"],"picked":"hubris:Fate","floor":2},{"not_picked":["Backflip","Flying Knee"],"picked":"Flechettes","floor":7},{"not_picked":["Flechettes","Bane"],"picked":"Cloak And Dagger","floor":8},{"not_picked":["Well Laid Plans","Underhanded Strike"],"picked":"Prepared","floor":10},{"not_picked":["Escape Plan","Wraith Form v2"],"picked":"Leg Sweep","floor":11},{"not_picked":["Slice","Quick Slash","Outmaneuver"],"picked":"SKIP","floor":13},{"not_picked":["Riddle With Holes","Deflect"],"picked":"Footwork","floor":14},{"not_picked":["Atom Bomb","ReplayTheSpireMod:From All Sides"],"picked":"Adrenaline","floor":16},{"not_picked":["Acrobatics+1","Heel Hook"],"picked":"Blade Dance","floor":18},{"not_picked":["Prepared","Eviscerate+1","Concentrate"],"picked":"SKIP","floor":19},{"not_picked":["Flechettes+1","Acrobatics"],"picked":"Hidden Blade","floor":21},{"not_picked":["Acrobatics","Dodge and Roll","Quick Slash"],"picked":"SKIP","floor":24},{"not_picked":["Infinite Blades","ReplayTheSpireMod:Shiv Toss","Deadly Poison"],"picked":"SKIP","floor":29},{"not_picked":["Finisher","Replay:Poison Smokescreen","Flying Knee"],"picked":"SKIP","floor":31},{"not_picked":["Die Die Die","Corpse Explosion"],"picked":"Envenom","floor":33},{"not_picked":["Heel Hook","hubris:Sniper+1","Dodge and Roll"],"picked":"SKIP","floor":35},{"not_picked":["Backflip+1","Poisoned Stab+1","Deflect"],"picked":"SKIP","floor":38},{"not_picked":["hubris:SlightOfHand+1","Poisoned Stab","Masterful Stab"],"picked":"SKIP","floor":39},{"not_picked":["Eviscerate+1","Night Terror+1"],"picked":"Sneak Up+1","floor":42},{"not_picked":["Flying Knee","hubris:SlightOfHand+1","Bane"],"picked":"SKIP","floor":44},{"not_picked":["Dash+1","Finisher","Sucker Punch"],"picked":"SKIP","floor":46},{"not_picked":["Replay:Poison Smokescreen+1","Tactician+1","Flying Knee"],"picked":"SKIP","floor":48}],"player_experience":119542,"relics_obtained":[{"floor":10,"key":"Quantum Egg"},{"floor":13,"key":"Nunchaku"},{"floor":14,"key":"Odd Mushroom"},{"floor":26,"key":"Bottled Tornado"},{"floor":29,"key":"Tiny Chest"},{"floor":36,"key":"Ring of Fury"},{"floor":36,"key":"Ring of Panic"},{"floor":41,"key":"Toxic Egg 2"},{"floor":42,"key":"Strawberry"},{"floor":43,"key":"Vajra"}],"event_choices":[{"cards_removed":["Strike_G"],"damage_healed":0,"gold_gain":0,"player_choice":"Card Removal","damage_taken":7,"max_hp_gain":0,"max_hp_loss":0,"event_name":"Golden Wing","floor":4,"gold_loss":0},{"damage_healed":0,"gold_gain":0,"player_choice":"Fought Mushrooms","damage_taken":0,"max_hp_gain":0,"max_hp_loss":0,"event_name":"Mushrooms","floor":14,"gold_loss":0},{"damage_healed":0,"gold_gain":0,"player_choice":"Obtain J.A.X.","damage_taken":0,"max_hp_gain":0,"max_hp_loss":0,"event_name":"Drug Dealer","floor":20,"gold_loss":0,"cards_obtained":["J.A.X."]},{"damage_healed":0,"gold_gain":0,"player_choice":"Bet on Murderer","damage_taken":0,"max_hp_gain":0,"max_hp_loss":0,"event_name":"The Joust","floor":22,"gold_loss":50},{"cards_removed":["Spreading Infection"],"damage_healed":0,"gold_gain":0,"player_choice":"Purged","damage_taken":0,"max_hp_gain":0,"max_hp_loss":0,"event_name":"Purifier","floor":37,"gold_loss":0}],"is_beta":false,"boss_relics":[{"not_picked":["Busted Crown","hubris:TerracottaHorce"],"picked":"hubris:RunicObelisk"},{"not_picked":["Velvet Choker","Cursed Key"],"picked":"Philosopher\u0027s Stone"}],"items_purged_floors":[28],"is_endless":false,"potions_floor_spawned":[7,10,11,14,19,21,31,33,38,39,42,48],"ascension_level":2}}