{"host":"fq1bpa5mgr3rtgnr","time":1610603317,"event":{"mods":["AchievementEnabler","BaseMod","Colored Map","Colored Powertips","Highlight Path","Minty Spire (QoL Compilation)","Relic Stats","StSLib","The Bug Knight"],"gold_per_floor":[113,131,206,219,219,254,254,254,254,254,274,274,274],"floor_reached":12,"language":"ENG","playtime":987,"items_purged":[],"score":82,"play_id":"175f64e0-ef75-4d59-9eca-ab64d5594009","local_time":"20210114004837","is_ascension_mode":true,"campfire_choices":[{"data":"HollowMod:MawleksShell","floor":7,"key":"SMITH"}],"circlet_count":0,"master_deck":["HollowMod:NailStrikeStart","HollowMod:NailStrikeStart","HollowMod:QuickDashStart","HollowMod:QuickDashStart","HollowMod:QuickDashStart","HollowMod:FocusHealStart","HollowMod:PogoStrike","HollowMod:PureNailStrike","HollowMod:MawleksShell+1","HollowMod:GoodIntentions","HollowMod:LuriensSpire","HollowMod:DoubleDash","HollowMod:MylasSalvation","HollowMod:SoulEater"],"relics":["HollowMod:VesselMask","Unceasing Top","Eternal Feather"],"acts_visited":["Exordium"],"potions_floor_usage":[12],"damage_taken":[{"damage":1.0,"enemies":"Jaw Worm","floor":1.0,"turns":2.0},{"damage":0.0,"enemies":"Small Slimes","floor":2.0,"turns":3.0},{"damage":0.0,"enemies":"2 Louse","floor":4.0,"turns":2.0},{"damage":22,"enemies":"Lagavulin","floor":6,"turns":10},{"damage":14,"enemies":"Large Slime","floor":11,"turns":9},{"damage":55,"enemies":"Gremlin Nob","floor":12,"turns":5}],"seed_played":"5003336428592875278","potions_obtained":[{"floor":6,"key":"PowerPotion"}],"is_trial":false,"path_per_floor":["M","M","?","M","?","E","R","?","T","?","M","E"],"character_chosen":"THE_BUGKNIGHT","items_purchased":[],"campfire_rested":0,"item_purchase_floors":[],"current_hp_per_floor":[67,67,56,56,56,34,34,34,34,34,20,0,0],"gold":274,"neow_bonus":"TRANSFORM_TWO_CARDS","is_daily":false,"chose_seed":false,"campfire_upgraded":1,"win_rate":0.0,"timestamp":1610603317,"path_taken":["M","M","?","M","?","E","R","?","T","?","M","E"],"items_purchased_type":[],"build_version":"2020-12-22","purchased_purges":0,"victory":false,"max_hp_per_floor":[68,68,68,68,68,68,68,68,68,68,68,68,68],"relic_stats":{"counters":[6,31],"Eternal Feather":0,"obtain_stats":[{"HollowMod:VesselMask":0,"Eternal Feather":9,"Unceasing Top":6},{"HollowMod:VesselMask":0,"Eternal Feather":4,"Unceasing Top":4},{"HollowMod:VesselMask":0,"Eternal Feather":17,"Unceasing Top":17}],"Unceasing Top":[0]},"card_choices":[{"not_picked":["HollowMod:LifebloodCocoon","HollowMod:VengefulVoid","HollowMod:DungDefenderAura"],"picked":"SKIP","floor":1.0},{"not_picked":["HollowMod:ChannelNail","HollowMod:HuntersJournal"],"picked":"HollowMod:GoodIntentions","floor":2.0},{"not_picked":["HollowMod:HeavyBlow","HollowMod:QuirrelsAssistance"],"picked":"HollowMod:LuriensSpire","floor":4.0},{"not_picked":["HollowMod:GrimmsGift","HollowMod:VengefulSpirit"],"picked":"HollowMod:DoubleDash","floor":6},{"not_picked":["HollowMod:GreatSlash","HollowMod:CycloneSlash"],"picked":"HollowMod:SoulEater","floor":11}],"player_experience":404403,"relics_obtained":[{"floor":6,"key":"Unceasing Top"},{"floor":9,"key":"Eternal Feather"}],"event_choices":[{"damage_healed":0.0,"max_hp_gain":0.0,"max_hp_loss":0.0,"gold_gain":75.0,"event_name":"World of Goop","player_choice":"Gather Gold","floor":3.0,"gold_loss":0.0,"damage_taken":11.0}],"is_beta":false,"boss_relics":[],"items_purged_floors":[],"is_endless":false,"potions_floor_spawned":[6],"killed_by":"Gremlin Nob","ascension_level":1}}