{"host":"x21cvmfdo17nyhii","time":1610603824,"event":{"mods":["AchievementEnabler","BaseMod","Colored Map","Colored Powertips","DeckTracker","Highlight Path","Minty Spire (QoL Compilation)","Quick Restart","Rare Cards Sparkle","SuperFastMode"],"gold_per_floor":[119,79,79,99,99,131,131,131,131],"floor_reached":8,"language":"ENG","playtime":368,"items_purged":[],"score":65,"play_id":"144f1258-88e9-4bec-a354-60794982522b","local_time":"20210113215704","is_ascension_mode":true,"campfire_choices":[{"floor":7,"key":"REST"}],"circlet_count":0,"master_deck":["Strike_B+1","Strike_B+1","Strike_B","Defend_B","Defend_B","Defend_B","Defend_B","Zap","Dualcast","Rainbow","FTL","White Noise","Turbo","Leap"],"relics":["Cracked Core","Thread and Needle"],"acts_visited":["Exordium"],"potions_floor_usage":[],"damage_taken":[{"damage":3,"enemies":"Cultist","floor":1,"turns":4},{"damage":2,"enemies":"Jaw Worm","floor":4,"turns":2},{"damage":21,"enemies":"3 Sentries","floor":6,"turns":5},{"damage":37,"enemies":"Lagavulin","floor":8,"turns":8}],"seed_played":"-5473564132548452365","potions_obtained":[{"floor":1,"key":"BlessingOfTheForge"},{"floor":4,"key":"Ancient Potion"}],"is_trial":false,"path_per_floor":["M","$","?","M","?","E","R","E"],"character_chosen":"DEFECT","items_purchased":["White Noise"],"campfire_rested":1,"item_purchase_floors":[2],"current_hp_per_floor":[51,51,44,42,27,6,28,0,0],"gold":131,"neow_bonus":"THREE_RARE_CARDS","is_daily":false,"chose_seed":false,"campfire_upgraded":0,"win_rate":0.0,"timestamp":1610603824,"path_taken":["M","$","?","M","?","E","R","E"],"items_purchased_type":["Card"],"build_version":"2020-12-22","purchased_purges":0,"victory":false,"max_hp_per_floor":[75,75,75,75,75,75,75,75,75],"card_choices":[{"not_picked":["Amplify","Multi-Cast"],"picked":"Rainbow","floor":0},{"not_picked":["Rip and Tear","Reprogram"],"picked":"FTL","floor":1},{"not_picked":["Recycle","Barrage"],"picked":"Turbo","floor":4},{"not_picked":["Consume","Rebound"],"picked":"Leap","floor":6}],"player_experience":362582,"relics_obtained":[{"floor":6,"key":"Thread and Needle"}],"event_choices":[{"cards_removed":["Strike_B"],"damage_healed":0,"gold_gain":0,"player_choice":"Card Removal","damage_taken":7,"max_hp_gain":0,"max_hp_loss":0,"event_name":"Golden Wing","floor":3,"gold_loss":0},{"damage_healed":0,"gold_gain":0,"player_choice":"Entered Light","damage_taken":15,"max_hp_gain":0,"max_hp_loss":0,"event_name":"Shining Light","floor":5,"gold_loss":0,"cards_upgraded":["Strike_B","Strike_B"]}],"is_beta":false,"boss_relics":[],"items_purged_floors":[],"is_endless":false,"potions_floor_spawned":[1,4],"killed_by":"Lagavulin","ascension_level":4}}