{"host":"xkmvu47k9fdstweo","time":1610645912,"event":{"mods":["BaseMod","Colored Map","Conspire","Hubris","Minty Spire (QoL Compilation)","Quick Restart","Railgun Mod","Shop Mod","StSLib","The Alterego","The Servant 0.9.4","The Wild Card","TheBandit","WarShipGirlsR/??è≠èóR mod","vexMod"],"gold_per_floor":[116,28,28,28,41,41,67,67,67,78,89,89,14,32,32,137,137,154,8,43,63,163,163,197,215,215,215,243,243,270,284,284,379,379,391,169,185,185,185,185,200,200,200,231,231,73,83,83,83,83],"floor_reached":51,"language":"ENG","playtime":1721,"items_purged":["Strike_B"],"score":1098,"play_id":"af7acfa3-f3a4-4d39-9bd9-b1216444cbca","local_time":"20210114123832","is_ascension_mode":true,"campfire_choices":[{"data":"Dualcast","floor":6.0,"key":"SMITH"},{"data":"Swift Strike","floor":8.0,"key":"SMITH"},{"data":"Sweeping Beam","floor":12,"key":"SMITH"},{"floor":15,"key":"REST"},{"data":"Double Energy","floor":23,"key":"SMITH"},{"floor":27,"key":"REST"},{"data":"Reboot","floor":29,"key":"SMITH"},{"floor":32,"key":"REST"},{"data":"Seek","floor":40,"key":"SMITH"},{"data":"Fission","floor":42,"key":"SMITH"},{"data":"vexMod:StairwayStrike","floor":49,"key":"SMITH"}],"circlet_count":0,"master_deck":["Strike_B","Strike_B+1","Strike_B","Defend_B","Defend_B","Defend_B","Defend_B","Zap+1","Dualcast+1","Sweeping Beam+1","Swift Strike+1","Gash","Sweeping Beam+1","Cold Snap","Double Energy+1","Reboot+1","Compile Driver","Sweeping Beam","Gash","Sweeping Beam","Capacitor+1","Seek+1","Cold Snap","Fission+1","Melter+1","Gash","vexMod:StairwayStrike+1","Barrage+1","Cold Snap","Compile Driver+1","Doubt","Meteor Strike","Glacier+1"],"relics":["Runic Pyramid","hubris:Icosahedron","Art of War","hubris:BottledRain","vexMod:TanglingVine","Whetstone","Red Mask","vexMod:BarristanHead","hubris:SoftwareUpdate","hubris:SlimyHat","Ornamental Fan","hubris:Backtick","Unceasing Top","hubris:Metronome","Dream Catcher","hubris:Towel"],"acts_visited":["Exordium","TheCity","TheBeyond"],"potions_floor_usage":[16,28,30,31,33,41,44,50,50],"damage_taken":[{"damage":2.0,"enemies":"Jaw Worm","floor":1.0,"turns":5.0},{"damage":0.0,"enemies":"conspire:RoseBush","floor":5.0,"turns":3.0},{"damage":25.0,"enemies":"Gremlin Nob","floor":7.0,"turns":4.0},{"damage":0,"enemies":"2 Louse","floor":10,"turns":2},{"damage":0,"enemies":"Exordium Thugs","floor":11,"turns":3},{"damage":3,"enemies":"Blue Slaver","floor":14,"turns":2},{"damage":15,"enemies":"The Guardian","floor":16,"turns":12},{"damage":4,"enemies":"conspire:FuzzyDice","floor":18,"turns":6},{"damage":2,"enemies":"Masked Bandits","floor":20,"turns":2},{"damage":0,"enemies":"3 Byrds","floor":21,"turns":3},{"damage":24,"enemies":"Slavers","floor":24,"turns":3},{"damage":11,"enemies":"Centurion and Healer","floor":25,"turns":5},{"damage":0,"enemies":"conspire:Head Lice","floor":28,"turns":5},{"damage":22,"enemies":"Gremlin Leader","floor":30,"turns":5},{"damage":1,"enemies":"Snecko","floor":31,"turns":3},{"damage":29,"enemies":"conspire:MysteriousRune","floor":33,"turns":8},{"damage":0,"enemies":"Orb Walker","floor":35,"turns":3},{"damage":14,"enemies":"3 Darklings","floor":37,"turns":3},{"damage":42,"enemies":"Writhing Mass","floor":41,"turns":7},{"damage":21,"enemies":"Giant Head","floor":44,"turns":6},{"damage":0,"enemies":"4 Shapes","floor":47,"turns":1},{"damage":26,"enemies":"hubris:GrandSnecko","floor":50,"turns":6}],"seed_played":"-441183265752667673","potions_obtained":[{"floor":1.0,"key":"FocusPotion"},{"floor":10,"key":"conspire:TimeTravelPotion"},{"floor":14,"key":"Weak Potion"},{"floor":20,"key":"Explosive Potion"},{"floor":28,"key":"FocusPotion"},{"floor":30,"key":"Fire Potion"},{"floor":31,"key":"DuplicationPotion"},{"floor":35,"key":"AttackPotion"},{"floor":47,"key":"FearPotion"}],"is_trial":false,"path_per_floor":["M","$","?","?","M","R","E","R","T","M","M","R","$","M","R","B",null,"M","$","?","M","?","R","E","M","T","R","E","R","E","M","R","B",null,"M","$","M","?","?","R","M","R","T","E","?","$","M","?","R","B",null],"character_chosen":"DEFECT","items_purchased":["Swift Strike","Whetstone","Gash","vexMod:StairwayStrike","Meteor Strike"],"campfire_rested":3,"item_purchase_floors":[2,19,36,36,46],"current_hp_per_floor":[66,66,66,66,75,75,50,50,50,50,50,50,50,47,69,54,70,66,66,64,64,64,64,40,29,29,51,51,51,29,28,50,21,62,62,62,48,55,55,55,38,38,38,17,75,75,75,75,75,49],"gold":83,"neow_bonus":"BOSS_RELIC","is_daily":false,"chose_seed":false,"campfire_upgraded":8,"win_rate":0.0,"timestamp":1610645912,"path_taken":["M","$","?","?","M","R","E","R","T","M","M","R","?","?","R","BOSS","M","$","?","M","?","R","E","M","T","R","E","R","E","?","R","BOSS","M","$","M","?","?","R","?","R","T","E","?","$","M","?","R","BOSS"],"items_purchased_type":["Card","Relic","Card","Card","Card"],"build_version":"2020-12-22","purchased_purges":1,"victory":true,"max_hp_per_floor":[75,75,75,75,75,75,75,75,75,75,75,75,75,75,75,75,75,75,75,75,75,75,75,75,75,75,75,75,75,75,75,75,75,75,75,75,75,75,75,75,75,75,75,75,75,75,75,75,75,75],"card_choices":[{"not_picked":["Skim","Hologram"],"picked":"Sweeping Beam","floor":1.0},{"not_picked":["Thunder Strike","Hologram"],"picked":"Gash","floor":5.0},{"not_picked":["Auto Shields","Storm"],"picked":"Sweeping Beam","floor":7.0},{"not_picked":["Lockon","Loop"],"picked":"Cold Snap","floor":10},{"not_picked":["hubris:Ukulele","Steam","Ball Lightning"],"picked":"SKIP","floor":11},{"not_picked":["Cold Snap","Rip and Tear"],"picked":"Double Energy","floor":14},{"not_picked":["Rainbow","Seek"],"picked":"Reboot","floor":16},{"not_picked":["Reinforced Body","Stack"],"picked":"Compile Driver","floor":18},{"not_picked":["Redo+1","Barrage"],"picked":"Sweeping Beam","floor":20},{"not_picked":["Ball Lightning","Tempest","Undo"],"picked":"SKIP","floor":21},{"not_picked":["Coolheaded","Stack"],"picked":"Gash","floor":24},{"not_picked":["Go for the Eyes","Beam Cell+1"],"picked":"Sweeping Beam","floor":25},{"not_picked":["Hologram","Melter"],"picked":"Capacitor+1","floor":28},{"not_picked":["Beam Cell","Melter+1"],"picked":"Seek","floor":30},{"not_picked":["Rebound","Leap"],"picked":"Cold Snap","floor":31},{"not_picked":["hubris:SpecializedCircuitry","Meteor Strike"],"picked":"Fission","floor":33},{"not_picked":["Sweeping Beam","Rebound+1"],"picked":"Melter+1","floor":35},{"not_picked":["White Noise+1","Leap"],"picked":"Barrage+1","floor":37},{"not_picked":["Redo","Leap"],"picked":"Cold Snap","floor":41},{"not_picked":["Blizzard+1","Consume"],"picked":"Compile Driver+1","floor":44},{"not_picked":["Storm+1","Compile Driver"],"picked":"Glacier+1","floor":47}],"player_experience":311015,"relics_obtained":[{"floor":7.0,"key":"Art of War"},{"floor":9.0,"key":"hubris:BottledRain"},{"floor":20,"key":"Red Mask"},{"floor":24,"key":"vexMod:BarristanHead"},{"floor":26,"key":"hubris:SoftwareUpdate"},{"floor":28,"key":"hubris:SlimyHat"},{"floor":30,"key":"Ornamental Fan"},{"floor":43,"key":"hubris:Metronome"},{"floor":44,"key":"Dream Catcher"}],"event_choices":[{"damage_healed":0,"gold_gain":0,"player_choice":"Fought Bandits","damage_taken":0,"max_hp_gain":0,"max_hp_loss":0,"event_name":"Masked Bandits","floor":20,"gold_loss":0},{"damage_healed":0,"gold_gain":100,"player_choice":"Pray","damage_taken":0,"max_hp_gain":0,"max_hp_loss":0,"event_name":"Golden Shrine","floor":22,"gold_loss":0},{"damage_healed":0,"gold_gain":0,"player_choice":"Ignored","damage_taken":0,"max_hp_gain":0,"max_hp_loss":0,"event_name":"SecretPortal","floor":39,"gold_loss":0},{"damage_healed":58,"gold_gain":0,"player_choice":"Heal","damage_taken":0,"max_hp_gain":0,"max_hp_loss":0,"event_name":"MindBloom","floor":45,"gold_loss":0,"cards_obtained":["Doubt"]}],"is_beta":false,"boss_relics":[{"not_picked":["conspire:SeveredTorchhead","Black Star"],"picked":"vexMod:TanglingVine"},{"not_picked":["vexMod:EndlessSickness","Fusion Hammer"],"picked":"hubris:Backtick"}],"items_purged_floors":[13],"is_endless":false,"potions_floor_spawned":[1,10,14,20,24,28,30,31,35,47],"ascension_level":8}}