{"host":"81vb4cbob60wa1na","time":1610599489,"event":{"mods":["BaseMod","Downfall","GifTheSpireLib","Hermit","Highlight Path","Minty Spire (QoL Compilation)","StSLib","The Cursed","The Disciple"],"gold_per_floor":[99,116,116,391,402,234,234,245,276,276,287,462,462,462,476,576,626,626,643,286,286,286,296,321,332,332,332,607,619,637,637,637,637],"floor_reached":31,"language":"ENG","playtime":1083,"items_purged":[],"score":297,"play_id":"42238d10-af13-45de-8ce3-7d81b110af85","local_time":"20210113234449","is_ascension_mode":true,"campfire_choices":[{"data":"hexamod:Sear","floor":1,"key":"SMITH"},{"floor":10,"key":"REST"},{"floor":13,"key":"REST"},{"data":"hexamod:SpectralSpark","floor":18,"key":"SMITH"},{"floor":26,"key":"REST"}],"circlet_count":0,"master_deck":["hexamod:Strike","hexamod:Strike","hexamod:Strike+1","hexamod:Strike+1","hexamod:Defend+1","hexamod:Defend+1","hexamod:Defend","hexamod:Defend","hexamod:Sear+1","hexamod:Float+1","hexamod:BurningTouch","Regret","Regret","hexamod:PhantomFireball","hexamod:Sear+1","hexamod:VolcanoVisage","Doubt","hexamod:RainOfEmbers","hexamod:TurnItUp","hexamod:SpectralSpark+1","hexamod:ThermalTransfer+1","hexamod:HeatCrush+1","hexamod:Firestarter+1","hexamod:DynamicBlow","hexamod:ExtraCrispy","Regret","hexamod:BurningTouch"],"relics":["hexamod:SpiritBrand","DollysMirror","Darkstone Periapt","Oddly Smooth Stone","Tiny House","Membership Card","Orichalcum","downfall:RedIOU","Regal Pillow"],"acts_visited":["Exordium","TheCity"],"potions_floor_usage":[16,20,20,23,29,31,31],"damage_taken":[{"damage":0,"enemies":"2 Louse","floor":2,"turns":3},{"damage":6,"enemies":"Small Slimes","floor":5,"turns":3},{"damage":4,"enemies":"downfall:FleeingMerchant","floor":6,"turns":4},{"damage":4,"enemies":"Cultist","floor":8,"turns":3},{"damage":37,"enemies":"3 Sentries","floor":9,"turns":8},{"damage":4,"enemies":"2 Fungi Beasts","floor":11,"turns":3},{"damage":15,"enemies":"Large Slime","floor":15,"turns":4},{"damage":59,"enemies":"downfall:Silent","floor":16,"turns":7},{"damage":8,"enemies":"Spheric Guardian","floor":19,"turns":3},{"damage":12,"enemies":"downfall:FleeingMerchant","floor":20,"turns":4},{"damage":0,"enemies":"Chosen","floor":21,"turns":1},{"damage":17,"enemies":"Centurion and Healer","floor":23,"turns":6},{"damage":15,"enemies":"Snake Plant","floor":25,"turns":3},{"damage":16,"enemies":"Sentry and Sphere","floor":29,"turns":4},{"damage":40,"enemies":"Chosen and Byrds","floor":30,"turns":6},{"damage":25,"enemies":"Shelled Parasite and Fungi","floor":31,"turns":4}],"seed_played":"3158028250930419379","potions_obtained":[{"floor":9,"key":"DuplicationPotion"},{"floor":15,"key":"FairyPotion"},{"floor":16,"key":"PowerPotion"},{"floor":17,"key":"Weak Potion"},{"floor":19,"key":"hexamod:EctoCoolerPotion"},{"floor":25,"key":"SteroidPotion"},{"floor":30,"key":"ColorlessPotion"}],"is_trial":false,"path_per_floor":["R","M","?","?","M","$","T","M","E","R","M","?","R","?","M","B",null,"R","M","$","M","?","M","T","M","R","?","?","M","M","M"],"character_chosen":"THE_SPIRIT","items_purchased":["DollysMirror","Membership Card","Pen Nib","Orichalcum","Block Potion","Energy Potion"],"campfire_rested":3,"item_purchase_floors":[6,20,20,20,20,20],"current_hp_per_floor":[70,70,70,70,64,60,60,56,19,40,36,42,64,64,49,15,81,81,73,61,61,61,44,44,29,68,68,74,58,18,0,0,0],"gold":637,"neow_bonus":"UPGRADE_CARD","is_daily":false,"chose_seed":false,"campfire_upgraded":2,"win_rate":0.0,"timestamp":1610599489,"path_taken":["R","M","?","?","?","$","T","M","E","R","M","?","R","?","M","BOSS","R","M","$","M","?","M","T","M","R","?","?","?","M","M"],"items_purchased_type":["Relic","Relic","Relic","Relic","Potion","Potion"],"build_version":"2020-12-22","purchased_purges":0,"victory":false,"max_hp_per_floor":[70,70,70,70,70,70,70,70,70,70,70,76,76,76,76,76,81,81,81,81,81,81,81,81,81,81,81,87,87,87,87,87,87],"card_choices":[{"not_picked":["hexamod:BacktrackSmack","hexamod:SwordOfDarkness"],"picked":"hexamod:BurningTouch","floor":2},{"not_picked":["hexamod:InspiringFlames","hexamod:Haunt"],"picked":"hexamod:PhantomFireball","floor":5},{"not_picked":["hexamod:FastForward","hexamod:NecessarySacrifice","hexamod:NightmareStrike"],"picked":"SKIP","floor":6},{"not_picked":["hexamod:HauntingEcho","hexamod:ShieldOfDarkness","hexamod:GhostLash"],"picked":"SKIP","floor":8},{"not_picked":["hexamod:AdvancingGuard","hexamod:BurningTouch"],"picked":"hexamod:VolcanoVisage","floor":9},{"not_picked":["hexamod:NightmareStrike","hexamod:FlamesFromBeyond","hexamod:SwordOfDarkness"],"picked":"SKIP","floor":11},{"not_picked":["hexamod:RecurringNightmare","hexamod:InspiringFlames"],"picked":"hexamod:RainOfEmbers","floor":15},{"not_picked":["hexamod:EmpoweringStance","hexamod:ApocalypseNow"],"picked":"hexamod:TurnItUp","floor":16},{"not_picked":["hexamod:GhostOfSpirePast","hexamod:InspiringFlames"],"picked":"hexamod:SpectralSpark","floor":17},{"not_picked":["hexamod:Firestarter","hexamod:SpectersWail"],"picked":"hexamod:ThermalTransfer+1","floor":19},{"not_picked":["hexamod:BurningTouch","hexamod:GhostShield+1"],"picked":"hexamod:HeatCrush+1","floor":20},{"not_picked":["hexamod:SpectersWail","hexamod:SecondSeal"],"picked":"hexamod:Firestarter+1","floor":21},{"not_picked":["hexamod:AdvancingGuard","hexamod:RainOfEmbers"],"picked":"hexamod:DynamicBlow","floor":23},{"not_picked":["hexamod:InspiringFlames","hexamod:HauntingEcho"],"picked":"hexamod:ExtraCrispy","floor":25},{"not_picked":["hexamod:Haunt+1","hexamod:InspiringFlames","hexamod:RainOfEmbers"],"picked":"SKIP","floor":29},{"not_picked":["hexamod:HauntingEcho","hexamod:NecessarySacrifice"],"picked":"hexamod:BurningTouch","floor":30}],"player_experience":229247,"relics_obtained":[{"floor":7,"key":"Darkstone Periapt"},{"floor":9,"key":"Oddly Smooth Stone"},{"floor":24,"key":"Regal Pillow"}],"event_choices":[],"is_beta":false,"boss_relics":[{"not_picked":["Snecko Eye","Runic Dome"],"picked":"Tiny House"}],"items_purged_floors":[],"is_endless":false,"potions_floor_spawned":[9,15,16,19,25,30],"killed_by":"Shelled Parasite and Fungi","ascension_level":1}}