{"host":"d9m9v0h6vo0edadb","time":1610604871,"event":{"mods":["BaseMod","Hermit","Keyboard Shortcuts","Minty Spire (QoL Compilation)","StSLib","SuperFastMode","The Cursed"],"gold_per_floor":[118,134,134,134,148,148,168,168,168],"floor_reached":8,"language":"KOR","playtime":85,"items_purged":[],"score":72,"play_id":"dd6d6491-06de-4a51-9b9b-e6d4e3080ef4","local_time":"20210114151431","is_ascension_mode":true,"campfire_choices":[{"data":"Eruption","floor":6,"key":"SMITH"}],"circlet_count":0,"master_deck":["AscendersBane","Strike_P","Strike_P","Strike_P","Strike_P","Defend_P+1","Defend_P+1","Defend_P","Defend_P","Eruption+1","Vigilance","ConjureBlade","WindmillStrike","Evaluate","Consecrate"],"relics":["PureWater"],"acts_visited":["Exordium"],"potions_floor_usage":[7],"damage_taken":[{"damage":0,"enemies":"Small Slimes","floor":1,"turns":2},{"damage":7,"enemies":"2 Louse","floor":2,"turns":4},{"damage":7,"enemies":"Jaw Worm","floor":5,"turns":3},{"damage":3,"enemies":"Lots of Slimes","floor":7,"turns":3},{"damage":52,"enemies":"Gremlin Nob","floor":8,"turns":3}],"seed_played":"2756211265034540954","potions_obtained":[{"floor":1,"key":"SteroidPotion"}],"is_trial":false,"path_per_floor":["M","M","?","?","M","R","M","E"],"character_chosen":"WATCHER","items_purchased":[],"campfire_rested":0,"item_purchase_floors":[],"current_hp_per_floor":[65,58,45,45,38,38,35,0,0],"gold":168,"neow_bonus":"THREE_RARE_CARDS","is_daily":false,"chose_seed":false,"campfire_upgraded":1,"win_rate":0.0,"timestamp":1610604871,"path_taken":["M","M","?","?","M","R","M","E"],"items_purchased_type":[],"build_version":"2020-12-22","purchased_purges":0,"victory":false,"max_hp_per_floor":[65,65,65,65,65,65,65,65,65],"card_choices":[{"not_picked":["Blasphemy","Establishment"],"picked":"ConjureBlade","floor":0},{"not_picked":["Prostrate","Swivel"],"picked":"WindmillStrike","floor":1},{"not_picked":["ReachHeaven","LikeWater"],"picked":"Evaluate","floor":2},{"not_picked":["Crescendo","BowlingBash"],"picked":"Consecrate","floor":5},{"not_picked":["Crescendo","ThirdEye","BattleHymn"],"picked":"SKIP","floor":7}],"player_experience":969316,"relics_obtained":[],"event_choices":[{"damage_healed":0,"gold_gain":0,"player_choice":"Entered Light","damage_taken":13,"max_hp_gain":0,"max_hp_loss":0,"event_name":"Shining Light","floor":3,"gold_loss":0,"cards_upgraded":["Defend_P","Defend_P"]},{"damage_healed":0,"gold_gain":0,"player_choice":"Ignored","damage_taken":0,"max_hp_gain":0,"max_hp_loss":0,"event_name":"Liars Game","floor":4,"gold_loss":0}],"is_beta":false,"boss_relics":[],"items_purged_floors":[],"is_endless":false,"potions_floor_spawned":[1],"killed_by":"Gremlin Nob","ascension_level":10}}