{"host":"l84l8xigz5v5foa2","time":1610633974,"event":{"mods":["2.2 Compatiblity","AchievementEnabler","BaseMod","Better Note","Better Vampires","Card Filter","Colored Map","DeckTracker","Downfall","Gremlin Skip","Highlight Path","Keyboard Shortcuts","Minty Spire (QoL Compilation)","Permanent Neow","Quick Restart","Relic Filter","Relic Stats","StSLib","SuperFastMode","Transform Curses","Unknown Chances"],"gold_per_floor":[99,115,115,125,142,142,142,142,142,242,1,1,16,50,69,140,140,140,160,170,170,170,170,245,261,261,171,171,200,220,231,243,322,322,322,341,359,359,374,299,299,42,60,92,105,140,65,81,99,99],"floor_reached":51,"language":"ENG","playtime":2340,"items_purged":["Guardian:Strike_Guardian","Guardian:Strike_Guardian"],"score":1787,"play_id":"9fc88064-680c-40ca-bcb5-43f4c3f168a1","local_time":"20210114231934","is_ascension_mode":true,"campfire_choices":[{"data":"Guardian:CurlUp","floor":1.0,"key":"SMITH"},{"data":"Guardian:Suspension","floor":9.0,"key":"SMITH"},{"data":"Guardian:PiercingHide","floor":12.0,"key":"SMITH"},{"data":"Guardian:CompilePackage","floor":18.0,"key":"SMITH"},{"floor":26.0,"key":"REST"},{"data":"Guardian:MultiBeam","floor":28.0,"key":"SMITH"},{"floor":35.0,"key":"RECALL"},{"data":"Guardian:FuturePlans","floor":40.0,"key":"SMITH"},{"data":"Guardian:CompilePackage","floor":47,"key":"SMITH"}],"circlet_count":0,"master_deck":["AscendersBane","Guardian:Defend_Guardian","Guardian:Defend_Guardian","Guardian:Defend_Guardian","Guardian:CurlUp+1","Guardian:TwinSlam","Guardian:Repulse","Guardian:PrimingBeam+1","Guardian:Suspension+1","Guardian:PrimingBeam","Guardian:PiercingHide+1","Guardian:FuturePlans+1","Guardian:SentryBeam+1","Guardian:Incinerate","Guardian:CompilePackage+1","Guardian:Recover","Guardian:MultiBeam+1","Necronomicurse","Guardian:Recover","Guardian:RevengeProtocol","Guardian:CompilePackage+1"],"relics":["Guardian:ModeShifter","TungstenRod","champ:DuelingGlove","Chemical X","Oddly Smooth Stone","Sozu","Necronomicon","HornCleat","Whetstone","Busted Crown","downfall:HeartBlessingRed","Ice Cream","Nunchaku","Guardian:StasisCodex","downfall:HeartBlessingGreen"],"acts_visited":["Exordium","TheCity","TheBeyond"],"potions_floor_usage":[],"damage_taken":[{"damage":1.0,"enemies":"2 Louse","floor":2.0,"turns":4.0},{"damage":6.0,"enemies":"Small Slimes","floor":4.0,"turns":5.0},{"damage":7.0,"enemies":"Jaw Worm","floor":5.0,"turns":6.0},{"damage":0.0,"enemies":"downfall:FleeingMerchant","floor":11.0,"turns":4.0},{"damage":14.0,"enemies":"Large Slime","floor":13.0,"turns":7.0},{"damage":0.0,"enemies":"Lagavulin","floor":14.0,"turns":6.0},{"damage":11.0,"enemies":"Lots of Slimes","floor":15.0,"turns":4.0},{"damage":2.0,"enemies":"downfall:Defect","floor":16.0,"turns":7.0},{"damage":20.0,"enemies":"Shell Parasite","floor":19.0,"turns":3.0},{"damage":0.0,"enemies":"3 Byrds","floor":20.0,"turns":1.0},{"damage":5.0,"enemies":"Snake Plant","floor":25.0,"turns":3.0},{"damage":0.0,"enemies":"downfall:FleeingMerchant","floor":27.0,"turns":4.0},{"damage":1.0,"enemies":"Book of Stabbing","floor":29.0,"turns":3.0},{"damage":0.0,"enemies":"Shelled Parasite and Fungi","floor":30.0,"turns":1.0},{"damage":0.0,"enemies":"Chosen and Byrds","floor":31.0,"turns":3.0},{"damage":0.0,"enemies":"3 Cultists","floor":32.0,"turns":1.0},{"damage":0.0,"enemies":"downfall:Watcher","floor":33.0,"turns":4.0},{"damage":4.0,"enemies":"3 Shapes","floor":36.0,"turns":3.0},{"damage":9.0,"enemies":"3 Darklings","floor":37.0,"turns":3.0},{"damage":0.0,"enemies":"Sphere and 2 Shapes","floor":39.0,"turns":4.0},{"damage":0.0,"enemies":"downfall:FleeingMerchant","floor":42.0,"turns":2.0},{"damage":0.0,"enemies":"Maw","floor":43.0,"turns":4.0},{"damage":0,"enemies":"Nemesis","floor":44,"turns":3},{"damage":0,"enemies":"3 Darklings","floor":45,"turns":1},{"damage":0,"enemies":"Giant Head","floor":46,"turns":4},{"damage":13,"enemies":"4 Shapes","floor":48,"turns":2},{"damage":0,"enemies":"Sphere and 2 Shapes","floor":49,"turns":3},{"damage":0,"enemies":"downfall:Silent","floor":50,"turns":5}],"seed_played":"-9017629851647072766","potions_obtained":[{"floor":13.0,"key":"Strength Potion"},{"floor":14.0,"key":"SteroidPotion"},{"floor":15.0,"key":"ColorlessPotion"},{"floor":16.0,"key":"champ:CounterPotion"}],"is_trial":false,"path_per_floor":["R","M","?","M","M","?","T","?","R","?","$","R","M","E","M","B",null,"R","M","M","?","?","?","T","M","R","$","R","E","M","M","M","B",null,"R","M","M","?","M","R","T","$","M","E","M","E","R","M","M","B",null],"character_chosen":"GUARDIAN","items_purchased":["Guardian:Gem_Cyan","Chemical X","Ice Cream","Guardian:CompilePackage"],"campfire_rested":1,"item_purchase_floors":[11,11,42,42],"current_hp_per_floor":[65,64,53,47,40,40,40,40,40,40,40,40,26,26,15,13,52,52,32,32,32,12,12,12,7,26,26,26,25,25,25,25,25,55,55,51,42,42,42,42,42,42,42,42,42,42,42,29,29,29],"gold":99,"neow_bonus":"TRANSFORM_TWO_CARDS","is_daily":false,"chose_seed":false,"campfire_upgraded":7,"win_rate":0.0,"timestamp":1610633974,"path_taken":["R","M","?","M","M","?","T","?","R","?","$","R","M","E","M","BOSS","R","M","M","?","?","?","T","M","R","$","R","E","?","M","M","BOSS","R","M","M","?","M","R","T","$","M","E","M","E","R","M","M","BOSS"],"items_purchased_type":["Card","Relic","Relic","Card"],"build_version":"2020-12-22","purchased_purges":2,"victory":true,"max_hp_per_floor":[65,65,65,65,65,65,65,65,65,65,65,65,65,65,65,65,65,65,65,65,65,65,65,65,65,65,65,65,65,65,65,65,65,65,65,65,65,65,65,65,65,65,65,65,65,65,65,65,65,65],"relic_stats":{"Sozu":10,"Nunchaku":[3],"Busted Crown":20,"counters":[28,100],"Necronomicon":[19],"Chemical X":[26],"Whetstone":["Guardian:SentryBeam","Guardian:PrimingBeam"],"obtain_stats":[{"Ice Cream":42,"champ:DuelingGlove":7,"downfall:HeartBlessingRed":40,"Guardian:ModeShifter":0,"Oddly Smooth Stone":14,"Guardian:StasisCodex":46,"downfall:HeartBlessingGreen":47,"Whetstone":29,"Sozu":17,"Nunchaku":44,"HornCleat":24,"Busted Crown":34,"Necronomicon":22,"Chemical X":11,"TungstenRod":3},{"Ice Cream":21,"champ:DuelingGlove":3,"downfall:HeartBlessingRed":20,"Guardian:ModeShifter":0,"Oddly Smooth Stone":6,"Guardian:StasisCodex":25,"downfall:HeartBlessingGreen":25,"Whetstone":13,"Sozu":8,"Nunchaku":23,"HornCleat":10,"Busted Crown":17,"Necronomicon":10,"Chemical X":4,"TungstenRod":1},{"Ice Cream":78,"champ:DuelingGlove":15,"downfall:HeartBlessingRed":76,"Guardian:ModeShifter":0,"Oddly Smooth Stone":32,"Guardian:StasisCodex":90,"downfall:HeartBlessingGreen":90,"Whetstone":57,"Sozu":43,"Nunchaku":85,"HornCleat":47,"Busted Crown":66,"Necronomicon":47,"Chemical X":19,"TungstenRod":4}],"TungstenRod":20},"card_choices":[{"not_picked":["Guardian:TemporalShield","Guardian:WalkerClaw","Guardian:VentSteam"],"picked":"SKIP","floor":2.0},{"not_picked":["Guardian:BronzeArmor","Guardian:Gem_Yellow"],"picked":"Guardian:PrimingBeam","floor":4.0},{"not_picked":["Guardian:VentSteam","Guardian:WalkerClaw"],"picked":"Guardian:Suspension","floor":5.0},{"not_picked":["Guardian:TimeCapacitor","Guardian:ShieldSpikes"],"picked":"Guardian:PiercingHide","floor":11.0},{"not_picked":["Guardian:Incinerate","Guardian:StasisStrike"],"picked":"Guardian:FuturePlans","floor":13.0},{"not_picked":["Guardian:Suspension","Guardian:Gem_Red"],"picked":"Guardian:SentryBeam","floor":14.0},{"not_picked":["Guardian:CrystalBeam","Guardian:Gem_Red"],"picked":"Guardian:Incinerate","floor":15.0},{"not_picked":["Guardian:SphericShield","Guardian:Gem_Synthetic"],"picked":"Guardian:CompilePackage","floor":16.0},{"not_picked":["Guardian:Suspension","Guardian:DonusPower"],"picked":"Guardian:Recover","floor":19.0},{"not_picked":["Guardian:TemporalShield","Guardian:Gem_Crimson"],"picked":"Guardian:MultiBeam","floor":20.0},{"not_picked":["Guardian:FloatingOrbs","Guardian:CrystalBeam","Guardian:PrimingBeam"],"picked":"SKIP","floor":25.0},{"not_picked":["Guardian:PiercingHide","Guardian:RevengeProtocol","Guardian:MultiBeam"],"picked":"SKIP","floor":27.0},{"not_picked":["Guardian:Emergency","Guardian:ConstructionForm"],"picked":"Guardian:Recover","floor":29.0},{"not_picked":["Guardian:Orbwalk","Guardian:TemporalStrike"],"picked":"Guardian:Gem_Fragmented","floor":30.0},{"not_picked":["Guardian:FuturePlans","Guardian:SpikerProtocol+1","Guardian:Suspension"],"picked":"SKIP","floor":31.0},{"not_picked":["Guardian:TimeBomb+1","Guardian:Gem_Green"],"picked":"Guardian:Gem_Fragmented","floor":32.0},{"not_picked":["Guardian:StasisField","Guardian:StasisStrike"],"picked":"Guardian:RevengeProtocol","floor":33.0},{"not_picked":["Guardian:FuturePlans"],"picked":"SKIP","floor":36.0},{"not_picked":["Guardian:TemporalStrike+1"],"picked":"SKIP","floor":37.0},{"not_picked":["Guardian:Suspension"],"picked":"SKIP","floor":39.0},{"not_picked":["Guardian:WalkerClaw"],"picked":"SKIP","floor":42.0},{"not_picked":["Guardian:Recover"],"picked":"SKIP","floor":43.0},{"not_picked":["Guardian:ConstructionForm"],"picked":"SKIP","floor":44},{"not_picked":["Guardian:WalkerClaw"],"picked":"SKIP","floor":45},{"not_picked":["Guardian:StasisField"],"picked":"SKIP","floor":46},{"not_picked":["Guardian:Gem_Cyan"],"picked":"SKIP","floor":48},{"not_picked":["Guardian:Gem_Green"],"picked":"SKIP","floor":49}],"player_experience":3198830,"relics_obtained":[{"floor":7.0,"key":"champ:DuelingGlove"},{"floor":14.0,"key":"Oddly Smooth Stone"},{"floor":22.0,"key":"Necronomicon"},{"floor":24.0,"key":"HornCleat"},{"floor":29.0,"key":"Whetstone"},{"floor":44,"key":"Nunchaku"},{"floor":46,"key":"Guardian:StasisCodex"}],"event_choices":[{"damage_healed":0.0,"max_hp_gain":0.0,"max_hp_loss":0.0,"gold_gain":0.0,"event_name":"Scrap Ooze","player_choice":"Success","floor":3.0,"gold_loss":0.0,"damage_taken":11.0,"relics_obtained":["TungstenRod"]},{"damage_healed":0.0,"max_hp_gain":0.0,"max_hp_loss":0.0,"gold_gain":0.0,"cards_transformed":["Guardian:Strike_Guardian"],"event_name":"Living Wall","player_choice":"Change","floor":6.0,"gold_loss":0.0,"damage_taken":0.0,"cards_obtained":["Guardian:PrimingBeam"]}],"is_beta":false,"boss_relics":[{"not_picked":["downfall:Hecktoplasm","SlaversCollar"],"picked":"Sozu"},{"not_picked":["Guardian:ModeShifterPlus","Astrolabe"],"picked":"Busted Crown"}],"items_purged_floors":[27,42],"is_endless":false,"potions_floor_spawned":[13,14,15,16,19,25,29,31,32,36,44,46,48,49],"ascension_level":20}}