{"host":"h5mpg8xef8fl8s1y","time":1610655092,"event":{"mods":["100% Spire Juice","AchievementEnabler","BaseMod","Bestiary","Block Reminder","Colored Map","Colored Powertips","Curses Come First","Dark Map","Displayed Cursed Tome","Googly Eyes","Marisa????????","Minty Spire (QoL Compilation)","Permanent Neow","Quick Restart","Random Character Button","Rare Cards Sparkle","Relic Stats","StSLib","Starting Relic: Pandora\u0027s Box","The Marked","The Senshi","The Servant 0.9.4","TheVelvet","Waifu the Spire","Yakumo Yukari mod","everything is the same but u backflip on backflip"],"gold_per_floor":[116,216,228,242,242,242,270,270,270,281,307,320,320,333,333,431,431,441,452,452,466,479,509,509,509,509,521,521,544,544,564,564,564,564],"floor_reached":33,"language":"ENG","playtime":1985,"items_purged":[],"score":309,"play_id":"321cbf8e-3660-4fe2-926f-36b9f19a99cd","local_time":"20210114151132","is_ascension_mode":true,"campfire_choices":[{"data":"Zap","floor":6,"key":"SMITH"},{"data":"Genetic Algorithm","floor":8,"key":"SMITH"},{"data":"Coolheaded","floor":15,"key":"SMITH"},{"floor":24,"key":"REST"},{"data":"Pain","floor":28,"key":"PURGE"},{"floor":32,"key":"REST"}],"circlet_count":0,"master_deck":["Zap+1","Dualcast","Hologram","Sweeping Beam","Self Repair","Streamline","Gash","Hologram","Core Surge","Rebound","Genetic Algorithm+1","Turbo+1","Sweeping Beam","Glacier","Coolheaded+1","Gash","Creative AI","Cold Snap","Conserve Battery","Electrodynamics","Storm","Doom and Gloom","Ball Lightning","Redo+1"],"relics":["Pandora\u0027s Box","StrikeDummy","Bag of Preparation","Odd Mushroom","Cursed Key","Peace Pipe","Darkstone Periapt","Anchor"],"acts_visited":["Exordium","TheCity"],"potions_floor_usage":[12,33],"damage_taken":[{"damage":6,"enemies":"Cultist","floor":1,"turns":3},{"damage":0,"enemies":"2 Louse","floor":3,"turns":1},{"damage":8,"enemies":"Small Slimes","floor":4,"turns":3},{"damage":18,"enemies":"Gremlin Nob","floor":7,"turns":3},{"damage":0,"enemies":"3 Louse","floor":10,"turns":2},{"damage":12,"enemies":"The Mushroom Lair","floor":11,"turns":3},{"damage":3,"enemies":"Exordium Thugs","floor":12,"turns":3},{"damage":0,"enemies":"Red Slaver","floor":14,"turns":3},{"damage":35,"enemies":"Hexaghost","floor":16,"turns":8},{"damage":10,"enemies":"Shell Parasite","floor":18,"turns":6},{"damage":11,"enemies":"3 Byrds","floor":19,"turns":5},{"damage":19,"enemies":"Snake Plant","floor":21,"turns":5},{"damage":22,"enemies":"Snecko","floor":22,"turns":6},{"damage":29,"enemies":"Slavers","floor":23,"turns":4},{"damage":31,"enemies":"Centurion and Healer","floor":27,"turns":6},{"damage":1,"enemies":"Snake Plant","floor":31,"turns":4},{"damage":78,"enemies":"Champ","floor":33,"turns":12}],"seed_played":"4808226772185628622","potions_obtained":[{"floor":4,"key":"AttackPotion"},{"floor":10,"key":"PotionOfCapacity"},{"floor":11,"key":"DuplicationPotion"},{"floor":12,"key":"BlessingOfTheForge"},{"floor":16,"key":"FairyPotion"},{"floor":31,"key":"DuplicationPotion"}],"is_trial":false,"path_per_floor":["M","?","M","M","?","R","E","R","T","M","?","M","?","M","R","B",null,"M","M","?","M","M","E","R","?","T","M","R","T","?","M","R","B"],"character_chosen":"DEFECT","items_purchased":[],"campfire_rested":2,"item_purchase_floors":[],"current_hp_per_floor":[75,75,75,74,79,79,68,68,68,68,63,67,67,74,74,39,80,77,73,73,61,46,17,41,41,41,10,10,16,16,22,47,0,0],"gold":564,"neow_bonus":"TRANSFORM_CARD","is_daily":false,"chose_seed":false,"campfire_upgraded":3,"win_rate":0.0,"timestamp":1610655092,"path_taken":["M","?","M","?","?","R","E","R","T","M","?","M","?","?","R","BOSS","M","M","?","M","?","E","R","?","T","M","R","?","?","?","R","BOSS"],"items_purchased_type":[],"build_version":"2020-12-22","purchased_purges":0,"victory":false,"max_hp_per_floor":[75,75,75,75,80,80,80,80,80,80,80,80,80,80,80,80,80,80,80,80,80,80,80,80,80,80,80,80,86,86,86,86,86,86],"relic_stats":{"Peace Pipe":1,"Darkstone Periapt":6,"counters":[17,77],"Pandora\u0027s Box":[],"Bag of Preparation":[26],"Cursed Key":2,"obtain_stats":[{"Peace Pipe":23,"Darkstone Periapt":26,"Anchor":29,"Pandora\u0027s Box":0,"Bag of Preparation":9,"Odd Mushroom":11,"StrikeDummy":7,"Cursed Key":17},{"Peace Pipe":14,"Darkstone Periapt":14,"Anchor":15,"Pandora\u0027s Box":0,"Bag of Preparation":4,"Odd Mushroom":6,"StrikeDummy":4,"Cursed Key":9},{"Peace Pipe":55,"Darkstone Periapt":55,"Anchor":61,"Pandora\u0027s Box":0,"Bag of Preparation":10,"Odd Mushroom":15,"StrikeDummy":10,"Cursed Key":29}]},"card_choices":[{"not_picked":["Barrage","Steam"],"picked":"Rebound","floor":1},{"not_picked":["BootSequence","Stack"],"picked":"Genetic Algorithm","floor":3},{"not_picked":["Gash","Blizzard"],"picked":"Turbo","floor":4},{"not_picked":["Compile Driver","Steam"],"picked":"Sweeping Beam","floor":7},{"not_picked":["Recycle","Hologram","Sweeping Beam"],"picked":"SKIP","floor":10},{"not_picked":["Loop","Core Surge"],"picked":"Glacier","floor":11},{"not_picked":["Stack","Storm"],"picked":"Coolheaded","floor":12},{"not_picked":["Genetic Algorithm","Static Discharge"],"picked":"Gash","floor":14},{"not_picked":["Rainbow","Thunder Strike"],"picked":"Creative AI","floor":16},{"not_picked":["Barrage","Undo"],"picked":"Cold Snap","floor":18},{"not_picked":["Leap+1","Coolheaded"],"picked":"Conserve Battery","floor":19},{"not_picked":["Beam Cell+1","Coolheaded"],"picked":"Storm","floor":21},{"not_picked":["Lockon+1","Compile Driver+1"],"picked":"Sweeping Beam","floor":22},{"not_picked":["Scrape","Buffer"],"picked":"Doom and Gloom","floor":23},{"not_picked":["Steam+1","Turbo"],"picked":"Ball Lightning","floor":27},{"not_picked":["Coolheaded+1","Cold Snap"],"picked":"Redo+1","floor":31}],"player_experience":228051,"relics_obtained":[{"floor":7,"key":"StrikeDummy"},{"floor":9,"key":"Bag of Preparation"},{"floor":11,"key":"Odd Mushroom"},{"floor":23,"key":"Peace Pipe"},{"floor":26,"key":"Darkstone Periapt"},{"floor":29,"key":"Anchor"}],"event_choices":[{"damage_healed":0,"gold_gain":100,"player_choice":"Pray","damage_taken":0,"max_hp_gain":0,"max_hp_loss":0,"event_name":"Golden Shrine","floor":2,"gold_loss":0},{"damage_healed":0,"gold_gain":0,"player_choice":"Donut","damage_taken":0,"max_hp_gain":5,"max_hp_loss":0,"event_name":"Big Fish","floor":5,"gold_loss":0},{"damage_healed":0,"gold_gain":0,"player_choice":"Fought Mushrooms","damage_taken":0,"max_hp_gain":0,"max_hp_loss":0,"event_name":"Mushrooms","floor":11,"gold_loss":0},{"damage_healed":0,"gold_gain":0,"player_choice":"Grow","damage_taken":0,"max_hp_gain":0,"max_hp_loss":0,"event_name":"Living Wall","floor":13,"gold_loss":0,"cards_upgraded":["Turbo"]},{"damage_healed":0,"gold_gain":0,"cards_transformed":["Streamline"],"player_choice":"Transformed","damage_taken":0,"max_hp_gain":0,"max_hp_loss":0,"event_name":"Transmorgrifier","floor":20,"gold_loss":0,"cards_obtained":["Electrodynamics"]},{"cards_removed":["Sweeping Beam"],"damage_healed":0,"gold_gain":0,"player_choice":"Elegance","damage_taken":0,"max_hp_gain":0,"max_hp_loss":0,"event_name":"Back to Basics","floor":25,"gold_loss":0},{"cards_removed":["Clumsy"],"damage_healed":0,"gold_gain":0,"player_choice":"Purged","damage_taken":0,"max_hp_gain":0,"max_hp_loss":0,"event_name":"Purifier","floor":30,"gold_loss":0}],"is_beta":false,"boss_relics":[{"not_picked":["Calling Bell","Inserter"],"picked":"Cursed Key"}],"items_purged_floors":[],"is_endless":false,"potions_floor_spawned":[4,10,11,12,16,21,27,31],"killed_by":"Champ","ascension_level":3}}