{"host":"qy6st0zp32tctd9l","time":1610622939,"event":{"mods":["BaseMod","Colored Map","Downfall","GifTheSpireLib","Hermit","Marisa£®ÏF”Í°°ƒß¿Ì…≥£©","Minty Spire (QoL Compilation)","Remilia£®¿Ÿ√◊¿Ú—«£©","StSLib","The Cursed","The Servant 0.9.4","UnlockEverythingMod"],"gold_per_floor":[26,54,19,19,34,34,77,108,179,229,39,79,120,170,170,272,272,283,283,156,187,207,260,260,175,175,234,270,320,320,333,333,432,432,477,477,477,493,493,493,555,589,647,717,729,772,784,824,836,848,860,872,52,106,106,106],"floor_reached":55,"language":"ZHS","playtime":2525,"items_purged":["Writhe"],"score":1872,"play_id":"8ea75c28-b37e-46f2-a550-5c3dfc8c260a","local_time":"20210114191539","is_ascension_mode":true,"campfire_choices":[{"floor":6.0,"key":"RECALL"},{"data":"Apotheosis","floor":15.0,"key":"SMITH"},{"floor":24.0,"key":"REST"},{"data":"MilkyWay","floor":32.0,"key":"SMITH"},{"data":"BlazingStar","floor":40.0,"key":"SMITH"},{"floor":45.0,"key":"REST"},{"data":"DeepEcoloBomb","floor":49.0,"key":"SMITH"},{"data":"OneTimeOff","floor":52.0,"key":"SMITH"}],"circlet_count":0,"master_deck":["AscendersBane","Strike_MRS","Defend_MRS+1","Defend_MRS","Defend_MRS","Defend_MRS","MasterSpark","UpSweep","WitchOfGreed","ShootingEcho","MachineGunSpark","AsteroidBelt+1","SuperPerseids","FairyDestructionRay","GrandCross","MilkyWay+1","Apotheosis+1","ShootTheMoon","TreasureHunter","SporeBomb","OneTimeOff+1","BlazingStar+1","Necronomicurse","AlicesGift+1","Occultation+1","BlazeAway+1","DeepEcoloBomb+1","Acceleration","EventHorizon+1"],"relics":["MiniHakkero","FossilizedHelix","War Paint","Blood Vial","Busted Crown","Mercury Hourglass","StrikeDummy","Tiny Chest","Sundial","Thread and Needle","Anchor","Bronze Scales","Gremlin Horn","Necronomicon","Prayer Wheel","SlaversCollar","Kunai","Bird Faced Urn","CaptainsWheel","MawBank","Centennial Puzzle","Strawberry","Vajra","White Beast Statue","Pocketwatch","Incense Burner","HandDrill","Unceasing Top","AmplifyWand","Pear"],"acts_visited":["Exordium","TheCity","TheBeyond","TheEnding"],"potions_floor_usage":[55,55],"damage_taken":[{"damage":6.0,"enemies":"Cultist","floor":1.0,"turns":4.0},{"damage":4.0,"enemies":"Small Slimes","floor":2.0,"turns":4.0},{"damage":2.0,"enemies":"2 Louse","floor":5.0,"turns":3.0},{"damage":2.0,"enemies":"Gremlin Nob","floor":7.0,"turns":3.0},{"damage":3.0,"enemies":"Blue Slaver","floor":8.0,"turns":4.0},{"damage":7.0,"enemies":"Lagavulin","floor":10.0,"turns":7.0},{"damage":3.0,"enemies":"Exordium Wildlife","floor":12.0,"turns":3.0},{"damage":0.0,"enemies":"Exordium Thugs","floor":13.0,"turns":3.0},{"damage":0.0,"enemies":"3 Sentries","floor":14.0,"turns":5.0},{"damage":34.0,"enemies":"Hexaghost","floor":16.0,"turns":10.0},{"damage":0.0,"enemies":"Chosen","floor":18.0,"turns":3.0},{"damage":0.0,"enemies":"Spheric Guardian","floor":21.0,"turns":3.0},{"damage":8.0,"enemies":"Centurion and Healer","floor":22.0,"turns":3.0},{"damage":20.0,"enemies":"Book of Stabbing","floor":23.0,"turns":6.0},{"damage":6.0,"enemies":"Gremlin Leader","floor":27.0,"turns":5.0},{"damage":0.0,"enemies":"Sentry and Sphere","floor":28.0,"turns":2.0},{"damage":0.0,"enemies":"Slavers","floor":29.0,"turns":5.0},{"damage":0.0,"enemies":"Shelled Parasite and Fungi","floor":31.0,"turns":2.0},{"damage":33.0,"enemies":"Automaton","floor":33.0,"turns":9.0},{"damage":0.0,"enemies":"3 Darklings","floor":35.0,"turns":3.0},{"damage":0.0,"enemies":"Orb Walker","floor":38.0,"turns":1.0},{"damage":32.0,"enemies":"2 Orb Walkers","floor":41.0,"turns":4.0},{"damage":0.0,"enemies":"Nemesis","floor":42.0,"turns":2.0},{"damage":0.0,"enemies":"Giant Head","floor":44.0,"turns":7.0},{"damage":13.0,"enemies":"Transient","floor":46.0,"turns":6.0},{"damage":0.0,"enemies":"Reptomancer","floor":48.0,"turns":3.0},{"damage":12.0,"enemies":"Donu and Deca","floor":50.0,"turns":8.0},{"damage":0.0,"enemies":"Shield and Spear","floor":54.0,"turns":4.0},{"damage":115,"enemies":"The Heart","floor":55,"turns":6}],"seed_played":"-8360959002361204588","potions_obtained":[{"floor":1.0,"key":"LiquidMemories"},{"floor":2.0,"key":"Dexterity Potion"},{"floor":5.0,"key":"Fire Potion"},{"floor":7.0,"key":"Block Potion"},{"floor":8.0,"key":"Fruit Juice"},{"floor":8.0,"key":"champ:CounterPotion"},{"floor":10.0,"key":"SkillPotion"},{"floor":12.0,"key":"Fire Potion"},{"floor":14.0,"key":"DuplicationPotion"},{"floor":16.0,"key":"Fire Potion"},{"floor":21.0,"key":"SpeedPotion"},{"floor":22.0,"key":"Fire Potion"},{"floor":23.0,"key":"ColorlessPotion"},{"floor":33.0,"key":"AttackPotion"},{"floor":41.0,"key":"SpeedPotion"},{"floor":42.0,"key":"hexamod:EctoCoolerPotion"},{"floor":48.0,"key":"champ:CounterPotion"},{"floor":54.0,"key":"LiquidBronze"},{"floor":54.0,"key":"LiquidBronze"}],"is_trial":false,"path_per_floor":["M","M","?","?","M","R","E","M","T","E","$","M","M","E","R","B",null,"M","?","$","M","M","E","R","?","T","E","M","E","?","M","R","B",null,"M","?","T","M","?","R","?","E","T","E","R","M","T","E","R","B",null,"R","$","E","B"],"character_chosen":"MARISA","items_purchased":["Apotheosis","SporeBomb","Incense Burner","HandDrill","Acceleration","Unceasing Top"],"campfire_rested":2,"item_purchase_floors":[11,20,53,53,53,53],"current_hp_per_floor":[57,53,70,70,68,68,66,68,68,61,61,58,58,58,58,26,63,65,65,65,67,61,43,65,65,65,61,63,65,44,46,46,15,60,62,62,62,64,64,64,36,38,38,49,73,64,64,66,66,58,76,76,76,90,0,0],"gold":106,"neow_bonus":"TRANSFORM_TWO_CARDS","is_daily":false,"chose_seed":false,"campfire_upgraded":5,"win_rate":0.0,"timestamp":1610622939,"path_taken":["M","M","?","?","?","R","E","M","T","E","$","M","M","E","R","BOSS","M","?","$","M","M","E","R","?","T","E","M","E","?","M","R","BOSS","M","?","?","?","?","R","?","E","T","E","R","M","?","E","R","BOSS","R","$","E","BOSS"],"items_purchased_type":["Card","Card","Relic","Relic","Card","Relic"],"build_version":"2020-12-22","purchased_purges":1,"victory":false,"max_hp_per_floor":[70,70,70,70,70,70,70,75,75,75,75,75,75,75,75,75,75,75,75,75,75,75,75,75,75,75,75,75,75,75,75,75,75,75,75,75,75,75,75,75,75,75,75,82,82,82,82,82,82,82,82,82,82,92,92,92],"card_choices":[{"not_picked":["6A","ShootingEcho"],"picked":"MachineGunSpark","floor":1.0},{"not_picked":["DoubleSpark","Robbery"],"picked":"AsteroidBelt","floor":2.0},{"not_picked":["ShootingEcho","EventHorizon"],"picked":"SuperPerseids","floor":5.0},{"not_picked":["AsteroidBelt","EarthLightRay"],"picked":"FairyDestructionRay","floor":7.0},{"not_picked":["Acceleration","ShootingEcho"],"picked":"GrandCross","floor":8.0},{"not_picked":["ShootingEcho","SuperNova"],"picked":"MilkyWay","floor":10.0},{"not_picked":["StarBarrage","ShootingEcho","DarkSpark"],"picked":"SKIP","floor":12.0},{"not_picked":["WitchOfGreed","ManaConvection","MysteriousBeam"],"picked":"SKIP","floor":13.0},{"not_picked":["6A","MysteriousBeam"],"picked":"ShootTheMoon","floor":14.0},{"not_picked":["BlazingStar","BinaryStars"],"picked":"TreasureHunter","floor":16.0},{"not_picked":["Robbery"],"picked":"SKIP","floor":18.0},{"not_picked":["NonDirectionalLaser"],"picked":"SKIP","floor":21.0},{"not_picked":[],"picked":"OneTimeOff","floor":22.0},{"not_picked":["LuminesStrike"],"picked":"SKIP","floor":23.0},{"not_picked":["WitchLeyline"],"picked":"SKIP","floor":27.0},{"not_picked":["GrandCross"],"picked":"SKIP","floor":28.0},{"not_picked":[],"picked":"BlazingStar","floor":29.0},{"not_picked":[],"picked":"AlicesGift+1","floor":31.0},{"not_picked":["SporeBomb+1"],"picked":"SKIP","floor":35.0},{"not_picked":["DoubleSpark"],"picked":"SKIP","floor":35.0},{"not_picked":[],"picked":"Occultation+1","floor":38.0},{"not_picked":[],"picked":"BlazeAway+1","floor":38.0},{"not_picked":[],"picked":"DeepEcoloBomb","floor":42.0},{"not_picked":["ShootTheMoon+1"],"picked":"SKIP","floor":44.0},{"not_picked":["UnstableBomb"],"picked":"SKIP","floor":46.0},{"not_picked":["SporeBomb"],"picked":"SKIP","floor":46.0},{"not_picked":["RefractionSpark"],"picked":"SKIP","floor":48.0},{"not_picked":[],"picked":"EventHorizon+1","floor":54.0}],"player_experience":150042,"relics_obtained":[{"floor":7.0,"key":"FossilizedHelix"},{"floor":10.0,"key":"War Paint"},{"floor":14.0,"key":"Blood Vial"},{"floor":23.0,"key":"StrikeDummy"},{"floor":23.0,"key":"Tiny Chest"},{"floor":26.0,"key":"Thread and Needle"},{"floor":27.0,"key":"Anchor"},{"floor":29.0,"key":"Bronze Scales"},{"floor":29.0,"key":"Gremlin Horn"},{"floor":30.0,"key":"Necronomicon"},{"floor":33.0,"key":"Prayer Wheel"},{"floor":36.0,"key":"Kunai"},{"floor":37.0,"key":"Bird Faced Urn"},{"floor":41.0,"key":"CaptainsWheel"},{"floor":42.0,"key":"MawBank"},{"floor":43.0,"key":"Centennial Puzzle"},{"floor":44.0,"key":"Strawberry"},{"floor":44.0,"key":"Vajra"},{"floor":47.0,"key":"White Beast Statue"},{"floor":48.0,"key":"Pocketwatch"},{"floor":54.0,"key":"AmplifyWand"},{"floor":54.0,"key":"Pear"}],"event_choices":[{"damage_healed":17.0,"max_hp_gain":0.0,"max_hp_loss":0.0,"gold_gain":0.0,"event_name":"The Cleric","player_choice":"Healed","floor":3.0,"gold_loss":35.0,"damage_taken":0.0},{"cards_removed":["Strike_MRS"],"damage_healed":0.0,"max_hp_gain":0.0,"max_hp_loss":0.0,"gold_gain":0.0,"event_name":"Purifier","player_choice":"Purged","floor":4.0,"gold_loss":0.0,"damage_taken":0.0},{"damage_healed":0.0,"max_hp_gain":0.0,"max_hp_loss":0.0,"gold_gain":0.0,"event_name":"The Mausoleum","player_choice":"Opened","floor":19.0,"gold_loss":0.0,"damage_taken":0.0,"relics_obtained":["Mercury Hourglass"],"cards_obtained":["Writhe"]},{"damage_healed":0.0,"max_hp_gain":0.0,"max_hp_loss":0.0,"gold_gain":0.0,"event_name":"Addict","player_choice":"Obtained Relic","floor":25.0,"gold_loss":85.0,"damage_taken":0.0,"relics_obtained":["Sundial"]},{"damage_healed":0.0,"max_hp_gain":0.0,"max_hp_loss":0.0,"gold_gain":0.0,"event_name":"Cursed Tome","player_choice":"Obtained Book","floor":30.0,"gold_loss":0.0,"damage_taken":21.0},{"damage_healed":0.0,"max_hp_gain":0.0,"max_hp_loss":0.0,"gold_gain":0.0,"event_name":"Wheel of Change","player_choice":"Relic","floor":36.0,"gold_loss":0.0,"damage_taken":0.0},{"damage_healed":0.0,"max_hp_gain":0.0,"max_hp_loss":0.0,"gold_gain":0.0,"event_name":"SensoryStone","player_choice":"Memory 1","floor":39.0,"gold_loss":0.0,"damage_taken":0.0},{"damage_healed":0.0,"max_hp_gain":0.0,"max_hp_loss":0.0,"gold_gain":0.0,"event_name":"Mysterious Sphere","player_choice":"Fight","floor":41.0,"gold_loss":0.0,"damage_taken":0.0}],"is_beta":false,"boss_relics":[{"not_picked":["Philosopher\u0027s Stone","Astrolabe"],"picked":"Busted Crown"},{"not_picked":["RampagingMagicTools","Tiny House"],"picked":"SlaversCollar"}],"items_purged_floors":[20],"is_endless":false,"potions_floor_spawned":[5,8,10,12,13,14,21,22,23,31,35,42,48,54],"killed_by":"The Heart","ascension_level":17}}