{"host":"v79nb9qnzs8cga96","time":1610622995,"event":{"mods":["2.2 Compatiblity","Ascension Reborn","Aspiration","Bard","BaseMod","Beaked The Cultist","Better Note","Block Reminder","Custom Start","GifTheSpireLib","Marked Mod","Minty Spire (QoL Compilation)","Quarter Circle Forward PUNCH!","SacredBarkPlus","Small Relic Pack","StSLib","Stuff the Spire","The Bladedancer","The Cursed","The Forsaken","The Necromancer","The Poker Player","The Runesmith","The Saiyan","The Showman","The Spell Scribe","TheFirefly","vexMod"],"gold_per_floor":[118,78,153,163,163,191,191,202,202,89,59,75,75,75,75,75,75],"floor_reached":16,"language":"ENG","playtime":882,"items_purged":[],"score":148,"play_id":"ac09acb5-552a-40dd-ae22-f1ab2c4d48bb","local_time":"20210114131635","is_ascension_mode":false,"campfire_choices":[{"floor":7,"key":"REST"},{"data":"TheCursedMod:CursedWand","floor":15,"key":"SMITH"}],"circlet_count":0,"master_deck":["TheCursedMod:Strike_TheCursed","TheCursedMod:Strike_TheCursed","TheCursedMod:Strike_TheCursed","TheCursedMod:Strike_TheCursed","TheCursedMod:Defend_TheCursed","TheCursedMod:Defend_TheCursed","TheCursedMod:Defend_TheCursed","TheCursedMod:Defend_TheCursed","TheCursedMod:CursedWand+1","TheCursedMod:CleanUpWorkshop","TheCursedMod:Dregs","TheCursedMod:ReleasedKnowledge","TheCursedMod:LuckyCharm","TheCursedMod:LuckyCharm","TheCursedMod:WearCloak","TheCursedMod:SmokeScreen","TheCursedMod:LuckyCharm","TheCursedMod:Obscuration","TheCursedMod:SpitefulStrike"],"relics":["TheCursedMod:BlackMagic101","aspiration:Nostalgia","Turnip"],"acts_visited":["Exordium"],"potions_floor_usage":[6,6,16,16],"damage_taken":[{"damage":2,"enemies":"Jaw Worm","floor":1,"turns":5},{"damage":1,"enemies":"Cultist","floor":4,"turns":5},{"damage":29,"enemies":"Gremlin Nob","floor":6,"turns":6},{"damage":3,"enemies":"Small Slimes","floor":8,"turns":4},{"damage":0,"enemies":"Looter","floor":11,"turns":4},{"damage":7,"enemies":"Blue Slaver","floor":12,"turns":8},{"damage":61,"enemies":"Slime Boss","floor":16,"turns":13}],"seed_played":"6687853239042756588","potions_obtained":[{"floor":1,"key":"SkillPotion"},{"floor":5,"key":"DuplicationPotion"},{"floor":5,"key":"FearPotion"},{"floor":6,"key":"Fruit Juice"},{"floor":12,"key":"Weak Potion"}],"is_trial":false,"path_per_floor":["M","$","?","M","?","E","R","M","T","$","M","M","$","?","R","B"],"character_chosen":"THE_CURSED","items_purchased":["TheCursedMod:LuckyCharm","TheCursedMod:LuckyCharm","TheCursedMod:Obscuration"],"campfire_rested":1,"item_purchase_floors":[2,10,10],"current_hp_per_floor":[73,73,62,61,61,37,61,58,58,58,58,51,51,59,59,0,0],"gold":75,"neow_bonus":"NOSTALGIA","is_daily":false,"chose_seed":false,"campfire_upgraded":1,"win_rate":0.0,"timestamp":1610622995,"path_taken":["M","$","?","M","?","E","R","?","T","?","M","M","$","?","R","BOSS"],"items_purchased_type":["Card","Card","Card"],"build_version":"2020-12-22","purchased_purges":0,"victory":false,"max_hp_per_floor":[75,75,75,75,75,80,80,80,80,80,80,80,80,80,80,80,80],"card_choices":[{"not_picked":["TheCursedMod:SoulReap","TheCursedMod:CursedBlade"],"picked":"TheCursedMod:ReleasedKnowledge","floor":1},{"not_picked":["TheCursedMod:CursedSpellbook","TheCursedMod:Stigma"],"picked":"TheCursedMod:LuckyCharm","floor":4},{"not_picked":["TheCursedMod:Stigma","TheCursedMod:CursedBoomerang"],"picked":"TheCursedMod:WearCloak","floor":6},{"not_picked":["TheCursedMod:WearCloak","TheCursedMod:CursedBlade"],"picked":"TheCursedMod:SmokeScreen","floor":8},{"not_picked":["TheCursedMod:ManaBullet","TheCursedMod:VitalStrike","TheCursedMod:CircleOfAmplification"],"picked":"SKIP","floor":11},{"not_picked":["TheCursedMod:SoulCrush","TheCursedMod:CursedBlade"],"picked":"TheCursedMod:SpitefulStrike","floor":12}],"player_experience":473189,"relics_obtained":[{"floor":6,"key":"Turnip"}],"event_choices":[{"damage_healed":0,"gold_gain":75,"player_choice":"Gather Gold","damage_taken":11,"max_hp_gain":0,"max_hp_loss":0,"event_name":"World of Goop","floor":3,"gold_loss":0},{"damage_healed":0,"gold_gain":0,"player_choice":"Got Potions","damage_taken":0,"max_hp_gain":0,"max_hp_loss":0,"event_name":"Lab","floor":5,"gold_loss":0}],"is_beta":false,"boss_relics":[],"items_purged_floors":[],"is_endless":false,"potions_floor_spawned":[1,6,12],"killed_by":"Slime Boss","ascension_level":0}}