{"host":"ykgeo1uk439igt35","time":1610647581,"event":{"mods":["BaseMod","Beaked The Cultist","Better Third Choice","BetterRewards","Colored Map","Colored Powertips","Downfall","Hermit","Hubris","Infinite Spire","Marisa????????","Mimic Mod","Minty Spire (QoL Compilation)","READ ME - Guardian Mod","READ ME - Snecko Mod","Rare Cards Sparkle","Relic Stats","Remilia??????","Replay The Spire","Robot Space Explorer","Spire Birthday Party","StSLib","The Administrix","The Bug Knight","The Construct","The Cursed","The Disciple","The Hierophant","The Necromancer","The Poker Player","The Runesmith","The Servant 0.9.4"],"gold_per_floor":[116,116,116,128,145,174,174,201,227,227,227,227,0,20,20,145,145,128,146,146,170,170,170,214,214,214],"floor_reached":25,"language":"ENG","playtime":1080,"items_purged":[],"score":229,"play_id":"ca613dee-366b-4cc4-a770-53367233c194","local_time":"20210114180621","is_ascension_mode":false,"campfire_choices":[{"data":"RobotSpaceExplorer:PlasmaMissile","floor":7,"key":"SMITH"},{"floor":11,"key":"REST"},{"floor":23,"key":"REST"}],"circlet_count":0,"master_deck":["RobotSpaceExplorer:Strike","RobotSpaceExplorer:Strike","RobotSpaceExplorer:Strike","RobotSpaceExplorer:Strike","RobotSpaceExplorer:Defend","RobotSpaceExplorer:Defend","RobotSpaceExplorer:Defend","RobotSpaceExplorer:Defend","RobotSpaceExplorer:Scan","RobotSpaceExplorer:MiniLasers","RobotSpaceExplorer:SurgingStrike","RobotSpaceExplorer:PlasmaMissile+1","RobotSpaceExplorer:PowerCollector+1","RobotSpaceExplorer:Probe","Leg Sweep","Enlightenment","RobotSpaceExplorer:ImprovisedAttack","RobotSpaceExplorer:Accelerator","ReplayTheSpireMod:Faulty Equipment","RobotSpaceExplorer:MetalStrike","RobotSpaceExplorer:FreezeRay","RobotSpaceExplorer:ScrapToss","RobotSpaceExplorer:SurgingStrike+1","RobotSpaceExplorer:StarLightning","RobotSpaceExplorer:Pulsar"],"relics":["RobotSpaceExplorer:RoboCore","NeowsBlessing","Juzu Bracelet","hubris:CrystalStatue","hubris:TenFootPole","Incense Burner","Golden Idol","Replay:Ancient Bell","Omamori","infinitespire:BottledMercury","Prayer Wheel","betterThird:NestCultRelic","Pen Nib"],"acts_visited":["Exordium","TheCity"],"potions_floor_usage":[8,16,24,25],"damage_taken":[{"damage":0,"enemies":"2 Louse","floor":1,"turns":1},{"damage":0,"enemies":"Small Slimes","floor":4,"turns":1},{"damage":0,"enemies":"infinitespire:Voidling","floor":5,"turns":1},{"damage":21,"enemies":"3 Sentries","floor":6,"turns":8},{"damage":26,"enemies":"Lagavulin","floor":8,"turns":8},{"damage":1,"enemies":"3 Louse","floor":14,"turns":3},{"damage":32,"enemies":"Slime Boss","floor":16,"turns":12},{"damage":18,"enemies":"2 Thieves","floor":18,"turns":4},{"damage":22,"enemies":"3 Byrds","floor":19,"turns":6},{"damage":31,"enemies":"Shelled Parasite and Fungi","floor":21,"turns":6},{"damage":24,"enemies":"HollowMod:Nosk","floor":24,"turns":7},{"damage":2,"enemies":"Snake Plant","floor":25,"turns":2}],"seed_played":"-541426567641089811","potions_obtained":[{"floor":1,"key":"SkillPotion"},{"floor":6,"key":"FearPotion"},{"floor":19,"key":"SteroidPotion"},{"floor":24,"key":"LiquidBronze"}],"is_trial":false,"path_per_floor":["M","?","?","M","M","E","R","E","T","?","R","?","?","M","R_BF","B",null,"M","M","?","M","?","R","E","M"],"character_chosen":"RobotSpaceExplorer","items_purchased":[],"campfire_rested":2,"item_purchase_floors":[],"current_hp_per_floor":[75,75,75,75,75,54,54,28,28,19,41,41,47,46,68,36,75,57,35,35,4,4,26,2,0,0],"gold":214,"neow_bonus":"THREE_ENEMY_KILL","is_daily":false,"chose_seed":false,"campfire_upgraded":1,"win_rate":0.0,"timestamp":1610647581,"path_taken":["M","?","?","?","M","E","R","E","T","?","R","?","?","M","R_BF","BOSS","M","M","?","M","?","R","E","M"],"items_purchased_type":[],"build_version":"2020-12-22","purchased_purges":0,"victory":false,"max_hp_per_floor":[75,75,75,75,75,75,75,75,75,75,75,69,75,75,75,75,75,75,75,75,75,75,75,75,75,75],"relic_stats":{"counters":[12,59],"Golden Idol":50,"Prayer Wheel":3,"Pen Nib":[0],"Juzu Bracelet":0,"obtain_stats":[{"infinitespire:BottledMercury":17,"hubris:CrystalStatue":8,"NeowsBlessing":0,"Golden Idol":12,"RobotSpaceExplorer:RoboCore":0,"betterThird:NestCultRelic":20,"Pen Nib":24,"Juzu Bracelet":6,"Incense Burner":10,"Replay:Ancient Bell":17,"Omamori":17,"Prayer Wheel":17,"hubris:TenFootPole":9},{"infinitespire:BottledMercury":7,"hubris:CrystalStatue":5,"NeowsBlessing":0,"Golden Idol":5,"RobotSpaceExplorer:RoboCore":0,"betterThird:NestCultRelic":9,"Pen Nib":11,"Juzu Bracelet":4,"Incense Burner":5,"Replay:Ancient Bell":7,"Omamori":7,"Prayer Wheel":7,"hubris:TenFootPole":5},{"infinitespire:BottledMercury":34,"hubris:CrystalStatue":19,"NeowsBlessing":0,"Golden Idol":19,"RobotSpaceExplorer:RoboCore":0,"betterThird:NestCultRelic":44,"Pen Nib":57,"Juzu Bracelet":11,"Incense Burner":19,"Replay:Ancient Bell":34,"Omamori":34,"Prayer Wheel":34,"hubris:TenFootPole":19}]},"card_choices":[{"not_picked":["RobotSpaceExplorer:FrostMissile","RobotSpaceExplorer:Probe"],"picked":"RobotSpaceExplorer:ImprovisedAttack","floor":1},{"not_picked":["RobotSpaceExplorer:ToxicBomb","RobotSpaceExplorer:Probe"],"picked":"RobotSpaceExplorer:SurgingStrike","floor":4},{"not_picked":["RobotSpaceExplorer:Counterblock","RobotSpaceExplorer:GearShield"],"picked":"RobotSpaceExplorer:PlasmaMissile","floor":5},{"not_picked":["RobotSpaceExplorer:SlimeMissile","RobotSpaceExplorer:ShovelStrike"],"picked":"RobotSpaceExplorer:PowerCollector","floor":6},{"not_picked":["RobotSpaceExplorer:GlueShot","RobotSpaceExplorer:Wormhole"],"picked":"RobotSpaceExplorer:Probe","floor":8},{"not_picked":["RobotSpaceExplorer:Counterblock","RobotSpaceExplorer:GearShield"],"picked":"RobotSpaceExplorer:ImprovisedAttack","floor":14},{"not_picked":["RobotSpaceExplorer:ShockMissile","RobotSpaceExplorer:Exploration"],"picked":"RobotSpaceExplorer:Accelerator","floor":16},{"not_picked":["Injury","ReplayTheSpireMod:Restless Dread"],"picked":"Parasite","floor":17},{"not_picked":["hubris:Lust","CommonCold"],"picked":"Normality","floor":17},{"not_picked":["Normality","ReplayTheSpireMod:Splinters"],"picked":"ReplayTheSpireMod:Faulty Equipment","floor":17},{"not_picked":["RobotSpaceExplorer:FrostMissile","RobotSpaceExplorer:Exploration"],"picked":"RobotSpaceExplorer:MetalStrike","floor":18},{"not_picked":["RobotSpaceExplorer:MakeshiftVolley+1","RobotSpaceExplorer:MetalStrike"],"picked":"RobotSpaceExplorer:FreezeRay","floor":18},{"not_picked":["RobotSpaceExplorer:DoubleBlock","RobotSpaceExplorer:Calculate"],"picked":"RobotSpaceExplorer:ScrapToss","floor":19},{"not_picked":["RobotSpaceExplorer:IronShell","RobotSpaceExplorer:ShockKick","RobotSpaceExplorer:JunkDive"],"picked":"SKIP","floor":19},{"not_picked":["RobotSpaceExplorer:Probe","RobotSpaceExplorer:Ammunition"],"picked":"RobotSpaceExplorer:SurgingStrike+1","floor":21},{"not_picked":["RobotSpaceExplorer:SlimeMissile","RobotSpaceExplorer:Calculate"],"picked":"RobotSpaceExplorer:StarLightning","floor":21},{"not_picked":["RobotSpaceExplorer:SwiftStep","RobotSpaceExplorer:Counterblock"],"picked":"RobotSpaceExplorer:Pulsar","floor":24}],"player_experience":276155,"relics_obtained":[{"floor":6,"key":"Juzu Bracelet"},{"floor":8,"key":"hubris:CrystalStatue"},{"floor":9,"key":"hubris:TenFootPole"},{"floor":24,"key":"Pen Nib"}],"event_choices":[{"damage_healed":0,"gold_gain":0,"player_choice":"Leave","damage_taken":0,"max_hp_gain":0,"max_hp_loss":0,"event_name":"The Cleric","floor":2,"gold_loss":0},{"cards_removed":["RobotSpaceExplorer:ImprovisedAttack"],"damage_healed":5,"gold_gain":0,"player_choice":"Offered Common","damage_taken":0,"max_hp_gain":0,"max_hp_loss":0,"event_name":"Bonfire Elementals","floor":3,"gold_loss":0},{"cards_removed":["RobotSpaceExplorer:ImprovisedAttack"],"damage_healed":5,"gold_gain":0,"player_choice":"Offered Special","damage_taken":0,"max_hp_gain":0,"max_hp_loss":0,"event_name":"Bonfire Elementals","floor":3,"gold_loss":0},{"damage_healed":0,"gold_gain":0,"player_choice":"Lose Max HP","damage_taken":0,"relics_obtained":["Golden Idol"],"max_hp_gain":0,"max_hp_loss":6,"event_name":"Golden Idol","floor":12,"gold_loss":0},{"damage_healed":0,"gold_gain":0,"player_choice":"RENOUNCE","damage_taken":227,"max_hp_gain":0,"max_hp_loss":0,"event_name":"betterThird:BetterSerpent","floor":13,"gold_loss":227,"cards_obtained":["Enlightenment"]},{"damage_healed":0,"gold_gain":0,"player_choice":"Madness","damage_taken":0,"relics_obtained":["betterThird:NestCultRelic"],"max_hp_gain":0,"max_hp_loss":0,"event_name":"betterThird:BetterNest","floor":20,"gold_loss":0},{"damage_healed":0,"gold_gain":0,"player_choice":"Ignored","damage_taken":0,"max_hp_gain":0,"max_hp_loss":0,"event_name":"NoteForYourself","floor":22,"gold_loss":0}],"is_beta":false,"boss_relics":[{"not_picked":["hubris:ScarierMask","Philosopher\u0027s Stone"],"picked":"Replay:Ancient Bell"},{"not_picked":["ReplayTheSpireMod:Lightbulb","Tiny Chest"],"picked":"Omamori"},{"not_picked":["Molten Egg 2","Quantum Egg"],"picked":"infinitespire:BottledMercury"},{"not_picked":["hubris:Spice","Runesmith:Locket"],"picked":"Prayer Wheel"}],"items_purged_floors":[],"is_endless":false,"potions_floor_spawned":[1,6,19,24],"killed_by":"Snake Plant","ascension_level":0}}