{"host":"94qggqh0xz0sp6ai","time":1610589365,"event":{"mods":["Abigail Mod","Act Like it!","BaseMod","CapriCore","Downfall","Friendly Minions","Gensokyo","Hermit","Jorbs\u0027s Wanderer Trilogy","Koishi","Marisa（霧雨　魔理沙）","Minty Spire (QoL Compilation)","Permanent Neow","Reimu（博??梦）","StSLib","The Alterego","The Construct","The Cursed","The Hierophant","The Immortal","The Marked","The Servant 0.9.4","TheBandit","Waifu the Spire"],"gold_per_floor":[109,109,109,121,171,204,204,222,222,233,38,188,188,200,200,274,274,288,300,31,31,31,31,58,75,75,75,0,0,19,33,33,105,105,119,134,0,10,10,10,36,36,36,36,71,21,21,36,36,36],"floor_reached":51,"language":"ENG","playtime":1727,"items_purged":["Doubt"],"score":1400,"play_id":"99c9f9e1-a553-4c25-bcd6-5a8660dc346e","local_time":"20210113195605","is_ascension_mode":true,"campfire_choices":[{"floor":7,"key":"REST"},{"data":"NineCharacters:ReiMu","floor":13,"key":"SMITH"},{"data":"FoulBorder2:ReiMu","floor":15,"key":"SMITH"},{"data":"Apotheosis","floor":23,"key":"SMITH"},{"data":"OctopathBindingBorder2:ReiMu","floor":27,"key":"SMITH"},{"data":"KamiRite:ReiMu","floor":29,"key":"SMITH"},{"floor":32,"key":"REST"},{"floor":40,"key":"REST"},{"data":"Authority:ReiMu","floor":44,"key":"SMITH"},{"data":"OctopathBindingBorder2:ReiMu","floor":47,"key":"SMITH"},{"floor":49,"key":"REST"}],"circlet_count":0,"master_deck":["AscendersBane","Strike_Lin:ReiMu","Strike_Lin:ReiMu+1","Strike_Lin:ReiMu","Defend_Lin:ReiMu","Defend_Lin:ReiMu","Defend_Lin:ReiMu","Defend_Lin:ReiMu+1","NB:ReiMu+1","Stagnation:ReiMu","WonderfulDomain:ReiMu","OctopathBindingBorder2:ReiMu+1","OrbThrow:ReiMu","Conquer:ReiMu","FoulBorder2:ReiMu+1","AlertArray:ReiMu","Meditation:ReiMu","SealNeedle:ReiMu","YinYangSange:ReiMu","NineCharacters:ReiMu+1","SubAcupoint:ReiMu","RainPray2:ReiMu","KamiRite:ReiMu+1","SpreadBorder2:ReiMu","DoubleButterfly:ReiMu+1","Apotheosis+1","Revelation:ReiMu","RainPray2:ReiMu","OctopathBindingBorder2:ReiMu+1","Authority:ReiMu+1","YinYangSange:ReiMu","Dreaming:ReiMu","PrepareRite:ReiMu+1","TightArray:ReiMu","FineLineFantasy:ReiMu+1"],"relics":["FlyPower:ReiMu","Du-Vu Doll","FossilizedHelix","Oddly Smooth Stone","SlaversCollar","Tiny Chest","Pear","construct:ClawGrip","Red Mask","Boot","Mango","Lantern","MealTicket"],"acts_visited":["Exordium","TheCity","TheBeyond"],"potions_floor_usage":[6,24,31,50],"damage_taken":[{"damage":1,"enemies":"2 Louse","floor":1,"turns":4},{"damage":10,"enemies":"Jaw Worm","floor":4,"turns":5},{"damage":10,"enemies":"3 Sentries","floor":6,"turns":6},{"damage":0,"enemies":"Small Slimes","floor":8,"turns":4},{"damage":0,"enemies":"3 Louse","floor":10,"turns":2},{"damage":0,"enemies":"2 Fungi Beasts","floor":14,"turns":4},{"damage":13,"enemies":"The Guardian","floor":16,"turns":10},{"damage":0,"enemies":"3 Byrds","floor":18,"turns":5},{"damage":0,"enemies":"Spheric Guardian","floor":19,"turns":7},{"damage":0,"enemies":"Gremlin Leader","floor":24,"turns":6},{"damage":12,"enemies":"Shelled Parasite and Fungi","floor":25,"turns":7},{"damage":19,"enemies":"Chosen and Byrds","floor":30,"turns":6},{"damage":15,"enemies":"Cultist and Chosen","floor":31,"turns":8},{"damage":0,"enemies":"Champ","floor":33,"turns":10},{"damage":5,"enemies":"3 Darklings","floor":35,"turns":6},{"damage":16,"enemies":"Orb Walker","floor":36,"turns":4},{"damage":21,"enemies":"Sphere and 2 Shapes","floor":38,"turns":7},{"damage":0,"enemies":"Giant Head","floor":45,"turns":8},{"damage":35,"enemies":"4 Shapes","floor":48,"turns":7},{"damage":15,"enemies":"Time Eater","floor":50,"turns":8}],"seed_played":"-8472924871890278526","potions_obtained":[{"floor":4,"key":"champ:CounterPotion"},{"floor":10,"key":"SneckoOil"},{"floor":14,"key":"PinkPotion:ReiMu"},{"floor":19,"key":"Fire Potion"},{"floor":30,"key":"PowerPotion"},{"floor":31,"key":"Fire Potion"},{"floor":45,"key":"CultistPotion"}],"is_trial":false,"path_per_floor":["M","?","?","M","?","E","R","M","T","M","$","?","R","M","R","B",null,"M","M","$","?","?","R","E","M","T","R","?","R","M","M","R","B",null,"M","M","?","M","?","R","T","?","T","R","E","$","R","M","R","B",null],"character_chosen":"REIMU","items_purchased":["Oddly Smooth Stone","SubAcupoint:ReiMu","Apotheosis","TightArray:ReiMu"],"campfire_rested":4,"item_purchase_floors":[11,11,20,46],"current_hp_per_floor":[53,35,35,25,25,15,33,33,33,33,33,33,33,33,33,20,50,50,50,50,50,50,50,50,38,48,48,48,48,29,14,35,35,61,56,40,40,19,19,40,40,54,54,54,54,69,69,34,59,44],"gold":36,"neow_bonus":"UPGRADE_CARD","is_daily":false,"chose_seed":false,"campfire_upgraded":7,"win_rate":0.0,"timestamp":1610589365,"path_taken":["M","?","?","M","?","E","R","M","T","M","$","?","R","M","R","BOSS","M","M","$","?","?","R","E","M","T","R","?","R","M","M","R","BOSS","M","M","?","M","?","R","?","?","T","R","E","$","R","M","R","BOSS"],"items_purchased_type":["Relic","Card","Card","Card"],"build_version":"2020-12-22","purchased_purges":1,"victory":true,"max_hp_per_floor":[60,60,60,60,60,60,60,60,60,60,60,60,60,60,60,60,60,60,60,60,60,60,60,60,60,70,70,70,70,70,70,70,70,70,70,70,70,70,70,70,70,84,84,84,84,84,84,84,84,84],"card_choices":[{"not_picked":["SpringWay:ReiMu","KamiSacrifice:ReiMu"],"picked":"WonderfulDomain:ReiMu","floor":1},{"not_picked":["FantasyBorder:ReiMu","CareerPray:ReiMu"],"picked":"Meditation:ReiMu","floor":4},{"not_picked":["SpringWay:ReiMu","RunawayExorcism:ReiMu"],"picked":"SealNeedle:ReiMu","floor":6},{"not_picked":["AirStrike:ReiMu","AirManeuver:ReiMu"],"picked":"YinYangSange:ReiMu","floor":8},{"not_picked":["CareerPray:ReiMu","YinYangSange:ReiMu"],"picked":"NineCharacters:ReiMu","floor":10},{"not_picked":["ForcedLanding:ReiMu","Crusade:ReiMu"],"picked":"RainPray2:ReiMu","floor":14},{"not_picked":["KyokaiOfKami:ReiMu","CeremonyResonance:ReiMu"],"picked":"KamiRite:ReiMu","floor":16},{"not_picked":["Enchanting:ReiMu","Meditation:ReiMu"],"picked":"SpreadBorder2:ReiMu","floor":18},{"not_picked":["SafetyPray:ReiMu","CareerPray:ReiMu+1"],"picked":"DoubleButterfly:ReiMu+1","floor":19},{"not_picked":["Shading:ReiMu","CareerPray:ReiMu"],"picked":"RainPray2:ReiMu","floor":24},{"not_picked":["Conquer:ReiMu","Intuition:ReiMu+1","SubcavityInstant:ReiMu"],"picked":"SKIP","floor":25},{"not_picked":["TightArray:ReiMu","Enchanting:ReiMu"],"picked":"OctopathBindingBorder2:ReiMu","floor":30},{"not_picked":["TakeOff:ReiMu","UniversalSpiritual:ReiMu","FantasyBorder:ReiMu"],"picked":"SKIP","floor":31},{"not_picked":["Shading:ReiMu","KyokaiOfKami:ReiMu"],"picked":"Authority:ReiMu","floor":33},{"not_picked":["Dreaming2:ReiMu","WonderfulDomain:ReiMu"],"picked":"OctopathBindingBorder2:ReiMu","floor":35},{"not_picked":["SafetyPray:ReiMu","WonderfulDomain:ReiMu"],"picked":"YinYangSange:ReiMu","floor":36},{"not_picked":["OrbThrow:ReiMu","MountainWay:ReiMu"],"picked":"Dreaming:ReiMu","floor":38},{"not_picked":["SafetyPray:ReiMu","ForcedLanding:ReiMu+1"],"picked":"PrepareRite:ReiMu+1","floor":45},{"not_picked":["YinYangSign:ReiMu","AirStrike:ReiMu+1"],"picked":"FineLineFantasy:ReiMu+1","floor":48}],"player_experience":1377198,"relics_obtained":[{"floor":6,"key":"Du-Vu Doll"},{"floor":9,"key":"FossilizedHelix"},{"floor":24,"key":"Tiny Chest"},{"floor":26,"key":"Pear"},{"floor":41,"key":"Boot"},{"floor":43,"key":"Lantern"},{"floor":45,"key":"MealTicket"}],"event_choices":[{"damage_healed":0,"gold_gain":0,"player_choice":"Entered Light","damage_taken":18,"max_hp_gain":0,"max_hp_loss":0,"event_name":"Shining Light","floor":2,"gold_loss":0,"cards_upgraded":["Defend_Lin:ReiMu","Strike_Lin:ReiMu"]},{"damage_healed":0,"gold_gain":50,"player_choice":"Gained Gold","damage_taken":0,"max_hp_gain":0,"max_hp_loss":0,"event_name":"Golden Wing","floor":5,"gold_loss":0},{"damage_healed":0,"gold_gain":150,"player_choice":"AGREE","damage_taken":0,"max_hp_gain":0,"max_hp_loss":0,"event_name":"Liars Game","floor":12,"gold_loss":0,"cards_obtained":["Doubt"]},{"damage_healed":0,"gold_gain":0,"player_choice":"Read","damage_taken":0,"max_hp_gain":0,"max_hp_loss":0,"event_name":"The Library","floor":21,"gold_loss":0,"cards_obtained":["Revelation:ReiMu"]},{"damage_healed":0,"gold_gain":0,"player_choice":"Ignored","damage_taken":0,"max_hp_gain":0,"max_hp_loss":0,"event_name":"Ghosts","floor":22,"gold_loss":0},{"cards_removed":["Strike_Lin:ReiMu"],"damage_healed":0,"gold_gain":0,"player_choice":"Gave Gold","damage_taken":0,"max_hp_gain":0,"max_hp_loss":0,"event_name":"Beggar","floor":28,"gold_loss":75},{"damage_healed":0,"gold_gain":0,"player_choice":"Paid","damage_taken":0,"relics_obtained":["Red Mask"],"max_hp_gain":0,"max_hp_loss":0,"event_name":"Tomb of Lord Red Mask","floor":37,"gold_loss":134},{"cards_removed":["OctopathBindingBorder2:ReiMu"],"damage_healed":0,"gold_gain":0,"player_choice":"Removed Power","damage_taken":0,"max_hp_gain":0,"max_hp_loss":0,"event_name":"Falling","floor":39,"gold_loss":0},{"damage_healed":0,"gold_gain":0,"player_choice":"Gave Potion","damage_taken":0,"relics_obtained":["Mango"],"max_hp_gain":0,"max_hp_loss":0,"event_name":"WeMeetAgain","floor":42,"gold_loss":0}],"is_beta":false,"boss_relics":[{"not_picked":["Tiny House","construct:WeddingRing"],"picked":"SlaversCollar"},{"not_picked":["Busted Crown","Astrolabe"],"picked":"construct:ClawGrip"}],"items_purged_floors":[20],"is_endless":false,"potions_floor_spawned":[4,10,14,19,30,31,33,35,45,48],"ascension_level":15}}