{"host":"2ccem01eblg14btk","time":1610637668,"event":{"mods":["BaseMod","Colored Map","Minty Spire (QoL Compilation)","Quick Restart","Replay The Spire","StSLib"],"gold_per_floor":[114,114,114,289,289,289,337,71,147,210,270,298,55,105,105,209,209,225,119,139,154,3,38,38,73,73,73,73,73],"floor_reached":28,"language":"ENG","playtime":3371,"items_purged":["Regret","Doubt"],"score":447,"play_id":"8fc83145-6bcc-4e01-acdf-a529b30c12ef","local_time":"20210114162108","is_ascension_mode":true,"campfire_choices":[{"data":"Neutralize","floor":6.0,"key":"SMITH"},{"data":"Blur","floor":15,"key":"SMITH"},{"floor":24,"key":"REST"},{"floor":27,"key":"REST"}],"circlet_count":0,"master_deck":["AscendersBane","Strike_G","Strike_G","Defend_G+1","Defend_G+1","Defend_G+1","Defend_G+1","Defend_G+1","Survivor","Neutralize+1","Backstab+1","Tools of the Trade+1","Atom Bomb+1","Quick Slash+1","Choke","Infinite Blades","ReplayTheSpireMod:Tripwire+1","Metamorphosis","Blur+1","Die Die Die","Backflip","Replay:Bag of Tricks","Clumsy","Shame","Doubt","Bullet Time","Bullet Time","Terror","Escape Plan","Infinite Blades","Escape Plan"],"relics":["Astrolabe","ReplayTheSpireMod:Ring of Challenge","HornCleat","BargainBundle","Replay:Bottled Eggs","PreservedInsect","TwistedFunnel","Pet Ghost","Replay:Ancient Bell","ReplayTheSpireMod:TigerMarble","Darkstone Periapt","Ginger","Toolbox","Dream Catcher","Strawberry","Frozen Egg 2"],"acts_visited":["Exordium","TheCity"],"potions_floor_usage":[20],"damage_taken":[{"damage":0.0,"enemies":"2 Louse","floor":1.0,"turns":4.0},{"damage":4.0,"enemies":"Small Slimes","floor":7.0,"turns":7.0},{"damage":5.0,"enemies":"Cultist","floor":10.0,"turns":6.0},{"damage":0.0,"enemies":"2 Fungi Beasts","floor":11.0,"turns":6.0},{"damage":14,"enemies":"Lagavulin","floor":12,"turns":7},{"damage":2,"enemies":"Red Slaver","floor":14,"turns":2},{"damage":28,"enemies":"Fading Forest","floor":16,"turns":11},{"damage":19,"enemies":"Spheric Guardian","floor":18,"turns":4},{"damage":12,"enemies":"3 Byrds","floor":20,"turns":4},{"damage":0,"enemies":"Snecko","floor":21,"turns":3},{"damage":13,"enemies":"Book of Stabbing","floor":23,"turns":5},{"damage":18,"enemies":"Gremlin Leader","floor":25,"turns":8},{"damage":0,"enemies":"Centurion and Healer","floor":28,"turns":1}],"seed_played":"-3085386332233173321","potions_obtained":[{"floor":1.0,"key":"Elixir"},{"floor":12,"key":"DuplicationPotion"},{"floor":21,"key":"LifebloodPotion"}],"is_trial":false,"path_per_floor":["M","?","?","?","?","R","M","$","T","M","M","E","$","M","R","B",null,"M","$","M","M","$","E","R","E","T","R","M"],"character_chosen":"THE_SILENT","items_purchased":["BargainBundle","Infinite Blades","ReplayTheSpireMod:Tripwire+1","Fire Potion","Weak Potion","Metamorphosis","TwistedFunnel","Bullet Time","Toolbox"],"campfire_rested":2,"item_purchase_floors":[8,8,8,8,8,8,13,19,22],"current_hp_per_floor":[63,63,63,63,63,63,59,59,59,54,54,40,40,38,38,18,75,56,56,44,44,44,31,57,46,46,74,74,74],"gold":73,"neow_bonus":"BOSS_RELIC","is_daily":false,"chose_seed":false,"campfire_upgraded":2,"win_rate":0.0,"timestamp":1610637668,"path_taken":["M","?","?","?","?","R","M","$","T","M","M","E","?","?","R","BOSS","M","$","?","M","$","E","R","E","T","R","M"],"items_purchased_type":["Relic","Card","Card","Potion","Potion","Card","Relic","Card","Relic"],"build_version":"2020-12-22","purchased_purges":2,"victory":false,"max_hp_per_floor":[70,70,70,70,70,70,70,70,70,70,70,70,70,70,70,70,88,88,88,88,88,88,88,88,95,95,95,95,95],"card_choices":[{"not_picked":["Sucker Punch","Underhanded Strike"],"picked":"Infinite Blades","floor":1.0},{"not_picked":["ReplayTheSpireMod:Tripwire","Dagger Throw"],"picked":"Choke","floor":7.0},{"not_picked":["Quick Slash","Eviscerate","Acrobatics"],"picked":"SKIP","floor":10.0},{"not_picked":["Acrobatics","PiercingWail"],"picked":"Blur","floor":11.0},{"not_picked":["Sucker Punch","Leg Sweep"],"picked":"Die Die Die","floor":12},{"not_picked":["Dash","Skewer"],"picked":"Backflip","floor":14},{"not_picked":["Night Terror","A Thousand Cuts"],"picked":"Replay:Bag of Tricks","floor":16},{"not_picked":["Regret","Normality"],"picked":"Clumsy","floor":17},{"not_picked":["Regret","ReplayTheSpireMod:Splinters"],"picked":"Shame","floor":17},{"not_picked":["Delirium","Spreading Infection"],"picked":"Doubt","floor":17},{"not_picked":["Underhanded Strike","Blur","Distraction"],"picked":"SKIP","floor":18},{"not_picked":["Prepared","Poisoned Stab"],"picked":"Terror","floor":20},{"not_picked":["Die Die Die","Acrobatics"],"picked":"Escape Plan","floor":21},{"not_picked":["Bane","Backflip"],"picked":"Infinite Blades","floor":23},{"not_picked":["Masterful Stab","Sucker Punch","Acrobatics"],"picked":"SKIP","floor":25},{"not_picked":["Dagger Throw","Deadly Poison"],"picked":"Escape Plan","floor":27}],"player_experience":107386,"relics_obtained":[{"floor":3.0,"key":"ReplayTheSpireMod:Ring of Challenge"},{"floor":9.0,"key":"Replay:Bottled Eggs"},{"floor":12,"key":"PreservedInsect"},{"floor":14,"key":"Pet Ghost"},{"floor":23,"key":"Dream Catcher"},{"floor":25,"key":"Strawberry"},{"floor":26,"key":"Frozen Egg 2"}],"event_choices":[{"damage_healed":0.0,"max_hp_gain":0.0,"max_hp_loss":0.0,"gold_gain":175.0,"event_name":"Liars Game","player_choice":"AGREE","floor":4.0,"gold_loss":0.0,"damage_taken":0.0,"cards_obtained":["Doubt"]},{"damage_healed":0.0,"max_hp_gain":0.0,"max_hp_loss":0.0,"gold_gain":0.0,"event_name":"Big Fish","player_choice":"Box","floor":5.0,"gold_loss":0.0,"damage_taken":0.0,"relics_obtained":["HornCleat"],"cards_obtained":["Regret"]}],"is_beta":false,"boss_relics":[{"not_picked":["WristBlade","Sozu"],"picked":"Replay:Ancient Bell"},{"not_picked":["Gremlin Food","Anchor"],"picked":"ReplayTheSpireMod:TigerMarble"},{"not_picked":["Onion Ring","Blue Candle"],"picked":"Darkstone Periapt"},{"not_picked":["Peace Pipe","Gambling Chip"],"picked":"Ginger"}],"items_purged_floors":[8,13],"is_endless":false,"potions_floor_spawned":[1,11,12,21,23],"killed_by":"Centurion and Healer","ascension_level":10}}