{"host":"zekcc3vicrep0och","time":1610629561,"event":{"mods":["AchievementEnabler","BaseMod","Colored Map","Colored Powertips","Displayed Cursed Tome","Highlight Path","Minty Spire (QoL Compilation)","Quick Restart","Relic Stats","StSLib","The Cursed"],"gold_per_floor":[110,110,124,147,211,211,136,136,160,160,180,216,296,335,335,335,335],"floor_reached":16,"language":"ENG","playtime":409,"items_purged":[],"score":211,"play_id":"e85b0645-b3cd-438c-a12a-3f38920b51ce","local_time":"20210114160601","is_ascension_mode":true,"campfire_choices":[{"data":"Bash","floor":6.0,"key":"SMITH"},{"data":"Twin Strike","floor":8.0,"key":"SMITH"},{"data":"Headbutt","floor":10.0,"key":"SMITH"},{"data":"Armaments","floor":15.0,"key":"SMITH"}],"circlet_count":0,"master_deck":["AscendersBane","Strike_R","Strike_R","Strike_R","Strike_R","Defend_R","Defend_R","Defend_R","Defend_R","Bash+1","Hemokinesis","Twin Strike+1","Headbutt+1","Twin Strike","Ghostly Armor","Armaments+1"],"relics":["Burning Blood","Golden Idol","Bag of Preparation","Calipers","Oddly Smooth Stone","Peace Pipe"],"acts_visited":["Exordium"],"potions_floor_usage":[],"damage_taken":[{"damage":3.0,"enemies":"2 Louse","floor":1.0,"turns":2.0},{"damage":8.0,"enemies":"Jaw Worm","floor":3.0,"turns":5.0},{"damage":4.0,"enemies":"Small Slimes","floor":4.0,"turns":3.0},{"damage":4.0,"enemies":"3 Louse","floor":11.0,"turns":3.0},{"damage":10.0,"enemies":"3 Sentries","floor":12.0,"turns":6.0},{"damage":22.0,"enemies":"Lagavulin Event","floor":13.0,"turns":3.0},{"damage":12.0,"enemies":"Gremlin Nob","floor":14.0,"turns":3.0},{"damage":53,"enemies":"Slime Boss","floor":16,"turns":7}],"seed_played":"-6972460847364182132","potions_obtained":[{"floor":1.0,"key":"Strength Potion"},{"floor":4.0,"key":"HeartOfIron"}],"is_trial":false,"path_per_floor":["M","?","M","M","?","R","?","R","T","R","M","E","?","E","R","B"],"character_chosen":"IRONCLAD","items_purchased":[],"campfire_rested":0,"item_purchase_floors":[],"current_hp_per_floor":[78,74,72,74,74,74,74,74,74,74,74,70,54,48,48,0,0],"gold":335,"neow_bonus":"TEN_PERCENT_HP_BONUS","is_daily":false,"chose_seed":false,"campfire_upgraded":4,"win_rate":0.0,"timestamp":1610629561,"path_taken":["M","?","M","M","?","R","?","R","T","R","?","E","?","E","R","BOSS"],"items_purchased_type":[],"build_version":"2020-12-22","purchased_purges":0,"victory":false,"max_hp_per_floor":[82,74,74,74,74,74,74,74,74,74,74,74,74,74,74,74,74],"relic_stats":{"Peace Pipe":0,"counters":[8,32],"Golden Idol":52,"Bag of Preparation":[10],"obtain_stats":[{"Peace Pipe":14,"Calipers":12,"Golden Idol":2,"Oddly Smooth Stone":13,"Bag of Preparation":9,"Burning Blood":0},{"Peace Pipe":7,"Calipers":5,"Golden Idol":1,"Oddly Smooth Stone":5,"Bag of Preparation":3,"Burning Blood":0},{"Peace Pipe":25,"Calipers":19,"Golden Idol":2,"Oddly Smooth Stone":19,"Bag of Preparation":10,"Burning Blood":0}],"Burning Blood":40},"card_choices":[{"not_picked":["Infernal Blade","Clash"],"picked":"Hemokinesis","floor":1.0},{"not_picked":["Perfected Strike","Disarm"],"picked":"Twin Strike","floor":3.0},{"not_picked":["Evolve","Burning Pact"],"picked":"Headbutt","floor":4.0},{"not_picked":["Entrench","Sword Boomerang"],"picked":"Twin Strike","floor":11.0},{"not_picked":["Body Slam","Headbutt"],"picked":"Ghostly Armor","floor":12.0},{"not_picked":["Feed","Warcry"],"picked":"Armaments","floor":14.0}],"player_experience":528772,"relics_obtained":[{"floor":9.0,"key":"Bag of Preparation"},{"floor":12.0,"key":"Calipers"},{"floor":14.0,"key":"Peace Pipe"}],"event_choices":[{"damage_healed":0.0,"max_hp_gain":0.0,"max_hp_loss":8.0,"gold_gain":0.0,"event_name":"Golden Idol","player_choice":"Lose Max HP","floor":2.0,"gold_loss":0.0,"damage_taken":0.0,"relics_obtained":["Golden Idol"]},{"damage_healed":0.0,"max_hp_gain":0.0,"max_hp_loss":0.0,"gold_gain":64.0,"event_name":"Golden Wing","player_choice":"Gained Gold","floor":5.0,"gold_loss":0.0,"damage_taken":0.0},{"cards_removed":["Strike_R"],"damage_healed":0.0,"max_hp_gain":0.0,"max_hp_loss":0.0,"gold_gain":0.0,"event_name":"The Cleric","player_choice":"Card Removal","floor":7.0,"gold_loss":75.0,"damage_taken":0.0},{"damage_healed":0.0,"max_hp_gain":0.0,"max_hp_loss":0.0,"gold_gain":0.0,"event_name":"Dead Adventurer","player_choice":"Searched \u00272\u0027 times","floor":13.0,"gold_loss":0.0,"damage_taken":0.0,"relics_obtained":["Oddly Smooth Stone"]}],"is_beta":false,"boss_relics":[],"items_purged_floors":[],"is_endless":false,"potions_floor_spawned":[1,4,11],"killed_by":"Slime Boss","ascension_level":19}}