{"host":"3l94tha3a4jgu0q4","time":1610623143,"event":{"mods":["2.2 Compatiblity","AchievementEnabler","BaseMod","Colored Map","Colored Powertips","Highlight Path","Minty Spire (QoL Compilation)","Permanent Neow","StSLib","SuperFastMode","The IronCluck","slay the spire mod where everything is the same but ironclad has a cowboy hat"],"gold_per_floor":[113,213,228,153,167,202,202,234,258,290,290,306,306,317,317,388,388,402,272,285,210,210,237,158,158,158,158,189,221,234,259,259,336,336,346,346,139,184,200,232,232,258,258,284,302,302,330,350,350,350,350,350,23,55,55],"floor_reached":56,"language":"ENG","playtime":1504,"items_purged":["Strike_P","Injury"],"score":2321,"play_id":"83375ba9-0a59-4ec2-84fb-1bd73b8500cc","local_time":"20210114031903","is_ascension_mode":true,"campfire_choices":[{"floor":7,"key":"REST"},{"floor":11,"key":"REST"},{"floor":15,"key":"REST"},{"floor":25,"key":"REST"},{"floor":27,"key":"REST"},{"floor":32,"key":"REST"},{"floor":41,"key":"RECALL"},{"floor":49,"key":"REST"},{"floor":52,"key":"REST"}],"circlet_count":0,"master_deck":["AscendersBane","Defend_P","Defend_P","Eruption+1","Vigilance","FlurryOfBlows+1","Tantrum","Consecrate+1","Vault+1","ClearTheMind+1","LikeWater","Crescendo","LessonLearned+1","WheelKick+1","FlyingSleeves+1","EmptyBody+1","ClearTheMind","Indignation","MentalFortress+1","FlurryOfBlows","Halt","Vault+1","FearNoEvil","ClearTheMind","Wallop","Judgement","EmptyMind","Master of Strategy+1","Evaluate","ReachHeaven+1","Meditate","Crescendo+1","Halt+1","Vengeance+1","Study+1","MentalFortress","FlurryOfBlows"],"relics":["Fusion Hammer","Anchor","Boot","Potion Belt","Mercury Hourglass","Astrolabe","MutagenicStrength","Whetstone","WingedGreaves","Centennial Puzzle","Vajra","Regal Pillow","Cursed Key","ClockworkSouvenir","Ice Cream","CaptainsWheel","Turnip","Question Card","Pocketwatch","Art of War"],"acts_visited":["Exordium","TheCity","TheBeyond","TheEnding"],"potions_floor_usage":[8,16,23,23,31,31,40,44,47,50,55,55],"damage_taken":[{"damage":0,"enemies":"Jaw Worm","floor":1,"turns":4},{"damage":2,"enemies":"Cultist","floor":3,"turns":3},{"damage":0,"enemies":"2 Louse","floor":5,"turns":1},{"damage":32,"enemies":"Gremlin Nob","floor":6,"turns":3},{"damage":16,"enemies":"3 Sentries","floor":8,"turns":9},{"damage":14,"enemies":"Lagavulin","floor":10,"turns":5},{"damage":0,"enemies":"Looter","floor":12,"turns":3},{"damage":0,"enemies":"Blue Slaver","floor":14,"turns":2},{"damage":21,"enemies":"Slime Boss","floor":16,"turns":8},{"damage":0,"enemies":"Spheric Guardian","floor":18,"turns":2},{"damage":7,"enemies":"Shell Parasite","floor":20,"turns":4},{"damage":47,"enemies":"Book of Stabbing","floor":23,"turns":8},{"damage":14,"enemies":"Slavers","floor":28,"turns":5},{"damage":0,"enemies":"Gremlin Leader","floor":29,"turns":5},{"damage":9,"enemies":"Snake Plant","floor":30,"turns":2},{"damage":10,"enemies":"Book of Stabbing","floor":31,"turns":6},{"damage":4,"enemies":"Automaton","floor":33,"turns":7},{"damage":13,"enemies":"3 Darklings","floor":35,"turns":4},{"damage":0,"enemies":"2 Orb Walkers","floor":38,"turns":6},{"damage":0,"enemies":"Orb Walker","floor":39,"turns":4},{"damage":4,"enemies":"Reptomancer","floor":40,"turns":4},{"damage":5,"enemies":"Giant Head","floor":42,"turns":7},{"damage":0,"enemies":"Nemesis","floor":44,"turns":4},{"damage":0,"enemies":"Spire Growth","floor":45,"turns":4},{"damage":13,"enemies":"Reptomancer","floor":47,"turns":6},{"damage":0,"enemies":"4 Shapes","floor":48,"turns":2},{"damage":34,"enemies":"Awakened One","floor":50,"turns":7},{"damage":49,"enemies":"Shield and Spear","floor":54,"turns":7},{"damage":105,"enemies":"The Heart","floor":55,"turns":7}],"seed_played":"9141677366888702887","potions_obtained":[{"floor":6,"key":"SpeedPotion"},{"floor":10,"key":"AttackPotion"},{"floor":12,"key":"Fruit Juice"},{"floor":16,"key":"BottledMiracle"},{"floor":20,"key":"SkillPotion"},{"floor":28,"key":"DuplicationPotion"},{"floor":29,"key":"FairyPotion"},{"floor":30,"key":"Weak Potion"},{"floor":35,"key":"Block Potion"},{"floor":40,"key":"Ambrosia"},{"floor":42,"key":"Swift Potion"},{"floor":44,"key":"FearPotion"}],"is_trial":false,"path_per_floor":["M","?","M","?","M","E","R","E","T","E","R","M","?","M","R","B",null,"M","$","M","?","?","E","$","R","T","R","E","E","M","E","R","B",null,"M","?","$","?","M","E","R","E","T","E","M","?","E","M","R","B",null,"R","$","E","B",null],"character_chosen":"WATCHER","items_purchased":["ClearTheMind","FlurryOfBlows","Halt","ClockworkSouvenir","Evaluate","MentalFortress","Regen Potion","Energy Potion"],"campfire_rested":8,"item_purchase_floors":[19,24,24,37,37,53,53,53],"current_hp_per_floor":[61,61,59,59,59,27,47,31,31,17,37,37,30,30,50,29,58,58,58,51,51,51,9,9,30,30,51,37,37,28,18,54,50,67,54,54,54,54,54,50,50,45,45,45,45,45,32,32,68,34,63,73,73,24,22],"gold":55,"neow_bonus":"BOSS_RELIC","is_daily":false,"chose_seed":false,"campfire_upgraded":0,"win_rate":0.0,"timestamp":1610623143,"path_taken":["M","?","?","?","M","E","R","E","T","E","R","M","?","M","R","BOSS","M","$","M","?","?","E","$","R","T","R","E","E","M","E","R","BOSS","M","?","$","?","M","E","R","E","T","E","?","?","E","?","R","BOSS","R","$","E","BOSS"],"items_purchased_type":["Card","Card","Card","Relic","Card","Card","Potion","Potion"],"build_version":"2020-12-22","purchased_purges":2,"victory":true,"max_hp_per_floor":[68,68,68,68,68,68,68,68,68,68,68,68,68,68,68,68,68,68,68,68,68,68,73,73,73,73,73,73,73,73,73,73,73,73,73,73,73,73,73,73,73,73,73,73,73,73,73,73,73,73,73,73,73,73,73],"card_choices":[{"not_picked":["ClearTheMind","Protect"],"picked":"FlurryOfBlows","floor":1},{"not_picked":["Evaluate","Crescendo"],"picked":"Tantrum","floor":3},{"not_picked":["Sanctity","JustLucky"],"picked":"Consecrate","floor":5},{"not_picked":["Perseverance","Scrawl"],"picked":"Vault","floor":6},{"not_picked":["Vault","SignatureMove"],"picked":"ClearTheMind","floor":8},{"not_picked":["CrushJoints","CutThroughFate"],"picked":"LikeWater","floor":10},{"not_picked":["WindmillStrike","WreathOfFlame","Consecrate"],"picked":"SKIP","floor":12},{"not_picked":["BattleHymn","Protect"],"picked":"Crescendo","floor":14},{"not_picked":["DeusExMachina","Establishment"],"picked":"LessonLearned","floor":16},{"not_picked":["Nirvana","WindmillStrike"],"picked":"EmptyBody+1","floor":18},{"not_picked":["Crescendo","WheelKick"],"picked":"Indignation","floor":20},{"not_picked":["EmptyMind","Conclude"],"picked":"MentalFortress","floor":23},{"not_picked":["CarveReality","WreathOfFlame"],"picked":"Vault","floor":28},{"not_picked":["ReachHeaven","Halt"],"picked":"FearNoEvil","floor":29},{"not_picked":["JustLucky","Protect"],"picked":"ClearTheMind","floor":30},{"not_picked":["Fasting2+1","CrushJoints"],"picked":"Wallop","floor":31},{"not_picked":["Establishment","Ragnarok"],"picked":"Judgement","floor":33},{"not_picked":["ThirdEye","Indignation"],"picked":"EmptyMind","floor":35},{"not_picked":["Transmutation","Forethought"],"picked":"Master of Strategy","floor":36},{"not_picked":["FlyingSleeves","PathToVictory"],"picked":"ReachHeaven","floor":39},{"not_picked":["FollowUp","Evaluate"],"picked":"Meditate","floor":40},{"not_picked":["EmptyMind","Perseverance"],"picked":"Crescendo","floor":42},{"not_picked":["BattleHymn","DeusExMachina"],"picked":"Halt+1","floor":44},{"not_picked":["CrushJoints+1","Pray","Consecrate+1"],"picked":"Vengeance+1","floor":45},{"not_picked":["ClearTheMind","SignatureMove+1","ThirdEye","Sanctity"],"picked":"SKIP","floor":47},{"not_picked":["ClearTheMind+1","ThirdEye","JustLucky+1"],"picked":"Study+1","floor":48},{"not_picked":["Adaptation+1","Weave","DevaForm"],"picked":"FlurryOfBlows","floor":54}],"player_experience":1943953,"relics_obtained":[{"floor":6,"key":"Anchor"},{"floor":8,"key":"Boot"},{"floor":9,"key":"Potion Belt"},{"floor":10,"key":"Mercury Hourglass"},{"floor":23,"key":"Whetstone"},{"floor":26,"key":"WingedGreaves"},{"floor":28,"key":"Centennial Puzzle"},{"floor":29,"key":"Vajra"},{"floor":31,"key":"Regal Pillow"},{"floor":38,"key":"Ice Cream"},{"floor":40,"key":"CaptainsWheel"},{"floor":42,"key":"Turnip"},{"floor":44,"key":"Question Card"},{"floor":47,"key":"Pocketwatch"},{"floor":54,"key":"Art of War"}],"event_choices":[{"damage_healed":0,"gold_gain":100,"player_choice":"Gold","damage_taken":0,"max_hp_gain":0,"max_hp_loss":0,"event_name":"Wheel of Change","floor":2,"gold_loss":0},{"cards_removed":["Strike_P"],"damage_healed":0,"gold_gain":0,"player_choice":"Card Removal","damage_taken":0,"max_hp_gain":0,"max_hp_loss":0,"event_name":"The Cleric","floor":4,"gold_loss":75},{"cards_removed":["Defend_P"],"damage_healed":0,"gold_gain":0,"player_choice":"Card Removal","damage_taken":7,"max_hp_gain":0,"max_hp_loss":0,"event_name":"Golden Wing","floor":13,"gold_loss":0},{"cards_removed":["Weave"],"damage_healed":0,"gold_gain":0,"player_choice":"Gave Gold","damage_taken":0,"max_hp_gain":0,"max_hp_loss":0,"event_name":"Beggar","floor":21,"gold_loss":75},{"damage_healed":0,"gold_gain":0,"player_choice":"Inject Mutagens","damage_taken":0,"relics_obtained":["MutagenicStrength"],"max_hp_gain":0,"max_hp_loss":0,"event_name":"Drug Dealer","floor":22,"gold_loss":0},{"damage_healed":0,"gold_gain":0,"player_choice":"Memory 1","damage_taken":0,"max_hp_gain":0,"max_hp_loss":0,"event_name":"SensoryStone","floor":36,"gold_loss":0},{"damage_healed":0,"gold_gain":0,"player_choice":"Fight","damage_taken":0,"max_hp_gain":0,"max_hp_loss":0,"event_name":"Mysterious Sphere","floor":38,"gold_loss":0},{"damage_healed":0,"gold_gain":0,"player_choice":"Upgraded","damage_taken":0,"max_hp_gain":0,"max_hp_loss":0,"event_name":"Upgrade Shrine","floor":46,"gold_loss":0,"cards_upgraded":["Vault"]}],"is_beta":false,"boss_relics":[{"not_picked":["Velvet Choker","Black Star"],"picked":"Astrolabe"},{"not_picked":["Empty Cage","SacredBark"],"picked":"Cursed Key"}],"items_purged_floors":[19,53],"is_endless":false,"potions_floor_spawned":[6,10,12,16,20,28,29,30,35,40,42,44,54],"ascension_level":16}}