{"host":"bf76s0h7296j55rp","time":1610631883,"event":{"mods":["BaseMod","Colored Powertips","Friendly Minions","Kiyohime£¨Çå¼§£©","Minty Spire (QoL Compilation)","Quick Restart","Shop Mod","StSLib","The Administrix","The Servant 0.9.4","óô»ðÖ¸ÄÏ"],"gold_per_floor":[117,129,139,40,40,40,40,40,40,40,40],"floor_reached":10,"language":"ZHS","playtime":294,"items_purged":[],"score":56,"play_id":"c1423253-330f-4230-97f7-74f832acd34c","local_time":"20210114214443","is_ascension_mode":false,"campfire_choices":[{"data":"KiyohimeMod:BlueBlackKey","floor":7,"key":"SMITH"}],"circlet_count":0,"master_deck":["KiyohimeMod:Strike","KiyohimeMod:Strike","KiyohimeMod:Strike","KiyohimeMod:Strike","KiyohimeMod:Defend","KiyohimeMod:Defend","KiyohimeMod:Defend","KiyohimeMod:Defend","KiyohimeMod:Track","KiyohimeMod:FlameKiss","KiyohimeMod:Shapeshift","KiyohimeMod:GreenBlackKey","KiyohimeMod:EatSoul","KiyohimeMod:BlueBlackKey+1","KiyohimeMod:BlueBlackKey","KiyohimeMod:GreenBlackKey","Regret"],"relics":["KiyohimeMod:FireDragon","WingedGreaves","Golden Idol","Mummified Hand"],"acts_visited":["Exordium"],"potions_floor_usage":[10],"damage_taken":[{"damage":1,"enemies":"2 Louse","floor":1,"turns":3},{"damage":7,"enemies":"Jaw Worm","floor":2,"turns":2},{"damage":2,"enemies":"Cultist","floor":3,"turns":4},{"damage":42,"enemies":"3 Sentries","floor":10,"turns":6}],"seed_played":"-6212988487625507270","potions_obtained":[{"floor":1,"key":"ColorlessPotion"}],"is_trial":false,"path_per_floor":["M","M","M","$","?","R","R","?","T","E"],"character_chosen":"Kiyohime","items_purchased":["KiyohimeMod:BlueBlackKey","KiyohimeMod:GreenBlackKey"],"campfire_rested":0,"item_purchase_floors":[4,4],"current_hp_per_floor":[65,58,56,56,56,56,56,40,40,0,0],"gold":40,"neow_bonus":"TEN_PERCENT_HP_BONUS","is_daily":false,"chose_seed":false,"campfire_upgraded":1,"win_rate":0.0,"timestamp":1610631883,"path_taken":["M","M","M","$","?","R","R","?","T","E"],"items_purchased_type":["Card","Card"],"build_version":"2020-12-22","purchased_purges":0,"victory":false,"max_hp_per_floor":[66,66,66,66,66,66,66,66,66,66,66],"card_choices":[{"not_picked":["KiyohimeMod:DivineConstruct","KiyohimeMod:SteelTraining"],"picked":"KiyohimeMod:GreenBlackKey","floor":1},{"not_picked":["KiyohimeMod:GreenBlackKey","KiyohimeMod:WaterTurn"],"picked":"KiyohimeMod:EatSoul","floor":2},{"not_picked":["KiyohimeMod:Preemptive","KiyohimeMod:RedBlackKey"],"picked":"KiyohimeMod:BlueBlackKey","floor":3}],"player_experience":50069,"relics_obtained":[{"floor":9,"key":"Mummified Hand"}],"event_choices":[{"damage_healed":0,"gold_gain":0,"player_choice":"Box","damage_taken":0,"relics_obtained":["WingedGreaves"],"max_hp_gain":0,"max_hp_loss":0,"event_name":"Big Fish","floor":5,"gold_loss":0,"cards_obtained":["Regret"]},{"damage_healed":0,"gold_gain":0,"player_choice":"Take Damage","damage_taken":16,"relics_obtained":["Golden Idol"],"max_hp_gain":0,"max_hp_loss":0,"event_name":"Golden Idol","floor":8,"gold_loss":0}],"is_beta":false,"boss_relics":[],"items_purged_floors":[],"is_endless":false,"potions_floor_spawned":[1],"killed_by":"3 Sentries","ascension_level":0}}