{"host":"7sni158j623xchr2","time":1610644768,"event":{"mods":["BaseMod","Colored Map","Highlight Path","Minty Spire (QoL Compilation)","Permanent Neow","Potion Indicator Mod","Rare Cards Sparkle","Relic Sorter","Relic Stats","StSLib","everything is the same but u backflip on backflip"],"gold_per_floor":[111,111,124,137,9,9,39,72,72,88,88,131,154,188,188,319,319,335,358,358,371,281,281,322,322,392,392,392],"floor_reached":27,"language":"ENG","playtime":648,"items_purged":["Defend_B"],"score":276,"play_id":"29d90ab4-d665-4f39-a233-1f359694ab97","local_time":"20210114111928","is_ascension_mode":true,"campfire_choices":[{"data":"Ball Lightning","floor":6,"key":"SMITH"},{"data":"Sunder","floor":15,"key":"SMITH"},{"data":"Electrodynamics","floor":23,"key":"SMITH"},{"floor":25,"key":"DIG"}],"circlet_count":0,"master_deck":["Strike_B+1","Defend_B+1","Defend_B","Defend_B","Zap","Dualcast","Ball Lightning+1","BootSequence","Ball Lightning","Cold Snap","Sunder+1","Hologram","Cold Snap+1","Conserve Battery","Sweeping Beam","Electrodynamics+1","Lockon","Necronomicurse","Coolheaded"],"relics":["Coffee Dripper","InkBottle","Shovel","The Courier","Golden Idol","StoneCalendar","Girya","Empty Cage","Necronomicon","Ornamental Fan","HornCleat","Matryoshka"],"acts_visited":["Exordium","TheCity"],"potions_floor_usage":[12,27,27],"damage_taken":[{"damage":0,"enemies":"Small Slimes","floor":1,"turns":3},{"damage":0,"enemies":"2 Louse","floor":3,"turns":3},{"damage":2,"enemies":"Jaw Worm","floor":4,"turns":2},{"damage":12,"enemies":"Gremlin Nob","floor":8,"turns":3},{"damage":0,"enemies":"Gremlin Gang","floor":10,"turns":3},{"damage":6,"enemies":"3 Sentries","floor":12,"turns":5},{"damage":0,"enemies":"3 Louse","floor":13,"turns":3},{"damage":14,"enemies":"Gremlin Nob","floor":14,"turns":4},{"damage":11,"enemies":"Slime Boss","floor":16,"turns":6},{"damage":3,"enemies":"Spheric Guardian","floor":18,"turns":4},{"damage":0,"enemies":"Chosen","floor":19,"turns":3},{"damage":0,"enemies":"Snecko","floor":21,"turns":3},{"damage":37,"enemies":"Gremlin Leader","floor":24,"turns":4},{"damage":14,"enemies":"Slavers","floor":27,"turns":1}],"seed_played":"8515021292253911794","potions_obtained":[{"floor":3,"key":"Regen Potion"},{"floor":12,"key":"SpeedPotion"},{"floor":13,"key":"SpeedPotion"},{"floor":14,"key":"SteroidPotion"}],"is_trial":false,"path_per_floor":["M","?","M","M","$","R","?","E","T","M","?","E","M","E","R","B",null,"M","M","?","M","?","R","E","R","T","E"],"character_chosen":"DEFECT","items_purchased":["Cold Snap"],"campfire_rested":0,"item_purchase_floors":[5],"current_hp_per_floor":[75,60,60,58,58,58,58,46,46,46,46,54,54,40,40,29,69,66,66,50,50,50,50,13,13,13,0,0],"gold":392,"neow_bonus":"BOSS_RELIC","is_daily":false,"chose_seed":false,"campfire_upgraded":3,"win_rate":0.0,"timestamp":1610644768,"path_taken":["M","?","M","M","$","R","?","E","T","M","?","E","M","E","R","BOSS","M","M","?","M","?","R","E","R","T","E"],"items_purchased_type":["Card"],"build_version":"2020-12-22","purchased_purges":1,"victory":false,"max_hp_per_floor":[75,75,75,75,75,75,75,75,75,75,69,69,69,69,69,69,69,69,69,69,69,69,69,69,69,69,69,69],"relic_stats":{"Shovel":1,"counters":[14,47],"Golden Idol":66,"Ornamental Fan":[0],"StoneCalendar":[0],"Necronomicon":[3],"obtain_stats":[{"Girya":14,"Golden Idol":11,"StoneCalendar":12,"The Courier":9,"Empty Cage":17,"Shovel":8,"HornCleat":25,"Matryoshka":26,"Ornamental Fan":24,"Coffee Dripper":0,"Necronomicon":20,"Cracked Core":0,"InkBottle":7},{"Girya":8,"Golden Idol":5,"StoneCalendar":6,"The Courier":4,"Empty Cage":9,"Shovel":4,"HornCleat":13,"Matryoshka":13,"Ornamental Fan":13,"Coffee Dripper":0,"Necronomicon":11,"Cracked Core":0,"InkBottle":3},{"Girya":26,"Golden Idol":14,"StoneCalendar":19,"The Courier":11,"Empty Cage":32,"Shovel":11,"HornCleat":46,"Matryoshka":46,"Ornamental Fan":46,"Coffee Dripper":0,"Necronomicon":39,"Cracked Core":0,"InkBottle":8}],"InkBottle":[10]},"card_choices":[{"not_picked":["Streamline","Gash"],"picked":"Ball Lightning","floor":1},{"not_picked":["Compile Driver","Hologram"],"picked":"BootSequence","floor":3},{"not_picked":["Steam","Gash"],"picked":"Ball Lightning","floor":4},{"not_picked":["Consume","Sweeping Beam"],"picked":"Sunder","floor":8},{"not_picked":["Go for the Eyes","Undo"],"picked":"Hologram","floor":10},{"not_picked":["Reprogram","Beam Cell"],"picked":"Cold Snap","floor":12},{"not_picked":["Stack","Tempest"],"picked":"Conserve Battery","floor":13},{"not_picked":["Leap","Hyperbeam"],"picked":"Sweeping Beam","floor":14},{"not_picked":["Echo Form","Creative AI"],"picked":"Electrodynamics","floor":16},{"not_picked":["Beam Cell","Ball Lightning+1"],"picked":"Lockon","floor":18},{"not_picked":["Auto Shields","Cold Snap","Steam"],"picked":"SKIP","floor":19},{"not_picked":["Hello World","Cold Snap","Machine Learning"],"picked":"SKIP","floor":21},{"not_picked":["Turbo+1","Compile Driver"],"picked":"Coolheaded","floor":24}],"player_experience":1616104,"relics_obtained":[{"floor":8,"key":"Shovel"},{"floor":9,"key":"The Courier"},{"floor":12,"key":"StoneCalendar"},{"floor":14,"key":"Girya"},{"floor":20,"key":"Necronomicon"},{"floor":24,"key":"Ornamental Fan"},{"floor":25,"key":"HornCleat"},{"floor":26,"key":"Matryoshka"}],"event_choices":[{"damage_healed":0,"gold_gain":0,"player_choice":"Entered Light","damage_taken":15,"max_hp_gain":0,"max_hp_loss":0,"event_name":"Shining Light","floor":2,"gold_loss":0,"cards_upgraded":["Defend_B","Strike_B"]},{"damage_healed":0,"gold_gain":30,"player_choice":"Searched \u00272\u0027 times","damage_taken":0,"relics_obtained":["InkBottle"],"max_hp_gain":0,"max_hp_loss":0,"event_name":"Dead Adventurer","floor":7,"gold_loss":0},{"damage_healed":0,"gold_gain":0,"player_choice":"Lose Max HP","damage_taken":0,"relics_obtained":["Golden Idol"],"max_hp_gain":0,"max_hp_loss":6,"event_name":"Golden Idol","floor":11,"gold_loss":0},{"damage_healed":0,"gold_gain":0,"player_choice":"Obtained Book","damage_taken":16,"max_hp_gain":0,"max_hp_loss":0,"event_name":"Cursed Tome","floor":20,"gold_loss":0},{"cards_removed":["Strike_B"],"damage_healed":0,"gold_gain":0,"player_choice":"Upgrade and Remove","damage_taken":0,"max_hp_gain":0,"max_hp_loss":0,"event_name":"Designer","floor":22,"gold_loss":90,"cards_upgraded":["Cold Snap"]}],"is_beta":false,"boss_relics":[{"not_picked":["Pandora\u0027s Box","SlaversCollar"],"picked":"Empty Cage"}],"items_purged_floors":[5],"is_endless":false,"potions_floor_spawned":[3,12,13,14],"killed_by":"Slavers","ascension_level":2}}