{"host":"0rxdudjy6rylha1k","time":1610585068,"event":{"mods":["Aspiration","BaseMod","Colored Map","Colored Powertips","Downfall","Highlight Path","Hubris","Minty Spire (QoL Compilation)","StSLib"],"gold_per_floor":[99,99,99,99,99,19,46,58,73,73,92,102,27,58,75,75,75,75],"floor_reached":16,"language":"ENG","playtime":1068,"items_purged":[],"score":100,"play_id":"d8bbddf4-e867-4023-83c6-7453d6439692","local_time":"20210113174428","is_ascension_mode":false,"campfire_choices":[{"floor":1,"key":"RECALL"},{"floor":10,"key":"REST"},{"data":"hexamod:RadiantFlame","floor":13,"key":"SMITH"}],"circlet_count":0,"master_deck":["hexamod:Strike","hexamod:Strike","hexamod:Strike","hexamod:Strike","hexamod:Defend","hexamod:Defend","hexamod:Defend","hexamod:Defend","hexamod:Sear","hexamod:Float","hexamod:GhostOfSpirePast","hexamod:Hexaguard","hexamod:AdvancingGuard","hexamod:RadiantFlame+1","hexamod:ThermalTransfer","hexamod:HeatMetal","hexamod:PhantomFireball"],"relics":["hexamod:SpiritBrand","downfall:HeartsMalice","aspiration:StickyExplosives_weak","downfall:HeartBlessingRed","hubris:DisguiseKit"],"acts_visited":["Exordium"],"potions_floor_usage":[16,16],"damage_taken":[{"damage":0,"enemies":"Jaw Worm","floor":2,"turns":1},{"damage":0,"enemies":"2 Louse","floor":5,"turns":1},{"damage":0,"enemies":"downfall:FleeingMerchant","floor":6,"turns":1},{"damage":0,"enemies":"Small Slimes","floor":8,"turns":3},{"damage":0,"enemies":"2 Fungi Beasts","floor":9,"turns":3},{"damage":4,"enemies":"Lots of Slimes","floor":11,"turns":6},{"damage":0,"enemies":"Large Slime","floor":12,"turns":6},{"damage":19,"enemies":"Lagavulin","floor":14,"turns":6},{"damage":25,"enemies":"Gremlin Gang","floor":15,"turns":7},{"damage":26,"enemies":"downfall:Defect","floor":16,"turns":5}],"seed_played":"-8730359494966916300","potions_obtained":[{"floor":9,"key":"hexamod:DoubleChargePotion"},{"floor":15,"key":"LiquidMemories"}],"is_trial":false,"path_per_floor":["R","M","?","?","M","$","T","M","M","R","M","M","R","E","M","B"],"character_chosen":"THE_SPIRIT","items_purchased":["hexamod:RadiantFlame"],"campfire_rested":1,"item_purchase_floors":[6],"current_hp_per_floor":[70,70,75,42,42,42,42,42,42,64,60,60,60,41,16,0,0,0],"gold":75,"neow_bonus":"THREE_ENEMY_KILL","is_daily":false,"chose_seed":false,"campfire_upgraded":1,"win_rate":0.0,"timestamp":1610585068,"path_taken":["R","M","?","?","M","$","T","M","M","R","M","M","R","E","M","BOSS"],"items_purchased_type":["Card"],"build_version":"2020-12-22","purchased_purges":0,"victory":false,"max_hp_per_floor":[70,70,75,75,75,75,75,75,75,75,75,75,75,75,75,75,75,75],"card_choices":[{"not_picked":["hexamod:NightmareStrike","hexamod:CatchUp"],"picked":"hexamod:GhostOfSpirePast","floor":2},{"not_picked":["hexamod:RetreatToShadows","hexamod:RainOfEmbers"],"picked":"hexamod:Hexaguard","floor":5},{"not_picked":["hexamod:SpectersWail","hexamod:GhostLash"],"picked":"hexamod:AdvancingGuard","floor":6},{"not_picked":["hexamod:NightmareGuise","hexamod:Hexaguard","hexamod:GhostLash"],"picked":"SKIP","floor":8},{"not_picked":["hexamod:GhostOfSpirePresent","hexamod:InspiringFlames"],"picked":"hexamod:ThermalTransfer","floor":9},{"not_picked":["hexamod:SwordOfDarkness","hexamod:Haunt","hexamod:ThermalTransfer"],"picked":"SKIP","floor":11},{"not_picked":["hexamod:GhostflameBarrier","hexamod:GhostOfSpirePast"],"picked":"hexamod:HeatMetal","floor":12},{"not_picked":["hexamod:Incineration","hexamod:ShieldOfDarkness"],"picked":"hexamod:PhantomFireball","floor":14},{"not_picked":["hexamod:GhostOfSpirePresent","hexamod:BurningTouch","hexamod:ThermalTransfer","Intimidate"],"picked":"SKIP","floor":15}],"player_experience":2473576,"relics_obtained":[{"floor":14,"key":"hubris:DisguiseKit"}],"event_choices":[{"damage_healed":0,"gold_gain":0,"player_choice":"Donut","damage_taken":0,"max_hp_gain":5,"max_hp_loss":0,"event_name":"Big Fish","floor":3,"gold_loss":0},{"damage_healed":0,"gold_gain":0,"player_choice":"Success","damage_taken":33,"relics_obtained":["aspiration:StickyExplosives_weak"],"max_hp_gain":0,"max_hp_loss":0,"event_name":"Scrap Ooze","floor":4,"gold_loss":0}],"is_beta":false,"boss_relics":[],"items_purged_floors":[],"is_endless":false,"potions_floor_spawned":[9,15],"killed_by":"downfall:Defect","ascension_level":0}}