{"host":"qxeepl7ydvsgmfdb","time":1610641139,"event":{"mods":["AchievementEnabler","BaseMod","Colored Powertips","Minty Spire (QoL Compilation)","Quick Restart","slay the spire mod where everything is the same but ironclad has a cowboy hat"],"gold_per_floor":[116,116,191,116,76,76,88,123,123,123,142,173,173,190,190,286,286,300,300,200,219,235,264,264,264,264,296,296,34,58,75,75,171,171,184,9,9,27,38,70,81,81,108,126,126,160,180,193,193,193],"floor_reached":51,"language":"ENG","playtime":1994,"items_purged":["Strike_B","Strike_B"],"score":817,"play_id":"c430914e-ff02-4e13-8556-5f08a1acfc57","local_time":"20210114111859","is_ascension_mode":true,"campfire_choices":[{"data":"Zap","floor":6,"key":"SMITH"},{"data":"Defragment","floor":10,"key":"SMITH"},{"floor":15,"key":"REST"},{"data":"White Noise","floor":24,"key":"SMITH"},{"floor":28,"key":"REST"},{"floor":32,"key":"REST"},{"floor":42,"key":"REST"},{"floor":49,"key":"REST"}],"circlet_count":0,"master_deck":["Defend_B","Defend_B","Defend_B","Defend_B","Zap+1","Dualcast","Cold Snap","Ball Lightning","Defragment+1","Redo","White Noise+1","Electrodynamics","Cold Snap+1","Leap","Defragment","Ball Lightning+1","Redo+1","White Noise","Darkness","Melter","BootSequence","Chaos+1"],"relics":["Cracked Core","NeowsBlessing","Bag of Marbles","Pen Nib","Ancient Tea Set","InkBottle","Philosopher\u0027s Stone","Orichalcum","Boot","MutagenicStrength","Incense Burner","Potion Belt","Membership Card","Blood Vial","Tiny Chest","Empty Cage","CaptainsWheel","Shuriken","Letter Opener","Happy Flower","Regal Pillow","Toy Ornithopter"],"acts_visited":["Exordium","TheCity","TheBeyond"],"potions_floor_usage":[12,23,33,33,33,33,40,40,44,47,50],"damage_taken":[{"damage":0,"enemies":"Small Slimes","floor":1,"turns":1},{"damage":0,"enemies":"Jaw Worm","floor":7,"turns":1},{"damage":0,"enemies":"Gremlin Nob","floor":8,"turns":1},{"damage":0,"enemies":"Cultist","floor":11,"turns":2},{"damage":18,"enemies":"3 Sentries","floor":12,"turns":5},{"damage":6,"enemies":"Gremlin Gang","floor":14,"turns":2},{"damage":18,"enemies":"The Guardian","floor":16,"turns":8},{"damage":0,"enemies":"3 Byrds","floor":18,"turns":2},{"damage":2,"enemies":"Spheric Guardian","floor":21,"turns":3},{"damage":5,"enemies":"Cultist and Chosen","floor":22,"turns":4},{"damage":3,"enemies":"Slavers","floor":23,"turns":2},{"damage":27,"enemies":"Book of Stabbing","floor":27,"turns":5},{"damage":5,"enemies":"Sentry and Sphere","floor":31,"turns":3},{"damage":40,"enemies":"Champ","floor":33,"turns":9},{"damage":0,"enemies":"Orb Walker","floor":35,"turns":2},{"damage":19,"enemies":"3 Darklings","floor":38,"turns":3},{"damage":15,"enemies":"Maw","floor":39,"turns":7},{"damage":17,"enemies":"Giant Head","floor":40,"turns":7},{"damage":10,"enemies":"4 Shapes","floor":41,"turns":2},{"damage":0,"enemies":"Spire Growth","floor":44,"turns":3},{"damage":33,"enemies":"Nemesis","floor":46,"turns":6},{"damage":12,"enemies":"Maw","floor":47,"turns":6},{"damage":10,"enemies":"Transient","floor":48,"turns":5},{"damage":31,"enemies":"Donu and Deca","floor":50,"turns":9}],"seed_played":"-2817250359056766940","potions_obtained":[{"floor":5,"key":"BlessingOfTheForge"},{"floor":5,"key":"PotionOfCapacity"},{"floor":5,"key":"PowerPotion"},{"floor":7,"key":"DistilledChaos"},{"floor":12,"key":"EntropicBrew"},{"floor":22,"key":"FairyPotion"},{"floor":31,"key":"Explosive Potion"},{"floor":39,"key":"Swift Potion"},{"floor":46,"key":"DistilledChaos"},{"floor":47,"key":"Regen Potion"}],"is_trial":false,"path_per_floor":["M","?","?","$","?","R","M","E","T","R","M","E","$","M","R","B",null,"M","T","$","M","M","E","R","?","T","E","R","$","T","M","R","B",null,"M","$","T","M","M","E","M","R","T","M","T","E","M","M","R","B",null],"character_chosen":"DEFECT","items_purchased":["Membership Card","Blood Vial","White Noise","CaptainsWheel","Darkness"],"campfire_rested":5,"item_purchase_floors":[29,29,29,36,36],"current_hp_per_floor":[75,68,57,57,57,57,57,57,57,57,57,39,39,33,55,37,75,75,75,75,73,68,65,65,65,65,38,60,60,60,57,75,35,75,75,75,75,56,43,28,20,42,42,44,44,13,8,22,59,49],"gold":193,"neow_bonus":"THREE_ENEMY_KILL","is_daily":false,"chose_seed":false,"campfire_upgraded":3,"win_rate":0.0,"timestamp":1610641139,"path_taken":["M","?","?","$","?","R","?","E","T","R","?","E","$","M","R","BOSS","M","?","$","?","M","E","R","?","T","E","R","$","?","?","R","BOSS","M","?","?","M","M","E","M","R","T","M","?","E","M","M","R","BOSS"],"items_purchased_type":["Relic","Relic","Card","Relic","Card"],"build_version":"2020-12-22","purchased_purges":2,"victory":true,"max_hp_per_floor":[75,75,75,75,75,75,75,75,75,75,75,75,75,75,75,75,75,75,75,75,75,75,75,75,75,75,75,75,75,75,75,75,75,75,75,75,75,75,75,75,75,75,75,75,75,75,75,75,75,75],"card_choices":[{"not_picked":["Turbo","Coolheaded"],"picked":"Cold Snap","floor":1},{"not_picked":["Barrage","Compile Driver"],"picked":"Ball Lightning","floor":7},{"not_picked":["Reprogram","Core Surge"],"picked":"Defragment","floor":8},{"not_picked":["Auto Shields","Leap","Doom and Gloom"],"picked":"SKIP","floor":11},{"not_picked":["Coolheaded","Steam"],"picked":"Redo","floor":12},{"not_picked":["Gash","Hologram"],"picked":"White Noise","floor":14},{"not_picked":["Meteor Strike","Multi-Cast"],"picked":"Electrodynamics","floor":16},{"not_picked":["Sweeping Beam","Hologram"],"picked":"Cold Snap+1","floor":18},{"not_picked":["Sunder","Barrage"],"picked":"Leap","floor":21},{"not_picked":["Go for the Eyes","Doom and Gloom"],"picked":"Defragment","floor":22},{"not_picked":["Multi-Cast","Undo"],"picked":"Ball Lightning+1","floor":23},{"not_picked":["Go for the Eyes","Ball Lightning"],"picked":"Redo+1","floor":27},{"not_picked":["Turbo","Aggregate","Undo"],"picked":"SKIP","floor":31},{"not_picked":["Stack","Beam Cell","Consume+1"],"picked":"SKIP","floor":35},{"not_picked":["Conserve Battery+1","Barrage"],"picked":"Melter","floor":38},{"not_picked":["Force Field","Redo"],"picked":"BootSequence","floor":39},{"not_picked":["Go for the Eyes+1","Ball Lightning","Stack+1"],"picked":"SKIP","floor":40},{"not_picked":["Coolheaded+1","Self Repair"],"picked":"Chaos+1","floor":41},{"not_picked":["Rebound+1","Loop","Coolheaded"],"picked":"SKIP","floor":44},{"not_picked":["Coolheaded+1","Storm+1","Cold Snap"],"picked":"SKIP","floor":46},{"not_picked":["Turbo","Darkness","Stack"],"picked":"SKIP","floor":47},{"not_picked":["Steam","Multi-Cast","Rebound+1"],"picked":"SKIP","floor":48}],"player_experience":139223,"relics_obtained":[{"floor":8,"key":"Pen Nib"},{"floor":9,"key":"Ancient Tea Set"},{"floor":12,"key":"InkBottle"},{"floor":19,"key":"Orichalcum"},{"floor":23,"key":"Boot"},{"floor":26,"key":"Incense Burner"},{"floor":27,"key":"Potion Belt"},{"floor":30,"key":"Tiny Chest"},{"floor":37,"key":"Shuriken"},{"floor":40,"key":"Letter Opener"},{"floor":43,"key":"Happy Flower"},{"floor":45,"key":"Regal Pillow"},{"floor":46,"key":"Toy Ornithopter"}],"event_choices":[{"damage_healed":0,"gold_gain":0,"player_choice":"Success","damage_taken":7,"relics_obtained":["Bag of Marbles"],"max_hp_gain":0,"max_hp_loss":0,"event_name":"Scrap Ooze","floor":2,"gold_loss":0},{"damage_healed":0,"gold_gain":75,"player_choice":"Gather Gold","damage_taken":11,"max_hp_gain":0,"max_hp_loss":0,"event_name":"World of Goop","floor":3,"gold_loss":0},{"damage_healed":0,"gold_gain":0,"player_choice":"Bought 3 Potions","damage_taken":0,"max_hp_gain":0,"max_hp_loss":0,"event_name":"The Woman in Blue","floor":5,"gold_loss":0},{"damage_healed":0,"gold_gain":0,"player_choice":"Inject Mutagens","damage_taken":0,"relics_obtained":["MutagenicStrength"],"max_hp_gain":0,"max_hp_loss":0,"event_name":"Drug Dealer","floor":25,"gold_loss":0}],"is_beta":false,"boss_relics":[{"not_picked":["Tiny House","Coffee Dripper"],"picked":"Philosopher\u0027s Stone"},{"not_picked":["Black Star","FrozenCore"],"picked":"Empty Cage"}],"items_purged_floors":[4,20],"is_endless":false,"potions_floor_spawned":[7,12,16,22,31,39,46,47],"ascension_level":1}}