{"host":"1fn5ivlym87f4xjq","time":1610606663,"event":{"mods":["BaseMod","BetterRewards","Colored Powertips","Downfall","Minty Spire (QoL Compilation)","Shop Mod","StSLib","The Alterego","The Animator","The Exalted","The Forsaken","The Hierophant"],"gold_per_floor":[116,79,79,79,79,107,107,123,148,159,178,178,206,216,216,318,318,336,67,78,4959,4976,4976,4976,4997,4997,4112,4112,3893,3917,3917,3917,4022,4072,4087,4102,4102,3769,3784,3821,3204,0,0,0,0,59,59,74,74,79,79,79,4,37,42],"floor_reached":56,"language":"ENG","playtime":2197,"items_purged":["Writhe"],"score":1608,"play_id":"0bc27919-7522-4ffa-96d0-26a8b68e82de","local_time":"20210114074423","is_ascension_mode":false,"campfire_choices":[{"floor":12,"key":"RECALL"},{"data":"alterego_mod:Punishment","floor":15,"key":"SMITH"}],"circlet_count":0,"master_deck":["alterego_mod:Bounce+1","alterego_mod:Bounce+1","alterego_mod:Bounce+1","alterego_mod:Bounce+1","alterego_mod:Bounce+1","alterego_mod:Bounce+1","alterego_mod:Bounce+1","alterego_mod:Bounce+1","alterego_mod:Bounce+1","alterego_mod:Bounce+1","alterego_mod:Bounce+1","alterego_mod:Bounce+1","alterego_mod:Bounce+1","alterego_mod:Bounce+1","alterego_mod:Bounce+1","alterego_mod:Bounce+1","alterego_mod:Bounce+1","alterego_mod:Bounce+1","alterego_mod:Bounce+1","alterego_mod:Bounce+1","alterego_mod:Clones+1","alterego_mod:Clones+1","alterego_mod:PainIsPleasure+1","alterego_mod:PainIsPleasure+1","alterego_mod:Punishment+1","alterego_mod:DestructionOfProperty+1","alterego_mod:Bounce+1","alterego_mod:Schoolgirl+1","alterego_mod:Birthday+1","alterego_mod:BiFurious+1","alterego_mod:PainIsPleasure+1","alterego_mod:Bunnysuit+1","alterego_mod:Weigh+1","alterego_mod:Bounce+1","alterego_mod:GIGAMILK+1","alterego_mod:Belts+1","alterego_mod:BiFurious+1","alterego_mod:BiFurious+1","alterego_mod:Birthday+1","alterego_mod:GoddessCore+1","alterego_mod:1TonWallop+1","alterego_mod:BiFurious+1","alterego_mod:AlterEgo+1","alterego_mod:Support+1","alterego_mod:Bounce+1","alterego_mod:RidiculouslyBig+1","alterego_mod:Santa+1","alterego_mod:ChallengeComplete+1","alterego_mod:Mirror+1","alterego_mod:AlterEgo+1","alterego_mod:Punishment+1","Writhe","alterego_mod:MaintainEyeContact+1"],"relics":["alterego_mod:MasochisticConstitution","NeowsBlessing","Bromod:ArcaneTempo","Molten Egg 2","Toxic Egg 2","Frozen Egg 2","Ancient Tea Set","Juzu Bracelet","Coffee Dripper","Fusion Hammer","Chemical X","Toy Ornithopter","Kunai","Bromod:ArcaneUltimatum","Toolbox","MerchantsRug","Strange Spoon","Ginger","Odd Mushroom","Tiny House","Shuriken","FossilizedHelix","Bromod:ArcaneFury","Pen Nib","Red Mask","Bromod:ArcaneVictory","Regal Pillow","Bromod:ArcaneMomentum"],"acts_visited":["Exordium","TheCity","TheBeyond","TheEnding"],"potions_floor_usage":[33,50,55],"damage_taken":[{"damage":0,"enemies":"Small Slimes","floor":1,"turns":1},{"damage":0,"enemies":"Lagavulin","floor":6,"turns":2},{"damage":0,"enemies":"2 Louse","floor":8,"turns":1},{"damage":4,"enemies":"Cultist","floor":10,"turns":2},{"damage":0,"enemies":"Red Slaver","floor":11,"turns":1},{"damage":0,"enemies":"3 Sentries","floor":13,"turns":1},{"damage":0,"enemies":"3 Louse","floor":14,"turns":1},{"damage":0,"enemies":"Hexaghost","floor":16,"turns":2},{"damage":0,"enemies":"Chosen","floor":18,"turns":1},{"damage":0,"enemies":"3 Byrds","floor":20,"turns":1},{"damage":0,"enemies":"3 Cultists","floor":22,"turns":1},{"damage":0,"enemies":"Shelled Parasite and Fungi","floor":25,"turns":2},{"damage":0,"enemies":"Sentry and Sphere","floor":30,"turns":1},{"damage":0,"enemies":"Champ","floor":33,"turns":5},{"damage":0,"enemies":"3 Darklings","floor":35,"turns":1},{"damage":0,"enemies":"Orb Walker","floor":36,"turns":2},{"damage":0,"enemies":"Jaw Worm Horde","floor":39,"turns":1},{"damage":0,"enemies":"Reptomancer","floor":40,"turns":1},{"damage":0,"enemies":"2 Orb Walkers","floor":46,"turns":1},{"damage":0,"enemies":"Transient","floor":48,"turns":5},{"damage":12,"enemies":"Time Eater","floor":50,"turns":4},{"damage":0,"enemies":"Shield and Spear","floor":54,"turns":1},{"damage":76,"enemies":"The Heart","floor":55,"turns":6}],"seed_played":"-6637852790855873101","potions_obtained":[{"floor":1,"key":"ColorlessPotion"},{"floor":6,"key":"Guardian:BlockOnCardUsePotion"},{"floor":8,"key":"FairyPotion"},{"floor":34,"key":"LiquidBronze"},{"floor":46,"key":"DistilledChaos"}],"is_trial":false,"path_per_floor":["M","$","?","?","?","E","T","M","T","M","M","R","E","M","R","B",null,"M","$","M","$","M","R","?","M","T","$","R","$","M","?","R","B",null,"M","M","?","$","M","E","$","?","T","?","R","?","?","M","R","B",null,"R","$","E","B",null],"character_chosen":"The_Alterego","items_purchased":["alterego_mod:DestructionOfProperty","alterego_mod:Weigh+1","alterego_mod:Bounce+1","alterego_mod:GIGAMILK+1","alterego_mod:Belts+1","alterego_mod:BiFurious+1","Kunai","Bromod:ArcaneUltimatum","Toolbox","alterego_mod:Birthday+1","MerchantsRug","Strange Spoon","alterego_mod:GoddessCore+1","alterego_mod:1TonWallop+1","alterego_mod:Santa+1","Shuriken","alterego_mod:AlterEgo+1","Bromod:ArcaneFury","Pen Nib"],"campfire_rested":0,"item_purchase_floors":[2,19,19,19,21,21,27,27,27,27,27,29,29,29,38,38,41,41,41],"current_hp_per_floor":[70,70,70,70,70,70,70,70,70,67,67,67,67,67,67,71,71,71,71,71,71,71,71,71,71,71,71,71,71,71,71,71,71,76,76,76,76,76,76,76,76,76,76,76,76,76,76,76,76,66,77,77,77,77,11],"gold":42,"neow_bonus":"THREE_ENEMY_KILL","is_daily":false,"chose_seed":false,"campfire_upgraded":1,"win_rate":0.0,"timestamp":1610606663,"path_taken":["M","$","?","?","?","E","?","M","T","M","?","R","E","M","R","BOSS","M","?","M","$","M","R","?","M","T","$","R","$","M","?","R","BOSS","M","M","?","$","M","E","?","?","T","?","R","?","?","M","R","BOSS","R","$","E","BOSS"],"items_purchased_type":["Card","Card","Card","Card","Card","Card","Relic","Relic","Relic","Card","Relic","Relic","Card","Card","Card","Relic","Card","Relic","Relic"],"build_version":"2020-12-22","purchased_purges":1,"victory":true,"max_hp_per_floor":[70,70,70,70,70,70,70,70,70,71,71,71,71,71,71,71,71,71,71,71,71,71,71,71,71,71,71,71,71,71,71,71,71,76,76,76,76,76,76,76,76,76,76,76,76,76,76,76,76,77,77,77,77,77,78],"card_choices":[{"not_picked":["alterego_mod:MaintainEyeContact","alterego_mod:Cooking"],"picked":"alterego_mod:Punishment","floor":1},{"not_picked":["alterego_mod:Complex","alterego_mod:Cycle","alterego_mod:Lingerie"],"picked":"SKIP","floor":6},{"not_picked":["alterego_mod:DustData+1","alterego_mod:Smother+1"],"picked":"alterego_mod:Bounce+1","floor":8},{"not_picked":["alterego_mod:Clap+1","alterego_mod:HighServant+1"],"picked":"alterego_mod:Schoolgirl+1","floor":10},{"not_picked":["alterego_mod:Undulate+1","alterego_mod:Exercise+1","alterego_mod:1TonWallop+1"],"picked":"SKIP","floor":11},{"not_picked":["alterego_mod:DiscoLights+1","alterego_mod:PresenceConcealment+1"],"picked":"alterego_mod:Birthday+1","floor":13},{"not_picked":["alterego_mod:Collar+1","alterego_mod:Cushion+1"],"picked":"alterego_mod:BiFurious+1","floor":14},{"not_picked":["alterego_mod:Palingenesis+1","alterego_mod:BrynhildrRomantia+1"],"picked":"alterego_mod:PainIsPleasure+1","floor":16},{"not_picked":["alterego_mod:Cycle+1","alterego_mod:Skirt+1"],"picked":"alterego_mod:Bunnysuit+1","floor":18},{"not_picked":["alterego_mod:Cushion+1","alterego_mod:Lingerie+1"],"picked":"alterego_mod:Belle+1","floor":20},{"not_picked":["alterego_mod:Maid+1","alterego_mod:PerceptionDisorder+1","alterego_mod:SideboobHour+1"],"picked":"SKIP","floor":22},{"not_picked":["alterego_mod:Complex+1","alterego_mod:Undulate+1"],"picked":"alterego_mod:BiFurious+1","floor":25},{"not_picked":["alterego_mod:Lingerie+1","alterego_mod:Maid+1"],"picked":"alterego_mod:BiFurious+1","floor":30},{"not_picked":["alterego_mod:VirginLaserPalladion+1","alterego_mod:PainIsPleasure+1"],"picked":"alterego_mod:AlterEgo+1","floor":33},{"not_picked":["alterego_mod:Belle+1","alterego_mod:Crossover+1"],"picked":"alterego_mod:Support+1","floor":34},{"not_picked":["alterego_mod:Cooking+1","alterego_mod:Belle+1"],"picked":"alterego_mod:Bounce+1","floor":35},{"not_picked":["alterego_mod:Undulate+1","alterego_mod:Cooking+1"],"picked":"alterego_mod:RidiculouslyBig+1","floor":36},{"not_picked":["alterego_mod:Birthday+1","alterego_mod:TrashNCrash+1"],"picked":"alterego_mod:ChallengeComplete+1","floor":39},{"not_picked":["alterego_mod:BoobPocket+1","alterego_mod:DustData+1"],"picked":"alterego_mod:Mirror+1","floor":40},{"not_picked":["alterego_mod:BeGentle+1","alterego_mod:Swimsuit+1"],"picked":"alterego_mod:Punishment+1","floor":46},{"not_picked":["alterego_mod:Cycle+1","alterego_mod:Exercise+1","alterego_mod:DeftHands+1"],"picked":"SKIP","floor":48},{"not_picked":["alterego_mod:PerceptionDisorder+1","alterego_mod:Crossover+1"],"picked":"alterego_mod:MaintainEyeContact+1","floor":54}],"player_experience":134863,"relics_obtained":[{"floor":6,"key":"Bromod:ArcaneTempo"},{"floor":9,"key":"Ancient Tea Set"},{"floor":13,"key":"Juzu Bracelet"},{"floor":26,"key":"Toy Ornithopter"},{"floor":40,"key":"FossilizedHelix"},{"floor":43,"key":"Bromod:ArcaneVictory"},{"floor":54,"key":"Bromod:ArcaneMomentum"}],"event_choices":[{"damage_healed":0,"gold_gain":0,"player_choice":"Leave","damage_taken":0,"max_hp_gain":0,"max_hp_loss":0,"event_name":"The Cleric","floor":3,"gold_loss":0},{"damage_healed":0,"gold_gain":0,"player_choice":"Ignored","damage_taken":0,"max_hp_gain":0,"max_hp_loss":0,"event_name":"Golden Wing","floor":4,"gold_loss":0},{"damage_healed":0,"gold_gain":0,"player_choice":"Ignored","damage_taken":0,"max_hp_gain":0,"max_hp_loss":0,"event_name":"Liars Game","floor":5,"gold_loss":0},{"cards_removed":["alterego_mod:GIGAMILK"],"damage_healed":0,"gold_gain":0,"player_choice":"Elegance","damage_taken":0,"max_hp_gain":0,"max_hp_loss":0,"event_name":"Back to Basics","floor":24,"gold_loss":0},{"damage_healed":0,"gold_gain":0,"player_choice":"Opened","damage_taken":0,"relics_obtained":["Ginger"],"max_hp_gain":0,"max_hp_loss":0,"event_name":"The Mausoleum","floor":31,"gold_loss":0,"cards_obtained":["Writhe"]},{"damage_healed":0,"gold_gain":0,"player_choice":"Ignored","damage_taken":0,"max_hp_gain":0,"max_hp_loss":0,"event_name":"Upgrade Shrine","floor":37,"gold_loss":0},{"damage_healed":0,"gold_gain":0,"player_choice":"Paid","damage_taken":0,"relics_obtained":["Red Mask"],"max_hp_gain":0,"max_hp_loss":0,"event_name":"Tomb of Lord Red Mask","floor":42,"gold_loss":3204},{"damage_healed":0,"gold_gain":0,"player_choice":"Gave Potion","damage_taken":0,"relics_obtained":["Regal Pillow"],"max_hp_gain":0,"max_hp_loss":0,"event_name":"WeMeetAgain","floor":44,"gold_loss":0},{"damage_healed":0,"gold_gain":0,"player_choice":"Fight","damage_taken":0,"max_hp_gain":0,"max_hp_loss":0,"event_name":"Mysterious Sphere","floor":46,"gold_loss":0},{"damage_healed":19,"gold_gain":0,"player_choice":"Writhe","damage_taken":0,"max_hp_gain":0,"max_hp_loss":0,"event_name":"Winding Halls","floor":47,"gold_loss":0,"cards_obtained":["Writhe"]}],"is_beta":false,"boss_relics":[{"not_picked":["Cursed Key","theForsaken:PaleLantern","Bromod:ArcaneBarrier"]},{"not_picked":["Astrolabe","Calling Bell"],"picked":"Tiny House"}],"items_purged_floors":[53],"is_endless":false,"potions_floor_spawned":[1,6,8,14,16,18,30,33,46,48],"ascension_level":0}}