{"host":"7zdktqb5xjtif29d","time":1610662823,"event":{"mods":["AchievementEnabler","BaseMod","Colored Map","Colored Powertips","Highlight Path","Minty Spire (QoL Compilation)","Rare Cards Sparkle","SuperFastMode","Waifu the Spire","everything is the same but u backflip on backflip"],"gold_per_floor":[119,136,154,174,187,221,221,246,258,270,304,316,347,384,396,506,518,548,573,500,532,554,598,610,622,634,646,658,689,800,837,849,861,861],"floor_reached":33,"language":"ENG","playtime":1052,"items_purged":[],"score":365,"play_id":"bc01dad6-7279-4dd4-ab59-853072ded059","local_time":"20210114222023","is_ascension_mode":true,"campfire_choices":[{"floor":7,"key":"REST"},{"floor":10,"key":"REST"},{"data":"Perfected Strike","floor":15,"key":"SMITH"},{"floor":24,"key":"REST"},{"floor":28,"key":"REST"},{"floor":32,"key":"REST"}],"circlet_count":0,"master_deck":["Strike_R","Strike_R","Strike_R","Strike_R","Strike_R","Bash","Twin Strike","Perfected Strike+1","Pommel Strike","Feed+1","Pommel Strike+1","Sword Boomerang+1","Inflame","Flex","Clash","Pommel Strike+1","Heavy Blade","Inflame+1","Perfected Strike"],"relics":["Burning Blood","Potion Belt","Kunai","MawBank","HornCleat","Odd Mushroom","Toy Ornithopter","Astrolabe","White Beast Statue","Centennial Puzzle","Meat on the Bone","Eternal Feather","Darkstone Periapt"],"acts_visited":["Exordium","TheCity"],"potions_floor_usage":[8,14,14,21,23,31,33,33,33],"damage_taken":[{"damage":3,"enemies":"Jaw Worm","floor":1,"turns":6},{"damage":7,"enemies":"2 Louse","floor":2,"turns":3},{"damage":7,"enemies":"Small Slimes","floor":3,"turns":3},{"damage":9,"enemies":"3 Louse","floor":4,"turns":3},{"damage":11,"enemies":"Red Slaver","floor":5,"turns":4},{"damage":63,"enemies":"Lagavulin","floor":6,"turns":7},{"damage":22,"enemies":"3 Sentries","floor":8,"turns":8},{"damage":9,"enemies":"The Mushroom Lair","floor":11,"turns":5},{"damage":1,"enemies":"Looter","floor":13,"turns":3},{"damage":0,"enemies":"Gremlin Nob","floor":14,"turns":3},{"damage":64,"enemies":"Slime Boss","floor":16,"turns":14},{"damage":40,"enemies":"2 Thieves","floor":18,"turns":5},{"damage":28,"enemies":"3 Byrds","floor":19,"turns":5},{"damage":31,"enemies":"Cultist and Chosen","floor":21,"turns":5},{"damage":0,"enemies":"Snecko","floor":22,"turns":3},{"damage":22,"enemies":"Slavers","floor":23,"turns":4},{"damage":24,"enemies":"Snake Plant","floor":29,"turns":2},{"damage":39,"enemies":"Book of Stabbing","floor":31,"turns":4},{"damage":103,"enemies":"Automaton","floor":33,"turns":6}],"seed_played":"6608516717759780156","potions_obtained":[{"floor":3,"key":"Block Potion"},{"floor":5,"key":"Strength Potion"},{"floor":6,"key":"FearPotion"},{"floor":13,"key":"DuplicationPotion"},{"floor":16,"key":"AttackPotion"},{"floor":18,"key":"SneckoOil"},{"floor":19,"key":"Dexterity Potion"},{"floor":21,"key":"Strength Potion"},{"floor":22,"key":"SpeedPotion"},{"floor":23,"key":"SkillPotion"},{"floor":31,"key":"Dexterity Potion"}],"is_trial":false,"path_per_floor":["M","M","M","M","M","E","R","E","T","R","?","?","M","E","R","B",null,"M","M","?","M","M","E","R","?","T","?","R","M","?","E","R","B"],"character_chosen":"IRONCLAD","items_purchased":[],"campfire_rested":5,"item_purchase_floors":[],"current_hp_per_floor":[80,79,78,75,70,13,37,21,21,45,42,68,73,79,79,21,80,50,32,32,12,18,11,38,38,38,38,74,56,56,40,76,0,0],"gold":861,"neow_bonus":"RANDOM_COMMON_RELIC","is_daily":false,"chose_seed":false,"campfire_upgraded":1,"win_rate":0.0,"timestamp":1610662823,"path_taken":["M","M","M","M","M","E","R","E","T","R","?","?","M","E","R","BOSS","M","M","?","M","M","E","R","?","T","?","R","?","?","E","R","BOSS"],"items_purchased_type":[],"build_version":"2020-12-22","purchased_purges":0,"victory":false,"max_hp_per_floor":[80,80,80,80,80,80,80,80,80,80,80,80,80,80,80,80,80,84,88,88,88,88,92,92,92,92,92,92,92,92,92,92,92,92],"card_choices":[{"not_picked":["Whirlwind","Dropkick"],"picked":"Twin Strike","floor":1},{"not_picked":["Seeing Red","Anger","Combust"],"picked":"SKIP","floor":2},{"not_picked":["Uppercut","Heavy Blade"],"picked":"Perfected Strike","floor":3},{"not_picked":["Headbutt","Flame Barrier","Power Through"],"picked":"SKIP","floor":4},{"not_picked":["Searing Blow","Body Slam","Blood for Blood"],"picked":"SKIP","floor":5},{"not_picked":["Double Tap","Dark Embrace","Cleave"],"picked":"SKIP","floor":6},{"not_picked":["Intimidate","Berserk","Iron Wave"],"picked":"SKIP","floor":8},{"not_picked":["Uppercut","Cleave"],"picked":"Pommel Strike","floor":11},{"not_picked":["Headbutt","Warcry","Evolve"],"picked":"SKIP","floor":13},{"not_picked":["Pummel","Sword Boomerang","Cleave"],"picked":"SKIP","floor":14},{"not_picked":["Warcry","Shrug It Off"],"picked":"Inflame","floor":18},{"not_picked":["Cleave+1","Blood for Blood"],"picked":"Flex","floor":19},{"not_picked":["Sentinel","Havoc"],"picked":"Clash","floor":21},{"not_picked":["Clash+1","Shrug It Off"],"picked":"Pommel Strike+1","floor":22},{"not_picked":["Sentinel","Whirlwind","Uppercut+1"],"picked":"SKIP","floor":23},{"not_picked":["Shockwave","Havoc+1"],"picked":"Inflame+1","floor":29},{"not_picked":["Rampage","Rupture"],"picked":"Perfected Strike","floor":31}],"player_experience":212719,"relics_obtained":[{"floor":6,"key":"Kunai"},{"floor":8,"key":"MawBank"},{"floor":9,"key":"HornCleat"},{"floor":11,"key":"Odd Mushroom"},{"floor":14,"key":"Toy Ornithopter"},{"floor":23,"key":"Centennial Puzzle"},{"floor":26,"key":"Eternal Feather"},{"floor":31,"key":"Darkstone Periapt"}],"event_choices":[{"damage_healed":0,"gold_gain":0,"player_choice":"Fought Mushrooms","damage_taken":0,"max_hp_gain":0,"max_hp_loss":0,"event_name":"Mushrooms","floor":11,"gold_loss":0},{"damage_healed":26,"gold_gain":0,"player_choice":"Banana","damage_taken":0,"max_hp_gain":0,"max_hp_loss":0,"event_name":"Big Fish","floor":12,"gold_loss":0},{"damage_healed":0,"gold_gain":0,"player_choice":"Obtained Relic","damage_taken":0,"relics_obtained":["White Beast Statue"],"max_hp_gain":0,"max_hp_loss":0,"event_name":"Addict","floor":20,"gold_loss":85},{"damage_healed":0,"gold_gain":0,"player_choice":"Opened","damage_taken":0,"relics_obtained":["Meat on the Bone"],"max_hp_gain":0,"max_hp_loss":0,"event_name":"The Mausoleum","floor":25,"gold_loss":0},{"damage_healed":0,"gold_gain":0,"cards_transformed":["Defend_R"],"player_choice":"Transformed","damage_taken":0,"max_hp_gain":0,"max_hp_loss":0,"event_name":"Transmorgrifier","floor":27,"gold_loss":0,"cards_obtained":["Heavy Blade"]},{"damage_healed":0,"gold_gain":99,"player_choice":"Stole From Cult","damage_taken":0,"max_hp_gain":0,"max_hp_loss":0,"event_name":"Nest","floor":30,"gold_loss":0}],"is_beta":false,"boss_relics":[{"not_picked":["Snecko Eye","Pandora\u0027s Box"],"picked":"Astrolabe"}],"items_purged_floors":[],"is_endless":false,"potions_floor_spawned":[3,5,6,13,16,18,19,21,22,23,29,31],"killed_by":"Automaton","ascension_level":2}}