{"host":"jak4ncvfzor9mys0","time":1610611083,"event":{"mods":["2.2 Compatiblity","AchievementEnabler","BaseMod","Better Altar","Better Match","Better Note","Better Sensory Stone","Better Skull","Better Third Choice","BetterRewards","Block Reminder","Colored Map","Colored Powertips","Energized Spire","Gold Saver","Hubris","Infinite Spire","Key Reminder","Minty Spire (QoL Compilation)","Rare Cards Sparkle","Red Circlet Mod","Relic Sorter","Relic Stats","Replay The Spire","Retaliation","Spicy Shops","StSLib","SuperFastMode","The Blue Laboratory"],"gold_per_floor":[491,491,508,527,239,239,257,257,280,280,135,135,135,145,145,242,242,260,260,260,273,0,0,26,26,50,64,80,80,80,80,80,175,175,186,204,214,119,138,138,138],"floor_reached":40,"language":"ENG","playtime":1345,"items_purged":["Strike_R","Strike_R","Defend_R","Strike_R","Strike_R"],"score":571,"play_id":"d1369efc-01c9-4d34-88a8-18bd9bcb3e14","local_time":"20210113235803","is_ascension_mode":false,"campfire_choices":[{"data":"Twin Strike","floor":15,"key":"SMITH"},{"data":"Juggernaut","floor":23,"key":"SMITH"},{"data":"Shrug It Off","floor":25,"key":"SMITH"},{"data":"Entrench","floor":29,"key":"SMITH"},{"floor":32,"key":"REST"}],"circlet_count":0,"master_deck":["Strike_R","Defend_R","Defend_R","Defend_R","Bash","Twin Strike+1","Twin Strike+1","Juggernaut+1","Shrug It Off+1","Twin Strike+1","Entrench+1","Shrug It Off+1","Shrug It Off+1","Shrug It Off"],"relics":["Burning Blood","hubris:Icosahedron","DDmod:StuhbiRelic","ReplayTheSpireMod:Spearhead","ClockworkSouvenir","Busted Crown","Centennial Puzzle","Peace Pipe","Membership Card","HandDrill","Ring of Chaos"],"acts_visited":["Exordium","TheCity","TheBeyond"],"potions_floor_usage":[16,16,16,21,40],"damage_taken":[{"damage":7,"enemies":"Small Slimes","floor":1,"turns":4},{"damage":1,"enemies":"Cultist","floor":3,"turns":3},{"damage":9,"enemies":"2 Louse","floor":4,"turns":2},{"damage":14,"enemies":"Blue Slaver","floor":7,"turns":5},{"damage":0,"enemies":"Exordium Wildlife","floor":14,"turns":3},{"damage":10,"enemies":"The Guardian","floor":16,"turns":10},{"damage":10,"enemies":"Spheric Guardian","floor":18,"turns":6},{"damage":2,"enemies":"2 Thieves","floor":21,"turns":4},{"damage":23,"enemies":"Gremlin Leader","floor":24,"turns":7},{"damage":0,"enemies":"Chosen and Byrds","floor":27,"turns":5},{"damage":7,"enemies":"Snecko","floor":28,"turns":3},{"damage":17,"enemies":"Automaton","floor":33,"turns":12},{"damage":9,"enemies":"Orb Walker","floor":35,"turns":4},{"damage":4,"enemies":"3 Darklings","floor":36,"turns":6},{"damage":0,"enemies":"Writhing Mass","floor":37,"turns":5},{"damage":0,"enemies":"Sphere and 2 Shapes","floor":39,"turns":8},{"damage":86,"enemies":"Nightmare","floor":40,"turns":10}],"seed_played":"3690560294413485134","potions_obtained":[{"floor":1,"key":"Reflective Coating"},{"floor":7,"key":"Fire Potion"},{"floor":14,"key":"Strength Potion"},{"floor":16,"key":"Fruit Juice"},{"floor":18,"key":"Fire Potion"},{"floor":21,"key":"blueLaboratory:Moonshine"},{"floor":24,"key":"Elixir"},{"floor":33,"key":"blueLaboratory:HorrorPotion"}],"is_trial":false,"path_per_floor":["M","?","M","M","$","R","M","?","T","R","$","R","?","M","R","B",null,"M","AVR","?","M","$","R","E","R","T","M","M","R","?","$","R","B",null,"M","M","M","$","M","NM"],"character_chosen":"IRONCLAD","items_purchased":["Twin Strike","DDmod:StuhbiRelic","ClockworkSouvenir","Shrug It Off","Membership Card","HandDrill","Shrug It Off"],"campfire_rested":1,"item_purchase_floors":[0,5,11,22,31,31,38],"current_hp_per_floor":[79,80,80,77,77,77,69,69,69,69,69,69,69,75,75,76,85,81,81,81,85,85,85,68,68,68,74,73,73,73,53,78,67,85,82,84,85,85,85,0,0],"gold":138,"neow_bonus":"","is_daily":false,"chose_seed":false,"campfire_upgraded":4,"win_rate":0.0,"timestamp":1610611083,"path_taken":["M","?","?","M","$","R","M","?","T","R","$","R","?","M","R","BOSS","M","AVR","?","?","$","R","E","R","T","M","M","R","?","?","R","BOSS","M","M","M","$","M","NM"],"items_purchased_type":["Card","Relic","Relic","Card","Relic","Relic","Card"],"build_version":"2020-12-22","purchased_purges":5,"victory":false,"max_hp_per_floor":[80,80,80,80,80,80,80,80,80,80,80,80,80,80,80,85,85,85,85,85,85,85,85,85,85,85,85,85,85,85,85,85,85,85,85,85,85,85,85,85,85],"relic_stats":{"Peace Pipe":0,"Centennial Puzzle":[21],"Busted Crown":22,"counters":[135,495],"HandDrill":[32],"obtain_stats":[{"Tiny House":17,"CeramicFish":3,"Vajra":197,"Whetstone":4,"Sling":38,"Boot":3,"Sozu":85,"Blood Vial":23,"Centennial Puzzle":20,"HornCleat":31,"DollysMirror":4,"HandDrill":132,"Runic Cube":34,"Pear":205,"hubris:DuctTape":102,"Blue Candle":60,"Oddly Smooth Stone":26,"infinitespire:Beetle Shell":181,"Ring of Chaos":34,"Letter Opener":78,"infinitespire:Magic Flask":22,"War Paint":6,"infinitespire:EvilPickle":84,"SlaversCollar":80,"Replay:Baseball":139,"ReplayTheSpireMod:Spearhead":11,"DDmod:StuhbiRelic":5,"ReplayTheSpireMod:Shallot":48,"infinitespire:Lychee Nut":13,"MutagenicStrength":133,"Bronze Scales":0,"hubris:ToyBattleship":8,"infinitespire:EmpoweringShard":25,"Meat on the Bone":131,"Lantern":59,"Black Blood":153,"Magic Flower":178,"StoneCalendar":43,"Mango":9,"King of Hearts":109,"hubris:SlimyHat":111,"Bag of Preparation":200,"Replay:Mystery Machine":92,"Smiling Mask":156,"Ancient Tea Set":207,"Burning Blood":0,"ClockworkSouvenir":11,"Replay:Bandana":30,"Dream Catcher":193,"TheAbacus":11,"Shovel":189,"hubris:Icosahedron":20,"hubris:Stopwatch":136,"hubris:ScarierMask":17,"WingedGreaves":26,"energizedSpire:DecayingSkull":68,"hubris:GlazedTorus":4,"Potion Belt":102,"Gremlin Food":0,"ReplayTheSpireMod:Ninjato":109,"Quantum Egg":9,"infinitespire:Lucky Rock":57,"Frozen Egg 2":179,"Odd Mushroom":10,"MawBank":10,"Mercury Hourglass":0,"Calling Bell":102,"Peace Pipe":196,"Anchor":0,"CaptainsWheel":31,"Busted Crown":19,"infinitespire:WardingShard":94,"Ornamental Fan":80,"hubris:Spice":99,"Bloody Idol":25,"Turnip":102,"Another Sword":0,"Bag of Marbles":0,"Membership Card":58,"ReplayTheSpireMod:Lightbulb":77,"DDmod:BarbedSlagRelic":79,"infinitespire:Midas Blood":0},{"Tiny House":9,"CeramicFish":90,"Vajra":84,"Whetstone":2,"Sling":18,"Boot":90,"Sozu":37,"Blood Vial":99,"Centennial Puzzle":125,"HornCleat":101,"DollysMirror":90,"HandDrill":57,"Runic Cube":15,"Pear":87,"hubris:DuctTape":44,"Blue Candle":28,"Oddly Smooth Stone":13,"infinitespire:Beetle Shell":77,"Ring of Chaos":130,"Letter Opener":35,"infinitespire:Magic Flask":98,"War Paint":4,"infinitespire:EvilPickle":37,"SlaversCollar":35,"Replay:Baseball":59,"ReplayTheSpireMod:Spearhead":94,"DDmod:StuhbiRelic":121,"ReplayTheSpireMod:Shallot":23,"infinitespire:Lychee Nut":112,"MutagenicStrength":57,"Bronze Scales":89,"hubris:ToyBattleship":6,"infinitespire:EmpoweringShard":13,"Meat on the Bone":57,"Lantern":28,"Black Blood":65,"Magic Flower":75,"StoneCalendar":19,"Mango":93,"King of Hearts":46,"hubris:SlimyHat":46,"Bag of Preparation":85,"Replay:Mystery Machine":40,"Smiling Mask":66,"Ancient Tea Set":88,"Burning Blood":0,"ClockworkSouvenir":122,"Replay:Bandana":13,"Dream Catcher":83,"TheAbacus":6,"Shovel":82,"hubris:Icosahedron":98,"hubris:Stopwatch":58,"hubris:ScarierMask":97,"WingedGreaves":100,"energizedSpire:DecayingSkull":32,"hubris:GlazedTorus":90,"Potion Belt":44,"Gremlin Food":89,"ReplayTheSpireMod:Ninjato":46,"Quantum Egg":6,"infinitespire:Lucky Rock":28,"Frozen Egg 2":75,"Odd Mushroom":112,"MawBank":94,"Mercury Hourglass":89,"Calling Bell":44,"Peace Pipe":84,"Anchor":89,"CaptainsWheel":101,"Busted Crown":125,"infinitespire:WardingShard":40,"Ornamental Fan":35,"hubris:Spice":43,"Bloody Idol":100,"Turnip":44,"Another Sword":106,"Bag of Marbles":89,"Membership Card":28,"ReplayTheSpireMod:Lightbulb":35,"DDmod:BarbedSlagRelic":35,"infinitespire:Midas Blood":89},{"Tiny House":46,"CeramicFish":267,"Vajra":252,"Whetstone":10,"Sling":91,"Boot":267,"Sozu":161,"Blood Vial":307,"Centennial Puzzle":431,"HornCleat":316,"DollysMirror":267,"HandDrill":204,"Runic Cube":76,"Pear":257,"hubris:DuctTape":184,"Blue Candle":136,"Oddly Smooth Stone":62,"infinitespire:Beetle Shell":240,"Ring of Chaos":462,"Letter Opener":153,"infinitespire:Magic Flask":297,"War Paint":22,"infinitespire:EvilPickle":161,"SlaversCollar":153,"Replay:Baseball":209,"ReplayTheSpireMod:Spearhead":279,"DDmod:StuhbiRelic":407,"ReplayTheSpireMod:Shallot":115,"infinitespire:Lychee Nut":365,"MutagenicStrength":204,"Bronze Scales":264,"hubris:ToyBattleship":31,"infinitespire:EmpoweringShard":62,"Meat on the Bone":204,"Lantern":136,"Black Blood":222,"Magic Flower":237,"StoneCalendar":95,"Mango":275,"King of Hearts":186,"hubris:SlimyHat":186,"Bag of Preparation":254,"Replay:Mystery Machine":169,"Smiling Mask":223,"Ancient Tea Set":258,"Burning Blood":0,"ClockworkSouvenir":412,"Replay:Bandana":62,"Dream Catcher":250,"TheAbacus":31,"Shovel":249,"hubris:Icosahedron":297,"hubris:Stopwatch":207,"hubris:ScarierMask":294,"WingedGreaves":311,"energizedSpire:DecayingSkull":146,"hubris:GlazedTorus":267,"Potion Belt":184,"Gremlin Food":264,"ReplayTheSpireMod:Ninjato":186,"Quantum Egg":31,"infinitespire:Lucky Rock":136,"Frozen Egg 2":237,"Odd Mushroom":365,"MawBank":279,"Mercury Hourglass":264,"Calling Bell":184,"Peace Pipe":252,"Anchor":264,"CaptainsWheel":316,"Busted Crown":431,"infinitespire:WardingShard":169,"Ornamental Fan":153,"hubris:Spice":179,"Bloody Idol":311,"Turnip":184,"Another Sword":348,"Bag of Marbles":264,"Membership Card":136,"ReplayTheSpireMod:Lightbulb":153,"DDmod:BarbedSlagRelic":153,"infinitespire:Midas Blood":264}],"Burning Blood":426},"card_choices":[{"not_picked":["DDmod:EasePowerCard","Replay:Undeath\u0027s Touch","Blood for Blood"],"picked":"SKIP","floor":1},{"not_picked":["Evolve","DDmod:EasePowerCard","Armaments"],"picked":"SKIP","floor":3},{"not_picked":["Reckless Charge","Ghostly Armor","DDmod:SpikedSkill"],"picked":"SKIP","floor":4},{"not_picked":["Disarm","Uppercut","DDmod:EasePowerCard"],"picked":"SKIP","floor":7},{"not_picked":["DDmod:CallousedSkill","ReplayReversal"],"picked":"Twin Strike","floor":14},{"not_picked":["DDmod:AllInSkill","Reaper"],"picked":"Juggernaut","floor":16},{"not_picked":["DDmod:ScaleUpSkill","Hemokinesis","DDmod:PokeAttack+1"],"picked":"SKIP","floor":18},{"not_picked":["ReplayTheSpireMod:Strike From Hell"],"picked":"SKIP","floor":21},{"not_picked":["DDmod:PokeAttack"],"picked":"SKIP","floor":24},{"not_picked":[],"picked":"Twin Strike+1","floor":27},{"not_picked":[],"picked":"Entrench","floor":28},{"not_picked":[],"picked":"Shrug It Off+1","floor":35},{"not_picked":[],"picked":"Shrug It Off+1","floor":36},{"not_picked":["Feel No Pain"],"picked":"SKIP","floor":37},{"not_picked":["DDmod:SpikedSkill"],"picked":"SKIP","floor":39}],"player_experience":2756347,"relics_obtained":[{"floor":9,"key":"ReplayTheSpireMod:Spearhead"},{"floor":24,"key":"Peace Pipe"}],"event_choices":[{"damage_healed":1,"gold_gain":0,"player_choice":"Full Heal","damage_taken":0,"max_hp_gain":0,"max_hp_loss":0,"event_name":"Wheel of Change","floor":2,"gold_loss":0},{"damage_healed":0,"gold_gain":0,"player_choice":"Gave Potion","damage_taken":0,"relics_obtained":["Centennial Puzzle"],"max_hp_gain":0,"max_hp_loss":0,"event_name":"WeMeetAgain","floor":20,"gold_loss":0},{"damage_healed":0,"gold_gain":0,"player_choice":"Ignored","damage_taken":0,"max_hp_gain":0,"max_hp_loss":0,"event_name":"Transmorgrifier","floor":30,"gold_loss":0}],"is_beta":false,"boss_relics":[{"not_picked":["infinitespire:Cupcake","Fusion Hammer","Ooze Armor"]},{"not_picked":["Electric Blood","energizedSpire:DecayingSkull"],"picked":"Ring of Chaos"}],"items_purged_floors":[0,19,22,22,38],"is_endless":false,"potions_floor_spawned":[1,7,14,16,18,21,24,33,36],"killed_by":"Nightmare","ascension_level":0}}