{"host":"l7l2v2zs4hqku4vk","time":1610621496,"event":{"mods":["Act Like it!","BaseMod","Colored Powertips","Highlight Path","Minty Spire (QoL Compilation)","Replay The Spire","RumiaBox-露米娅的神秘盒子","StSLib","TestMod","The Servant 0.9.4","篝火指南"],"gold_per_floor":[114,129,144,159,84,114,129,144,169,169,184,184,84,99,99,199,199,214,229,244,259,109,109,123,123,147,147,161,175,50,79,79,178,178,192,206,206,220,234,234,263,263,312,326,340,340,190,1188,563,563],"floor_reached":51,"language":"ZHS","playtime":2516,"items_purged":["Replay:Poison Smokescreen","Poisoned Stab","Languid","Heel Hook","Poisoned Stab"],"score":632,"play_id":"a5a0b6cb-0bf7-4146-a72d-919c4bd44b8c","local_time":"20210114185136","daily_mods":["Insanity","Uncertain Future","Binary"],"is_ascension_mode":false,"campfire_choices":[{"floor":12,"key":"REST"},{"data":"Skewer","floor":15,"key":"SMITH"},{"data":"Burst","floor":23,"key":"SMITH"},{"data":"ReplayTheSpireMod:Scrap Shanks","floor":27,"key":"SMITH"},{"data":"Poison Darts","floor":32,"key":"SMITH"},{"data":"Tactician","floor":40,"key":"SMITH"},{"data":"Accuracy","floor":42,"key":"SMITH"}],"circlet_count":0,"master_deck":["Backstab","Blade Dance","All Out Attack","Infinite Blades","Deadly Poison","Skewer+1","Dodge and Roll","Flechettes","Slice","Sucker Punch","Acrobatics","Expertise","Backflip","Crippling Poison","Catalyst","Tactician+1","ReplayTheSpireMod:Scrap Shanks+1","Cloak And Dagger","Dagger Spray","Quick Slash","Acrobatics","Quick Slash","Backflip","Crippling Poison","Acrobatics","Underhanded Strike","PiercingWail","Replay:Poison Smokescreen","Hidden Blade","Draining Mist","Bane","Slice","Prepared","Hidden Blade","ReplayTheSpireMod:Exploit Weakness","Toxin Wave","Eviscerate","Choke","Quick Slash","Noxious Fumes","Eviscerate","Bane","Accuracy+1","Slice","Well Laid Plans","Poison Darts+1","Burst+1","Midas Touch","Footwork"],"relics":["Ring of the Snake","testmod-TestBox","testmod-LifeArmor","Ancient Tea Set","Ring of Panic","testmod-Fanaticism","testmod-Charity","Anchor","Lantern","ReplayTheSpireMod:Lightbulb","testmod-TimeTraveler","Bronze Scales","Strawberry","testmod-IntensifyImprint","TwistedFunnel"],"acts_visited":["Exordium","TheCity","TheBeyond"],"potions_floor_usage":[4,16,16,16,33,33,33,45,50],"damage_taken":[{"damage":0,"enemies":"Cultist","floor":1,"turns":2},{"damage":3,"enemies":"2 Louse","floor":2,"turns":2},{"damage":4,"enemies":"Small Slimes","floor":3,"turns":2},{"damage":0,"enemies":"Blue Slaver","floor":4,"turns":2},{"damage":26,"enemies":"Gremlin Nob","floor":6,"turns":4},{"damage":7,"enemies":"3 Louse","floor":7,"turns":2},{"damage":0,"enemies":"Gremlin Gang","floor":8,"turns":2},{"damage":13,"enemies":"Red Slaver","floor":11,"turns":4},{"damage":0,"enemies":"Blue Slaver","floor":14,"turns":1},{"damage":14,"enemies":"Fading Forest","floor":16,"turns":11},{"damage":0,"enemies":"Chosen","floor":18,"turns":2},{"damage":0,"enemies":"2 Thieves","floor":19,"turns":1},{"damage":0,"enemies":"Centurion and Healer","floor":20,"turns":2},{"damage":6,"enemies":"Snake Plant","floor":21,"turns":2},{"damage":0,"enemies":"Sentry and Sphere","floor":24,"turns":2},{"damage":0,"enemies":"Snecko","floor":28,"turns":2},{"damage":0,"enemies":"Snake Plant","floor":29,"turns":2},{"damage":13,"enemies":"Gremlin Leader","floor":31,"turns":4},{"damage":68,"enemies":"Collector","floor":33,"turns":6},{"damage":8,"enemies":"Orb Walker","floor":35,"turns":2},{"damage":0,"enemies":"3 Darklings","floor":36,"turns":3},{"damage":10,"enemies":"Writhing Mass","floor":38,"turns":3},{"damage":24,"enemies":"Spire Growth","floor":39,"turns":4},{"damage":50,"enemies":"Nemesis","floor":41,"turns":5},{"damage":25,"enemies":"4 Shapes","floor":44,"turns":3},{"damage":37,"enemies":"Writhing Mass","floor":45,"turns":3},{"damage":30,"enemies":"Replay:Hell Engine","floor":50,"turns":4}],"seed_played":"-4891952413640654339","potions_obtained":[{"floor":1,"key":"Energy Potion"},{"floor":2,"key":"SteroidPotion"},{"floor":7,"key":"EssenceOfSteel"},{"floor":11,"key":"Milkshake"},{"floor":16,"key":"Dexterity Potion"},{"floor":18,"key":"BlessingOfTheForge"},{"floor":21,"key":"SneckoOil"},{"floor":28,"key":"ColorlessPotion"},{"floor":35,"key":"GhostInAJar"},{"floor":38,"key":"FearPotion"},{"floor":41,"key":"Swift Potion"}],"is_trial":false,"path_per_floor":["M","M","M","M","$","E","M","M","T","?","M","R","$","M","R","B",null,"M","M","M","M","$","R","M","?","T","R","M","M","$","E","R","B",null,"M","M","?","M","M","R","E","R","T","M","M","?","$","?","R","B",null],"character_chosen":"THE_SILENT","items_purchased":["testmod-Charity","testmod-IntensifyImprint","TwistedFunnel"],"campfire_rested":1,"item_purchase_floors":[22,49,49],"current_hp_per_floor":[70,67,63,63,63,37,30,30,30,30,17,38,38,38,38,42,70,70,70,70,68,68,68,69,69,70,70,71,72,72,75,75,51,76,75,76,66,64,63,63,50,50,58,55,49,49,49,50,50,92],"gold":563,"neow_bonus":"","is_daily":true,"chose_seed":false,"campfire_upgraded":6,"win_rate":0.0,"timestamp":1610621496,"path_taken":["M","M","M","?","?","E","M","M","T","?","M","R","$","M","R","BOSS","M","M","M","M","$","R","M","?","T","R","M","?","?","E","R","BOSS","M","M","?","M","M","R","E","R","T","M","M","?","$","?","R","BOSS"],"items_purchased_type":["Relic","Relic","Relic"],"build_version":"2020-12-22","purchased_purges":5,"victory":true,"max_hp_per_floor":[70,70,70,70,70,70,70,70,70,70,70,70,70,70,70,70,70,70,70,70,70,70,70,71,71,72,72,73,74,74,75,75,76,76,77,78,78,79,80,80,81,81,89,90,91,91,91,92,92,92],"card_choices":[{"not_picked":["Hidden Blade","Cloak And Dagger"],"picked":"SKIP","floor":1},{"not_picked":["Dagger Spray","Bane"],"picked":"SKIP","floor":2},{"not_picked":["Flying Knee","Sucker Punch"],"picked":"SKIP","floor":3},{"not_picked":["Underhanded Strike","Dodge and Roll"],"picked":"SKIP","floor":4},{"not_picked":["Blur","Dagger Spray"],"picked":"SKIP","floor":6},{"not_picked":["Cloak And Dagger"],"picked":"Well Laid Plans","floor":7},{"not_picked":["Corpse Explosion","Deadly Poison"],"picked":"SKIP","floor":8},{"not_picked":["Underhanded Strike","Blade Dance"],"picked":"SKIP","floor":11},{"not_picked":["Escape Plan","Bane"],"picked":"SKIP","floor":14},{"not_picked":["ReplayTheSpireMod:From All Sides"],"picked":"Poison Darts","floor":16},{"not_picked":["Slice+1","Prepared+1"],"picked":"SKIP","floor":18},{"not_picked":["Prepared"],"picked":"Burst","floor":19},{"not_picked":["Deadly Poison","Prepared+1"],"picked":"SKIP","floor":20},{"not_picked":["PiercingWail","Prepared+1"],"picked":"SKIP","floor":21},{"not_picked":["Outmaneuver+1","Slice"],"picked":"SKIP","floor":24},{"not_picked":["Bane","Outmaneuver"],"picked":"SKIP","floor":28},{"not_picked":["Blade Dance","Prepared"],"picked":"SKIP","floor":29},{"not_picked":["Wraith Form v2","Sucker Punch"],"picked":"SKIP","floor":31},{"not_picked":["Acrobatics+1","Fluid Movement+1"],"picked":"SKIP","floor":35},{"not_picked":["Cloak And Dagger","Dash+1"],"picked":"SKIP","floor":36},{"not_picked":["Replay:BasicMightCard"],"picked":"Midas Touch","floor":37},{"not_picked":["Sucker Punch","ReplayTheSpireMod:Scrap Shanks+1"],"picked":"SKIP","floor":38},{"not_picked":["Dagger Spray","Blur"],"picked":"SKIP","floor":39},{"not_picked":["Terror+1","Hidden Blade+1"],"picked":"SKIP","floor":41},{"not_picked":["Acrobatics","Tactician"],"picked":"SKIP","floor":44},{"not_picked":["Setup+1"],"picked":"Footwork","floor":45}],"player_experience":1699363,"relics_obtained":[{"floor":6,"key":"testmod-LifeArmor"},{"floor":9,"key":"Ancient Tea Set"},{"floor":10,"key":"Ring of Panic"},{"floor":26,"key":"Lantern"},{"floor":31,"key":"ReplayTheSpireMod:Lightbulb"},{"floor":41,"key":"Bronze Scales"},{"floor":43,"key":"Strawberry"}],"event_choices":[{"damage_healed":0,"gold_gain":0,"player_choice":"Memory 3","damage_taken":10,"max_hp_gain":0,"max_hp_loss":0,"event_name":"SensoryStone","floor":37,"gold_loss":0},{"cards_removed":["Outmaneuver"],"damage_healed":0,"gold_gain":0,"player_choice":"Removed Skill","damage_taken":0,"max_hp_gain":0,"max_hp_loss":0,"event_name":"Falling","floor":46,"gold_loss":0},{"damage_healed":0,"gold_gain":999,"player_choice":"Sell","damage_taken":0,"max_hp_gain":0,"max_hp_loss":0,"event_name":"恩洛斯的盘子","floor":48,"relics_lost":["testmod-Temperance"],"gold_loss":0}],"is_beta":false,"boss_relics":[{"not_picked":["Painkiller Herb","EasyGame_NEW"],"picked":"testmod-Fanaticism"},{"not_picked":["testmod-Nine","testmod-StringDisintegrator"],"picked":"testmod-TimeTraveler"}],"items_purged_floors":[5,13,30,47,49],"is_endless":false,"potions_floor_spawned":[1,2,7,11,16,18,21,28,35,38,41,44],"ascension_level":0}}