{"host":"xh3brefae6wm9kl8","time":1610615969,"event":{"mods":["AchievementEnabler","BaseMod","GifTheSpireLib","Keyboard Shortcuts","Minty Spire (QoL Compilation)","Permanent Neow","Relic Stats","StSLib","SuperFastMode"],"gold_per_floor":[211,229,241,241,254,254,266,284,311,323,339,339,349,33,33,129,129,149,169,189,12,12,40,40,54,103,137,137,156,181,201,201,300,350,360,89,0,0,16,16,43,58,110,110,130,165,165,182,182,182],"floor_reached":51,"language":"KOR","playtime":2940,"items_purged":["Strike_G","Strike_G","Strike_G"],"score":1336,"play_id":"f6edeedb-0b80-433f-bb4e-b66a5dd41241","local_time":"20210114181929","is_ascension_mode":true,"campfire_choices":[{"data":"Neutralize","floor":6.0,"key":"SMITH"},{"floor":12.0,"key":"REST"},{"data":"Apotheosis","floor":15.0,"key":"SMITH"},{"floor":24.0,"key":"REST"},{"floor":28.0,"key":"REST"},{"floor":32.0,"key":"REST"},{"floor":40,"key":"REST"},{"floor":49,"key":"REST"}],"circlet_count":0,"master_deck":["AscendersBane","Defend_G","Defend_G","Defend_G","Defend_G","Survivor","Dagger Spray","Quick Slash+1","Corpse Explosion","Dagger Throw+1","Dash","Noxious Fumes","Apotheosis+1","Catalyst","Calculated Gamble+1","After Image","Dodge and Roll","Footwork+1","PiercingWail","Adrenaline+1","Burst","Acrobatics","Finesse","Well Laid Plans","Bouncing Flask","Backflip+1"],"relics":["Ring of the Snake","Whetstone","Fusion Hammer","Pantograph","Omamori","Dream Catcher","Akabeko","Tiny House","Bag of Preparation","Red Mask","InkBottle","Art of War","Juzu Bracelet"],"acts_visited":["Exordium","TheCity","TheBeyond"],"potions_floor_usage":[50],"damage_taken":[{"damage":0.0,"enemies":"Small Slimes","floor":1.0,"turns":3.0},{"damage":3.0,"enemies":"Cultist","floor":2.0,"turns":4.0},{"damage":4.0,"enemies":"Jaw Worm","floor":3.0,"turns":6.0},{"damage":27.0,"enemies":"Exordium Wildlife","floor":5.0,"turns":4.0},{"damage":16.0,"enemies":"Exordium Thugs","floor":7.0,"turns":4.0},{"damage":0.0,"enemies":"2 Fungi Beasts","floor":8.0,"turns":4.0},{"damage":6.0,"enemies":"Looter","floor":10.0,"turns":4.0},{"damage":4.0,"enemies":"Large Slime","floor":11.0,"turns":5.0},{"damage":1.0,"enemies":"Exordium Thugs","floor":13.0,"turns":4.0},{"damage":14.0,"enemies":"Hexaghost","floor":16.0,"turns":9.0},{"damage":13.0,"enemies":"Spheric Guardian","floor":18.0,"turns":4.0},{"damage":11.0,"enemies":"2 Thieves","floor":19.0,"turns":4.0},{"damage":0.0,"enemies":"3 Cultists","floor":20.0,"turns":3.0},{"damage":23.0,"enemies":"Slavers","floor":23.0,"turns":3.0},{"damage":5.0,"enemies":"Shelled Parasite and Fungi","floor":25.0,"turns":6.0},{"damage":0.0,"enemies":"Gremlin Leader","floor":27.0,"turns":6.0},{"damage":0.0,"enemies":"Cultist and Chosen","floor":29.0,"turns":4.0},{"damage":16.0,"enemies":"Slavers","floor":30.0,"turns":3.0},{"damage":0.0,"enemies":"Centurion and Healer","floor":31.0,"turns":3.0},{"damage":62.0,"enemies":"Champ","floor":33.0,"turns":14.0},{"damage":8.0,"enemies":"3 Darklings","floor":35.0,"turns":4.0},{"damage":1,"enemies":"Orb Walker","floor":39,"turns":4},{"damage":10,"enemies":"Reptomancer","floor":41,"turns":7},{"damage":0,"enemies":"3 Darklings","floor":42,"turns":2},{"damage":4,"enemies":"Transient","floor":45,"turns":5},{"damage":2,"enemies":"Giant Head","floor":46,"turns":6},{"damage":0,"enemies":"Sphere and 2 Shapes","floor":48,"turns":1},{"damage":29,"enemies":"Donu and Deca","floor":50,"turns":4}],"seed_played":"-3694438946950364939","potions_obtained":[{"floor":1.0,"key":"SkillPotion"},{"floor":2.0,"key":"Strength Potion"},{"floor":7.0,"key":"LiquidBronze"},{"floor":27.0,"key":"Fire Potion"},{"floor":30.0,"key":"BlessingOfTheForge"},{"floor":31.0,"key":"Ancient Potion"},{"floor":33.0,"key":"Fruit Juice"},{"floor":34.0,"key":"Explosive Potion"},{"floor":45,"key":"Regen Potion"}],"is_trial":false,"path_per_floor":["M","M","M","?","M","R","M","M","T","M","M","R","M","$","R","B",null,"M","M","M","$","?","E","R","M","T","E","R","M","E","M","R","B",null,"M","$","?","?","M","R","E","M","T","?","M","E","?","M","R","B",null],"character_chosen":"THE_SILENT","items_purchased":["Apotheosis","Catalyst","DuplicationPotion","Bag of Preparation"],"campfire_rested":6,"item_purchase_floors":[14,14,21,36],"current_hp_per_floor":[63,60,56,56,29,29,13,13,13,7,3,24,23,23,23,9,55,42,31,31,31,31,8,29,24,24,24,45,45,29,29,50,8,65,57,57,57,57,56,80,70,70,70,70,66,64,64,64,80,51],"gold":182,"neow_bonus":"HUNDRED_GOLD","is_daily":false,"chose_seed":false,"campfire_upgraded":2,"win_rate":0.0,"timestamp":1610615969,"path_taken":["M","M","M","?","M","R","M","M","T","M","?","R","?","$","R","BOSS","M","M","?","$","?","E","R","M","T","E","R","M","E","M","R","BOSS","M","$","?","?","?","R","E","M","T","?","M","E","?","M","R","BOSS"],"items_purchased_type":["Card","Card","Potion","Relic"],"build_version":"2020-12-22","purchased_purges":3,"victory":true,"max_hp_per_floor":[70,70,70,70,70,70,70,70,70,70,70,70,70,70,70,70,70,70,70,70,70,70,70,70,70,70,70,70,70,70,70,70,70,80,80,80,80,80,80,80,80,80,80,80,80,80,80,80,80,80],"relic_stats":{"Dream Catcher":4,"counters":[28,130],"Pantograph":20,"Bag of Preparation":[14],"Art of War":[4],"Juzu Bracelet":0,"Whetstone":["Quick Slash","Dagger Throw"],"obtain_stats":[{"Tiny House":34,"Omamori":26,"Bag of Preparation":36,"Juzu Bracelet":46,"Whetstone":9,"Akabeko":30,"Dream Catcher":27,"Pantograph":23,"Fusion Hammer":17,"Red Mask":37,"Art of War":43,"InkBottle":41,"Ring of the Snake":0},{"Tiny House":20,"Omamori":15,"Bag of Preparation":21,"Juzu Bracelet":26,"Whetstone":6,"Akabeko":18,"Dream Catcher":16,"Pantograph":14,"Fusion Hammer":10,"Red Mask":21,"Art of War":24,"InkBottle":23,"Ring of the Snake":0},{"Tiny House":97,"Omamori":67,"Bag of Preparation":101,"Juzu Bracelet":125,"Whetstone":25,"Akabeko":80,"Dream Catcher":73,"Pantograph":61,"Fusion Hammer":47,"Red Mask":101,"Art of War":114,"InkBottle":112,"Ring of the Snake":0}],"InkBottle":[10],"Ring of the Snake":[56]},"card_choices":[{"not_picked":["Setup","Tactician"],"picked":"Dagger Spray","floor":1.0},{"not_picked":["Caltrops","Slice"],"picked":"Quick Slash","floor":2.0},{"not_picked":["Quick Slash","Skewer"],"picked":"Corpse Explosion","floor":3.0},{"not_picked":["Prepared","Infinite Blades"],"picked":"Dagger Throw","floor":5.0},{"not_picked":["Caltrops","Crippling Poison"],"picked":"Dash","floor":7.0},{"not_picked":["Bouncing Flask","Acrobatics","Blur"],"picked":"SKIP","floor":8.0},{"not_picked":["Prepared","Sucker Punch","Crippling Poison"],"picked":"SKIP","floor":10.0},{"not_picked":["Choke","Escape Plan"],"picked":"Noxious Fumes","floor":11.0},{"not_picked":["Bullet Time","Distraction","Calculated Gamble"],"picked":"SKIP","floor":13.0},{"not_picked":["Endless Agony","Acrobatics+1","Slice"],"picked":"SKIP","floor":18.0},{"not_picked":["Dodge and Roll","Sucker Punch","Endless Agony"],"picked":"SKIP","floor":19.0},{"not_picked":["Cloak And Dagger","Quick Slash+1"],"picked":"Calculated Gamble+1","floor":20.0},{"not_picked":["Finisher","All Out Attack"],"picked":"Footwork+1","floor":23.0},{"not_picked":["Underhanded Strike","Heel Hook","Prepared+1"],"picked":"SKIP","floor":25.0},{"not_picked":["Bane","Terror+1"],"picked":"PiercingWail","floor":27.0},{"not_picked":["Deflect","Poisoned Stab","Sucker Punch+1"],"picked":"SKIP","floor":29.0},{"not_picked":["Sucker Punch+1","Bane"],"picked":"Adrenaline","floor":30.0},{"not_picked":["Masterful Stab","Blade Dance+1","Cloak And Dagger"],"picked":"SKIP","floor":31.0},{"not_picked":["Malaise","Storm of Steel"],"picked":"Burst","floor":33.0},{"not_picked":["Blade Dance","Bane+1"],"picked":"Acrobatics","floor":34.0},{"not_picked":["Sucker Punch","Prepared","Deflect"],"picked":"SKIP","floor":35.0},{"not_picked":["Riddle With Holes+1","Poisoned Stab","PiercingWail"],"picked":"SKIP","floor":39},{"not_picked":["Phantasmal Killer","Night Terror","Calculated Gamble+1"],"picked":"SKIP","floor":41},{"not_picked":["Sucker Punch+1","Outmaneuver+1","Dagger Spray+1"],"picked":"SKIP","floor":42},{"not_picked":["Acrobatics+1","Cloak And Dagger"],"picked":"Bouncing Flask","floor":45},{"not_picked":["All Out Attack+1","Calculated Gamble","Dagger Spray"],"picked":"SKIP","floor":46},{"not_picked":["Dagger Throw+1","Prepared"],"picked":"Backflip+1","floor":48}],"player_experience":381066,"relics_obtained":[{"floor":9.0,"key":"Whetstone"},{"floor":23.0,"key":"Pantograph"},{"floor":26.0,"key":"Omamori"},{"floor":27.0,"key":"Dream Catcher"},{"floor":30.0,"key":"Akabeko"},{"floor":41,"key":"InkBottle"},{"floor":43,"key":"Art of War"},{"floor":46,"key":"Juzu Bracelet"}],"event_choices":[{"cards_removed":["Strike_G"],"damage_healed":0.0,"max_hp_gain":0.0,"max_hp_loss":0.0,"gold_gain":0.0,"event_name":"Bonfire Elementals","player_choice":"Offered Basic","floor":4.0,"gold_loss":0.0,"damage_taken":0.0},{"damage_healed":0.0,"max_hp_gain":0.0,"max_hp_loss":0.0,"gold_gain":0.0,"cards_transformed":["Defend_G","Strike_G"],"event_name":"Drug Dealer","player_choice":"Became Test Subject","floor":22.0,"gold_loss":0.0,"damage_taken":0.0,"cards_obtained":["After Image","Dodge and Roll"]},{"damage_healed":0.0,"max_hp_gain":0.0,"max_hp_loss":0.0,"gold_gain":0.0,"event_name":"Tomb of Lord Red Mask","player_choice":"Paid","floor":37.0,"gold_loss":89.0,"damage_taken":0.0,"relics_obtained":["Red Mask"]},{"damage_healed":0,"gold_gain":0,"player_choice":"2 cards matched","damage_taken":0,"max_hp_gain":0,"max_hp_loss":0,"event_name":"Match and Keep!","floor":38,"gold_loss":0,"cards_obtained":["Finesse","Well Laid Plans"]},{"damage_healed":0,"gold_gain":0,"player_choice":"Memory 1","damage_taken":0,"max_hp_gain":0,"max_hp_loss":0,"event_name":"SensoryStone","floor":44,"gold_loss":0},{"cards_removed":["Neutralize"],"damage_healed":0,"gold_gain":0,"player_choice":"Removed Attack","damage_taken":0,"max_hp_gain":0,"max_hp_loss":0,"event_name":"Falling","floor":47,"gold_loss":0}],"is_beta":false,"boss_relics":[{"not_picked":["Calling Bell","HoveringKite"],"picked":"Fusion Hammer"},{"not_picked":["WristBlade","Sozu"],"picked":"Tiny House"}],"items_purged_floors":[14,21,36],"is_endless":false,"potions_floor_spawned":[1,2,3,7,27,30,31,33,35,41,45,46],"ascension_level":11}}