{"host":"i1h39d0gfh5c6uxl","time":1610619476,"event":{"mods":["AchievementEnabler","BaseMod","Colored Map","Colored Powertips","Highlight Path","Minty Spire (QoL Compilation)"],"gold_per_floor":[99,99,99,99,99,99,99,23,23,23,23,23,8,0,0,0,0,0,0,0,0,0,0,0,0,0,0,0,0,0,0,0,0,0,0,0,0,0,0,0,0,0,0,0,0,0,0,0,0,0,0],"floor_reached":50,"language":"ENG","playtime":2826,"items_purged":[],"score":497,"play_id":"2c4afb02-2cd1-47d4-8647-f2b3686e21fa","local_time":"20210114181756","is_ascension_mode":false,"campfire_choices":[{"data":"Eruption","floor":7.0,"key":"SMITH"},{"data":"Conclude","floor":10.0,"key":"SMITH"},{"data":"Fasting2","floor":15.0,"key":"SMITH"},{"data":"ClearTheMind","floor":23.0,"key":"SMITH"},{"data":"Judgement","floor":25.0,"key":"SMITH"},{"floor":30.0,"key":"REST"},{"data":"Tantrum","floor":32.0,"key":"SMITH"},{"floor":40.0,"key":"REST"},{"floor":42.0,"key":"REST"},{"floor":44.0,"key":"REST"},{"floor":49.0,"key":"REST"}],"circlet_count":0,"master_deck":["Strike_P","Strike_P","Defend_P","Defend_P","Defend_P","Eruption+1","Vigilance","Wallop","Conclude+1","CutThroughFate","CarveReality","Tantrum+1","Fasting2+1","EmptyBody","EmptyFist","LessonLearned","ClearTheMind+1","Judgement+1","ThirdEye+1","EmptyFist+1","Omniscience","Protect+1","Evaluate+1","FlurryOfBlows+1","Madness","Madness","JustLucky"],"relics":["Ectoplasm"],"acts_visited":["Exordium","TheCity","TheBeyond"],"potions_floor_usage":[50,50],"damage_taken":[{"damage":0.0,"enemies":"Small Slimes","floor":1.0,"turns":2.0},{"damage":1.0,"enemies":"2 Louse","floor":2.0,"turns":3.0},{"damage":8.0,"enemies":"Gremlin Nob","floor":6.0,"turns":3.0},{"damage":0.0,"enemies":"3 Sentries","floor":11.0,"turns":3.0},{"damage":0.0,"enemies":"Cultist","floor":12.0,"turns":1.0},{"damage":0.0,"enemies":"Looter","floor":13.0,"turns":2.0},{"damage":4.0,"enemies":"Exordium Thugs","floor":14.0,"turns":3.0},{"damage":14.0,"enemies":"The Guardian","floor":16.0,"turns":9.0},{"damage":0.0,"enemies":"Spheric Guardian","floor":18.0,"turns":1.0},{"damage":7.0,"enemies":"2 Thieves","floor":20.0,"turns":3.0},{"damage":5.0,"enemies":"Centurion and Healer","floor":24.0,"turns":4.0},{"damage":0.0,"enemies":"Snake Plant","floor":27.0,"turns":2.0},{"damage":18.0,"enemies":"Gremlin Leader","floor":28.0,"turns":4.0},{"damage":0.0,"enemies":"Snecko","floor":31.0,"turns":4.0},{"damage":38.0,"enemies":"Champ","floor":33.0,"turns":9.0},{"damage":16.0,"enemies":"3 Shapes","floor":35.0,"turns":8.0},{"damage":16.0,"enemies":"3 Darklings","floor":37.0,"turns":7.0},{"damage":10.0,"enemies":"Jaw Worm Horde","floor":38.0,"turns":4.0},{"damage":0.0,"enemies":"Mind Bloom Boss Battle","floor":39.0,"turns":5.0},{"damage":47.0,"enemies":"Maw","floor":41.0,"turns":11.0},{"damage":19.0,"enemies":"3 Darklings","floor":46.0,"turns":4.0},{"damage":2.0,"enemies":"Transient","floor":48.0,"turns":5.0},{"damage":61,"enemies":"Donu and Deca","floor":50,"turns":7}],"seed_played":"-3569696877866008809","potions_obtained":[{"floor":1.0,"key":"EntropicBrew"},{"floor":11.0,"key":"SpeedPotion"},{"floor":12.0,"key":"StancePotion"},{"floor":16.0,"key":"Ancient Potion"},{"floor":28.0,"key":"EntropicBrew"},{"floor":33.0,"key":"FearPotion"},{"floor":37.0,"key":"BottledMiracle"},{"floor":48.0,"key":"EssenceOfSteel"}],"is_trial":false,"path_per_floor":["M","M","?","?","?","E","R","$","T","R","E","M","M","M","R","B",null,"M","?","M","$","?","R","M","R","T","M","E","?","R","M","R","B",null,"M","?","M","M","?","R","M","R","T","R","?","M","?","M","R","B"],"character_chosen":"WATCHER","items_purchased":["CarveReality"],"campfire_rested":5,"item_purchase_floors":[8],"current_hp_per_floor":[72,71,76,69,69,61,61,61,61,61,61,61,61,57,57,43,77,77,77,70,70,70,70,65,65,65,65,47,47,70,70,70,32,77,61,61,45,35,35,58,11,34,34,57,47,28,28,26,49,0,0],"gold":0,"neow_bonus":"BOSS_RELIC","is_daily":false,"chose_seed":false,"campfire_upgraded":6,"win_rate":0.0,"timestamp":1610619476,"path_taken":["M","M","?","?","?","E","R","$","T","R","E","M","M","?","R","BOSS","M","?","M","?","?","R","M","R","T","?","E","?","R","M","R","BOSS","M","?","M","?","?","R","M","R","T","R","?","M","?","M","R","BOSS"],"items_purchased_type":["Card"],"build_version":"2020-12-22","purchased_purges":0,"victory":false,"max_hp_per_floor":[72,72,77,77,77,77,77,77,77,77,77,77,77,77,77,77,77,77,77,77,77,77,77,77,77,77,77,77,77,77,77,77,77,77,77,77,77,77,77,77,77,77,77,77,77,77,77,77,77,77,77],"card_choices":[{"not_picked":["EmptyMind","EmptyBody"],"picked":"Wallop","floor":1.0},{"not_picked":["Halt","Prostrate"],"picked":"Conclude","floor":2.0},{"not_picked":["Prostrate","JustLucky"],"picked":"CutThroughFate","floor":6.0},{"not_picked":["FlurryOfBlows","Weave"],"picked":"Tantrum","floor":11.0},{"not_picked":["SashWhip","Indignation"],"picked":"Fasting2","floor":12.0},{"not_picked":["FlyingSleeves","Conclude"],"picked":"EmptyBody","floor":13.0},{"not_picked":["Sanctity","DeceiveReality"],"picked":"EmptyFist","floor":14.0},{"not_picked":["Blasphemy","Brilliance"],"picked":"LessonLearned","floor":16.0},{"not_picked":["LikeWater","PathToVictory","JustLucky"],"picked":"SKIP","floor":18.0},{"not_picked":["Evaluate","FollowUp"],"picked":"ClearTheMind","floor":20.0},{"not_picked":["SashWhip","JustLucky"],"picked":"Judgement","floor":24.0},{"not_picked":["CrushJoints+1","Study"],"picked":"ThirdEye+1","floor":27.0},{"not_picked":["Protect","Prostrate"],"picked":"EmptyFist+1","floor":28.0},{"not_picked":["CutThroughFate","Vengeance","Perseverance"],"picked":"SKIP","floor":31.0},{"not_picked":["ConjureBlade","Devotion"],"picked":"Omniscience","floor":33.0},{"not_picked":["Fasting2+1","WindmillStrike+1"],"picked":"Protect+1","floor":35.0},{"not_picked":["Adaptation","Vengeance+1"],"picked":"Evaluate+1","floor":37.0},{"not_picked":["Sanctity+1","Wallop+1","Collect"],"picked":"SKIP","floor":38.0},{"not_picked":["Prostrate+1","EmptyFist+1"],"picked":"FlurryOfBlows+1","floor":41.0},{"not_picked":["ThirdEye+1","LikeWater","EmptyBody+1"],"picked":"SKIP","floor":46.0},{"not_picked":["EmptyFist+1","CutThroughFate+1","BowlingBash"],"picked":"SKIP","floor":48.0}],"player_experience":1366472,"relics_obtained":[],"event_choices":[{"damage_healed":0.0,"max_hp_gain":5.0,"max_hp_loss":0.0,"gold_gain":0.0,"event_name":"Big Fish","player_choice":"Donut","floor":3.0,"gold_loss":0.0,"damage_taken":0.0},{"cards_removed":["Strike_P"],"damage_healed":0.0,"max_hp_gain":0.0,"max_hp_loss":0.0,"gold_gain":0.0,"event_name":"Golden Wing","player_choice":"Card Removal","floor":4.0,"gold_loss":0.0,"damage_taken":7.0},{"damage_healed":0.0,"max_hp_gain":0.0,"max_hp_loss":0.0,"gold_gain":0.0,"event_name":"WeMeetAgain","player_choice":"Ignored","floor":5.0,"gold_loss":0.0,"damage_taken":0.0},{"cards_removed":["Strike_P"],"damage_healed":0.0,"max_hp_gain":0.0,"max_hp_loss":0.0,"gold_gain":0.0,"event_name":"Purifier","player_choice":"Purged","floor":19.0,"gold_loss":0.0,"damage_taken":0.0},{"damage_healed":0.0,"max_hp_gain":0.0,"max_hp_loss":0.0,"gold_gain":0.0,"event_name":"Lab","player_choice":"Got Potions","floor":22.0,"gold_loss":0.0,"damage_taken":0.0},{"damage_healed":0.0,"max_hp_gain":0.0,"max_hp_loss":0.0,"gold_gain":99.0,"event_name":"Nest","player_choice":"Stole From Cult","floor":29.0,"gold_loss":0.0,"damage_taken":0.0},{"damage_healed":0.0,"max_hp_gain":0.0,"max_hp_loss":0.0,"gold_gain":0.0,"event_name":"Golden Shrine","player_choice":"Ignored","floor":36.0,"gold_loss":0.0,"damage_taken":0.0},{"damage_healed":0.0,"max_hp_gain":0.0,"max_hp_loss":0.0,"gold_gain":0.0,"event_name":"MindBloom","player_choice":"Fight","floor":39.0,"gold_loss":0.0,"damage_taken":0.0},{"damage_healed":0.0,"max_hp_gain":0.0,"max_hp_loss":0.0,"gold_gain":0.0,"event_name":"Winding Halls","player_choice":"Embrace Madness","floor":45.0,"gold_loss":0.0,"damage_taken":10.0,"cards_obtained":["Madness","Madness"]},{"damage_healed":0.0,"max_hp_gain":0.0,"max_hp_loss":0.0,"gold_gain":0.0,"cards_transformed":["Defend_P"],"event_name":"Transmorgrifier","player_choice":"Transformed","floor":47.0,"gold_loss":0.0,"damage_taken":0.0,"cards_obtained":["JustLucky"]}],"is_beta":false,"boss_relics":[{"not_picked":["Snecko Eye","Runic Dome","Empty Cage"]},{"not_picked":["Busted Crown","SacredBark","Philosopher\u0027s Stone"]}],"items_purged_floors":[],"is_endless":false,"potions_floor_spawned":[1,11,12,16,20,27,28,33,37,48],"killed_by":"Donu and Deca","ascension_level":0}}