{"host":"q6ff4ns2kep02ti6","time":1610656902,"event":{"mods":["AchievementEnabler","BaseMod","Minty Spire (QoL Compilation)","Relic Stats","StSLib","Unceasing Turn Reminder"],"gold_per_floor":[118,68,82,102,112,112,139,156,209,242,258,258,274,302,302,407,407,427,526,541,554,479,479,479,479],"floor_reached":24,"language":"ENG","playtime":1862,"items_purged":[],"score":297,"play_id":"3cbdf174-d1ee-40fa-8f1a-b88c83cf6261","local_time":"20210114214142","is_ascension_mode":true,"campfire_choices":[{"data":"Genetic Algorithm","floor":6,"key":"SMITH"},{"data":"Defragment","floor":12,"key":"SMITH"},{"floor":15,"key":"REST"},{"data":"Echo Form","floor":23,"key":"SMITH"}],"circlet_count":0,"master_deck":["Strike_B","Strike_B","Defend_B","Defend_B","Defend_B","Defend_B","Zap","Dualcast","Genetic Algorithm+1","Conserve Battery","Defragment+1","Barrage","Self Repair","Lockon","Ball Lightning","Defragment","Cold Snap","Core Surge","Echo Form+1","Coolheaded+1","Glacier"],"relics":["Cracked Core","Prayer Wheel","Tiny Chest","Kunai","Blood Vial","Runic Pyramid"],"acts_visited":["Exordium","TheCity"],"potions_floor_usage":[7,14,18,21],"damage_taken":[{"damage":3,"enemies":"2 Louse","floor":1,"turns":3},{"damage":12,"enemies":"Jaw Worm","floor":3,"turns":4},{"damage":3,"enemies":"Small Slimes","floor":4,"turns":3},{"damage":5,"enemies":"Looter","floor":5,"turns":4},{"damage":6,"enemies":"Lagavulin","floor":7,"turns":5},{"damage":25,"enemies":"Lots of Slimes","floor":8,"turns":4},{"damage":18,"enemies":"3 Sentries","floor":10,"turns":6},{"damage":10,"enemies":"Large Slime","floor":11,"turns":5},{"damage":1,"enemies":"3 Louse","floor":13,"turns":4},{"damage":8,"enemies":"Lagavulin","floor":14,"turns":4},{"damage":4,"enemies":"Slime Boss","floor":16,"turns":7},{"damage":13,"enemies":"Shell Parasite","floor":18,"turns":5},{"damage":22,"enemies":"Spheric Guardian","floor":20,"turns":4},{"damage":16,"enemies":"Snake Plant","floor":21,"turns":5},{"damage":68,"enemies":"Slavers","floor":24,"turns":4}],"seed_played":"114946608628480760","potions_obtained":[{"floor":1,"key":"Weak Potion"},{"floor":3,"key":"BlessingOfTheForge"},{"floor":5,"key":"LiquidBronze"},{"floor":11,"key":"Swift Potion"},{"floor":16,"key":"DistilledChaos"}],"is_trial":false,"path_per_floor":["M","?","M","M","M","R","E","M","T","E","M","R","M","E","R","B",null,"M","?","M","M","?","R","E"],"character_chosen":"DEFECT","items_purchased":[],"campfire_rested":1,"item_purchase_floors":[],"current_hp_per_floor":[72,72,60,57,52,52,46,28,28,17,14,14,20,19,43,48,74,77,77,64,64,64,64,0,0],"gold":479,"neow_bonus":"TEN_PERCENT_HP_BONUS","is_daily":false,"chose_seed":false,"campfire_upgraded":3,"win_rate":0.0,"timestamp":1610656902,"path_taken":["M","?","M","M","M","R","E","M","T","E","M","R","M","E","R","BOSS","M","?","M","M","?","R","E"],"items_purchased_type":[],"build_version":"2020-12-22","purchased_purges":0,"victory":false,"max_hp_per_floor":[82,82,82,82,82,82,82,82,82,82,82,82,82,82,82,82,82,82,82,82,82,82,82,82,82],"relic_stats":{"Blood Vial":10,"counters":[15,67],"Prayer Wheel":6,"Tiny Chest":0,"Kunai":[4],"obtain_stats":[{"Blood Vial":14,"Prayer Wheel":7,"Tiny Chest":9,"Kunai":10,"Cracked Core":0,"Runic Pyramid":17},{"Blood Vial":10,"Prayer Wheel":5,"Tiny Chest":6,"Kunai":7,"Cracked Core":0,"Runic Pyramid":11},{"Blood Vial":42,"Prayer Wheel":19,"Tiny Chest":23,"Kunai":29,"Cracked Core":0,"Runic Pyramid":49}]},"card_choices":[{"not_picked":["Aggregate","Coolheaded"],"picked":"Genetic Algorithm","floor":1},{"not_picked":["Barrage","Loop"],"picked":"Conserve Battery","floor":3},{"not_picked":["Gash","Steam Power"],"picked":"Defragment","floor":4},{"not_picked":["Leap","Redo"],"picked":"Barrage","floor":5},{"not_picked":["Stack","Barrage"],"picked":"Self Repair","floor":7},{"not_picked":["Force Field","Consume"],"picked":"Lockon","floor":8},{"not_picked":["Streamline","Conserve Battery"],"picked":"Ball Lightning","floor":8},{"not_picked":["Fission","Gash"],"picked":"Defragment","floor":10},{"not_picked":["Sweeping Beam","BootSequence","Turbo"],"picked":"SKIP","floor":11},{"not_picked":["Chill","Redo","Stack"],"picked":"SKIP","floor":11},{"not_picked":["Barrage","Leap"],"picked":"Cold Snap","floor":13},{"not_picked":["Cold Snap","Stack","Go for the Eyes"],"picked":"SKIP","floor":13},{"not_picked":["Aggregate","Sweeping Beam"],"picked":"Core Surge","floor":14},{"not_picked":["All For One","Meteor Strike"],"picked":"Echo Form","floor":16},{"not_picked":["Barrage+1","Streamline+1","Steam"],"picked":"SKIP","floor":18},{"not_picked":["Streamline+1","Hologram","Loop"],"picked":"SKIP","floor":18},{"not_picked":["Barrage","Turbo"],"picked":"Coolheaded+1","floor":20},{"not_picked":["Coolheaded","Cold Snap","Barrage"],"picked":"SKIP","floor":20},{"not_picked":["Lockon","Redo"],"picked":"Glacier","floor":21},{"not_picked":["Force Field","Gash","Melter+1"],"picked":"SKIP","floor":21}],"player_experience":938530,"relics_obtained":[{"floor":7,"key":"Prayer Wheel"},{"floor":9,"key":"Tiny Chest"},{"floor":10,"key":"Kunai"},{"floor":14,"key":"Blood Vial"}],"event_choices":[{"cards_removed":["Strike_B"],"damage_healed":0,"gold_gain":0,"player_choice":"Card Removal","damage_taken":0,"max_hp_gain":0,"max_hp_loss":0,"event_name":"The Cleric","floor":2,"gold_loss":50},{"damage_healed":0,"gold_gain":99,"player_choice":"Stole From Cult","damage_taken":0,"max_hp_gain":0,"max_hp_loss":0,"event_name":"Nest","floor":19,"gold_loss":0},{"cards_removed":["Strike_B"],"damage_healed":0,"gold_gain":0,"player_choice":"Gave Gold","damage_taken":0,"max_hp_gain":0,"max_hp_loss":0,"event_name":"Beggar","floor":22,"gold_loss":75}],"is_beta":false,"boss_relics":[{"not_picked":["Empty Cage","Tiny House"],"picked":"Runic Pyramid"}],"items_purged_floors":[],"is_endless":false,"potions_floor_spawned":[1,3,5,11,16],"killed_by":"Slavers","ascension_level":7}}