{"host":"oiw60b5ins9fyx34","time":1610614765,"event":{"mods":["BaseMod","Colored Map","Colored Powertips","Minty Spire (QoL Compilation)","Permanent Neow","Quick Restart","Rare Cards Sparkle","Relic Stats","StSLib","The Cursed"],"gold_per_floor":[114,133,143,56,56,56,85,104,104,104,104],"floor_reached":10,"language":"JPN","playtime":324,"items_purged":[],"score":68,"play_id":"057f0441-09b1-4449-bfd8-45d1428bc84c","local_time":"20210114175925","is_ascension_mode":false,"campfire_choices":[{"data":"TheCursedMod:SpreadPlague","floor":6,"key":"SMITH"}],"circlet_count":0,"master_deck":["TheCursedMod:Strike_TheCursed","TheCursedMod:Strike_TheCursed","TheCursedMod:Strike_TheCursed","TheCursedMod:Defend_TheCursed","TheCursedMod:Defend_TheCursed","TheCursedMod:Defend_TheCursed","TheCursedMod:Defend_TheCursed","TheCursedMod:CursedWand","TheCursedMod:CleanUpWorkshop","TheCursedMod:Dregs","TheCursedMod:OutForBlood","TheCursedMod:VitalStrike","TheCursedMod:Hemoplague","TheCursedMod:SpreadPlague+1","TheCursedMod:FuryStrike","TheCursedMod:TacticalStrike","TheCursedMod:FuryStrike","TheCursedMod:VitalStrike","TheCursedMod:SaltUponWound"],"relics":["TheCursedMod:BlackMagic101","Ornamental Fan"],"acts_visited":["Exordium"],"potions_floor_usage":[10],"damage_taken":[{"damage":10,"enemies":"Jaw Worm","floor":1,"turns":5},{"damage":8,"enemies":"2 Louse","floor":2,"turns":3},{"damage":3,"enemies":"Small Slimes","floor":3,"turns":3},{"damage":36,"enemies":"Lagavulin","floor":7,"turns":6},{"damage":4,"enemies":"Exordium Wildlife","floor":8,"turns":4},{"damage":10,"enemies":"Gremlin Nob","floor":10,"turns":3}],"seed_played":"9152973914362251335","potions_obtained":[{"floor":1,"key":"Swift Potion"}],"is_trial":false,"path_per_floor":["M","M","M","$","?","R","E","M","T","E"],"character_chosen":"THE_CURSED","items_purchased":["TheCursedMod:FuryStrike","TheCursedMod:TacticalStrike"],"campfire_rested":0,"item_purchase_floors":[4,4],"current_hp_per_floor":[65,57,54,54,54,54,18,14,14,4,4],"gold":104,"neow_bonus":"ONE_RANDOM_RARE_CARD","is_daily":false,"chose_seed":false,"campfire_upgraded":1,"win_rate":0.0,"timestamp":1610614765,"path_taken":["M","M","M","$","?","R","E","M","T","E"],"items_purchased_type":["Card","Card"],"build_version":"2020-12-22","purchased_purges":0,"victory":false,"max_hp_per_floor":[75,75,75,75,75,75,75,75,75,75,75],"relic_stats":{"counters":[6,24],"Ornamental Fan":[8],"obtain_stats":[{"TheCursedMod:BlackMagic101":0,"Ornamental Fan":7},{"TheCursedMod:BlackMagic101":0,"Ornamental Fan":4},{"TheCursedMod:BlackMagic101":0,"Ornamental Fan":17}]},"card_choices":[{"not_picked":["TheCursedMod:HellfireBreathing","TheCursedMod:SurpriseAttack"],"picked":"TheCursedMod:VitalStrike","floor":1},{"not_picked":["TheCursedMod:Obscuration","TheCursedMod:CursedBoomerang"],"picked":"TheCursedMod:Hemoplague","floor":2},{"not_picked":["TheCursedMod:RapidMovement","TheCursedMod:Wield"],"picked":"TheCursedMod:SpreadPlague","floor":3},{"not_picked":["TheCursedMod:Wield","TheCursedMod:TacticalStrike"],"picked":"TheCursedMod:VitalStrike","floor":7},{"not_picked":["TheCursedMod:CursedMace","TheCursedMod:RapidMovement"],"picked":"TheCursedMod:SaltUponWound","floor":8}],"player_experience":669323,"relics_obtained":[{"floor":7,"key":"Ornamental Fan"}],"event_choices":[{"damage_healed":0,"gold_gain":0,"cards_transformed":["TheCursedMod:Strike_TheCursed"],"player_choice":"Change","damage_taken":0,"max_hp_gain":0,"max_hp_loss":0,"event_name":"Living Wall","floor":5,"gold_loss":0,"cards_obtained":["TheCursedMod:FuryStrike"]}],"is_beta":false,"boss_relics":[],"items_purged_floors":[],"is_endless":false,"potions_floor_spawned":[1],"killed_by":"Gremlin Nob","ascension_level":0}}