{"host":"0tiuc76yumknr6qf","time":1610586991,"event":{"mods":["Act Like it!","BaseMod","Colored Map","DeckTracker","Hallownest","Highlight Path","Minty Spire (QoL Compilation)","StSLib"],"gold_per_floor":[115,133,133,145,162,162,162,162,162,179,195,228,228,228,228,228,228],"floor_reached":16,"language":"ENG","playtime":1063,"items_purged":[],"score":127,"play_id":"7b9d25a4-b8d1-4d6c-8790-a8cd9e74bfba","local_time":"20210113191631","is_ascension_mode":false,"campfire_choices":[{"data":"Neutralize","floor":6,"key":"SMITH"},{"data":"Sucker Punch","floor":8,"key":"SMITH"},{"data":"Heel Hook","floor":13,"key":"SMITH"},{"floor":15,"key":"REST"}],"circlet_count":0,"master_deck":["Strike_G","Strike_G","Strike_G","Strike_G","Strike_G","Defend_G","Defend_G","Defend_G","Defend_G","Defend_G+1","Survivor","Neutralize+1","Heel Hook+1","Escape Plan","Sucker Punch+1","Blur","Backflip+1","Die Die Die","Escape Plan"],"relics":["Ring of the Snake","NeowsBlessing","Hallownest:DreamNailRelic","Paper Crane","Mango","War Paint","Bird Faced Urn"],"acts_visited":["Exordium"],"potions_floor_usage":[16,16],"damage_taken":[{"damage":0,"enemies":"Hallownest:monsterHuskGuard","floor":1,"turns":1},{"damage":0,"enemies":"2_ Uuma","floor":2,"turns":1},{"damage":0,"enemies":"Hallownest:2_Baldur","floor":4,"turns":1},{"damage":35,"enemies":"Hallownest:1_Ooma_and_2_Uuma","floor":5,"turns":16},{"damage":0,"enemies":"Hallownest:Wandering_and_Horned","floor":10,"turns":7},{"damage":3,"enemies":"Hallownest:MossCreep_and_Mosskin","floor":11,"turns":6},{"damage":0,"enemies":"Hallownest:eliteCrystalGuardian","floor":12,"turns":8},{"damage":75,"enemies":"Hallownest:BossBrokenVessel","floor":16,"turns":16}],"seed_played":"4870231004948009105","potions_obtained":[{"floor":1,"key":"Energy Potion"},{"floor":2,"key":"FairyPotion"},{"floor":5,"key":"DuplicationPotion"},{"floor":12,"key":"LiquidMemories"}],"is_trial":false,"path_per_floor":["M","M","?","M","M","R","?","R","T","M","M","E","R","?","R","B"],"character_chosen":"THE_SILENT","items_purchased":[],"campfire_rested":1,"item_purchase_floors":[],"current_hp_per_floor":[70,70,70,70,35,35,26,26,26,26,23,37,37,19,44,0,0],"gold":228,"neow_bonus":"THREE_ENEMY_KILL","is_daily":false,"chose_seed":false,"campfire_upgraded":3,"win_rate":0.0,"timestamp":1610586991,"path_taken":["M","M","?","?","M","R","?","R","T","M","M","E","R","?","R","BOSS"],"items_purchased_type":[],"build_version":"2020-12-22","purchased_purges":0,"victory":false,"max_hp_per_floor":[70,70,70,70,70,70,70,70,70,70,70,84,84,84,84,84,84],"card_choices":[{"not_picked":["Concentrate","Cloak And Dagger"],"picked":"Heel Hook","floor":1},{"not_picked":["Accuracy","Dodge and Roll"],"picked":"Escape Plan","floor":2},{"not_picked":["Underhanded Strike","Prepared"],"picked":"Sucker Punch","floor":4},{"not_picked":["Backflip","Heel Hook"],"picked":"Blur","floor":5},{"not_picked":["Outmaneuver","Cloak And Dagger"],"picked":"Backflip","floor":10},{"not_picked":["Flying Knee","Blade Dance"],"picked":"Die Die Die","floor":11},{"not_picked":["Endless Agony","Prepared"],"picked":"Escape Plan","floor":12}],"player_experience":1880560,"relics_obtained":[{"floor":9,"key":"Paper Crane"},{"floor":12,"key":"Mango"}],"event_choices":[],"is_beta":false,"boss_relics":[],"items_purged_floors":[],"is_endless":false,"potions_floor_spawned":[1,2,5,12],"killed_by":"Hallownest:BossBrokenVessel","ascension_level":0}}