{"host":"Planeswalker","time":1610584467,"event":{"mods":["BaseMod","Downfall","Friendly Minions","GifTheSpireLib","Hermit","Minty Spire (QoL Compilation)","Replay The Spire","SOS???????","Shop Mod","StSLib","The Bladedancer","The Cursed","The Hierophant","The Mystic","The Necromancer"],"gold_per_floor":[110,128,55,72,90,124,311,323,335,312,9,37,37,54,54,151,151,170,182,282,18,18,50,64,97,97,97,21,40,40,40,40,141,141,156,156,156],"floor_reached":36,"language":"ENG","playtime":2619,"items_purged":[],"score":710,"play_id":"29ddd040-ed23-4dd6-a16b-7ba40ebb6ed1","local_time":"20210113173427","is_ascension_mode":false,"campfire_choices":[{"floor":8,"key":"REST"},{"data":"mysticmod:GeminiForm","floor":15,"key":"SMITH"},{"floor":27,"key":"REST"},{"floor":30,"key":"REST"},{"data":"mysticmod:MightyMagic","floor":32,"key":"SMITH"}],"circlet_count":0,"master_deck":["mysticmod:Strike_Mystic","mysticmod:Strike_Mystic","mysticmod:Strike_Mystic","mysticmod:Strike_Mystic","mysticmod:Defend_Mystic","mysticmod:Defend_Mystic","mysticmod:Defend_Mystic","mysticmod:Defend_Mystic","mysticmod:ArcaneDodge","mysticmod:ShockingGrasp","mysticmod:Riposte+1","mysticmod:SpellCombat","mysticmod:Alacrity","mysticmod:Shield","mysticmod:VorpalThrust","mysticmod:GeminiForm+1","mysticmod:SuddenClarity","Doubt","mysticmod:MirrorStrike","mysticmod:Shield","mysticmod:Alacrity","mysticmod:DiviningBlow","mysticmod:MagicWeapon","mysticmod:Haste","mysticmod:MirrorStrike","mysticmod:TomeOfSpells","mysticmod:RapidCaster","mysticmod:MagicWeapon","TheCursedMod:Dregs","mysticmod:HeavyStrike+1","mysticmod:TomeOfSpells+1","mysticmod:FloatingDisk","mysticmod:MightyMagic+1","mysticmod:Flourish+1","mysticmod:KnowledgePool","TheCursedMod:Dregs","Clumsy","Sickly","mysticmod:Disengage"],"relics":["Ring of Chaos","MawBank","Oddly Smooth Stone","Replay:Baseball","ReplayTheSpireMod:Shallot","mysticmod:BlessedBook","Lantern","mysticmod:RunicPrism","MealTicket","Replay:Bottled Snecko","ReplayTheSpireMod:Ninjato","Replay:Ancient Bell","Bronze Scales","Question Card","Thread and Needle"],"acts_visited":["Exordium","TheCity","TheBeyond"],"potions_floor_usage":[6,6,25,25,25],"damage_taken":[{"damage":10,"enemies":"Cultist","floor":1,"turns":6},{"damage":6,"enemies":"Jaw Worm","floor":2,"turns":3},{"damage":0,"enemies":"2 Louse","floor":4,"turns":4},{"damage":6,"enemies":"Blue Slaver","floor":5,"turns":5},{"damage":41,"enemies":"3 Sentries","floor":6,"turns":11},{"damage":0,"enemies":"Lagavulin","floor":12,"turns":10},{"damage":0,"enemies":"Looter","floor":14,"turns":4},{"damage":51,"enemies":"Fading Forest","floor":16,"turns":11},{"damage":19,"enemies":"Spheric Guardian","floor":18,"turns":7},{"damage":13,"enemies":"3 Byrds","floor":19,"turns":7},{"damage":4,"enemies":"Book of Stabbing","floor":23,"turns":6},{"damage":17,"enemies":"Cultist and Chosen","floor":24,"turns":7},{"damage":21,"enemies":"Gremlin Leader","floor":25,"turns":10},{"damage":14,"enemies":"Snecko","floor":29,"turns":4},{"damage":14,"enemies":"Pondfish","floor":33,"turns":12},{"damage":39,"enemies":"3 Darklings","floor":35,"turns":6},{"damage":44,"enemies":"2 Orb Walkers","floor":36,"turns":3}],"seed_played":"3986299287881279505","potions_obtained":[{"floor":4,"key":"SteroidPotion"},{"floor":5,"key":"Strength Potion"},{"floor":12,"key":"Swift Potion"},{"floor":14,"key":"Swift Potion"},{"floor":18,"key":"Fire Potion"},{"floor":29,"key":"Ancient Potion"},{"floor":33,"key":"Elixir"},{"floor":35,"key":"Explosive Potion"}],"is_trial":false,"path_per_floor":["M","M","$","M","M","E","?","R","T","?","$","E","?","M","R","B",null,"M","M","?","$","?","E","M","E","T","R","$","M","R","$","R","B",null,"M","?"],"character_chosen":"MYSTIC_CLASS","items_purchased":["mysticmod:Alacrity","mysticmod:Shield","Replay:Baseball","mysticmod:MirrorStrike","mysticmod:Shield","mysticmod:Alacrity","Lantern","mysticmod:RapidCaster","mysticmod:MagicWeapon","mysticmod:MightyMagic"],"campfire_rested":3,"item_purchase_floors":[3,3,11,11,11,11,21,21,21,28],"current_hp_per_floor":[67,61,61,61,55,14,14,37,37,56,56,56,56,56,56,25,77,58,45,45,45,45,41,24,3,3,26,41,27,50,65,65,51,77,38,0,0],"gold":156,"neow_bonus":"BOSS_RELIC","is_daily":false,"chose_seed":false,"campfire_upgraded":2,"win_rate":0.0,"timestamp":1610584467,"path_taken":["M","M","$","M","?","E","?","R","T","?","?","E","?","M","R","BOSS","M","M","?","?","?","E","?","E","T","R","?","M","R","?","R","BOSS","M","?"],"items_purchased_type":["Card","Card","Relic","Card","Card","Card","Relic","Card","Card","Card"],"build_version":"2020-11-17","purchased_purges":0,"victory":false,"max_hp_per_floor":[77,77,77,77,77,77,77,77,77,77,77,77,77,77,77,77,77,77,77,77,77,77,77,77,77,77,77,77,77,77,77,77,77,77,77,77,77],"card_choices":[{"not_picked":["mysticmod:HunkerDown","mysticmod:PureInstinct"],"picked":"mysticmod:Riposte","floor":1},{"not_picked":["mysticmod:SummonFamiliar","mysticmod:BulkUp"],"picked":"mysticmod:SpellCombat","floor":2},{"not_picked":["mysticmod:Fly","mysticmod:EarthenWall"],"picked":"mysticmod:VorpalThrust","floor":4},{"not_picked":["mysticmod:HeavyStrike","mysticmod:Daze"],"picked":"mysticmod:GeminiForm","floor":5},{"not_picked":["mysticmod:KeenEdge","mysticmod:MagicMissile"],"picked":"mysticmod:SuddenClarity","floor":6},{"not_picked":["mysticmod:SuddenClarity","mysticmod:Probe"],"picked":"mysticmod:DiviningBlow","floor":12},{"not_picked":["mysticmod:Sideswipe","mysticmod:Riposte"],"picked":"mysticmod:MagicWeapon","floor":14},{"not_picked":["mysticmod:MysticalShield","mysticmod:SpellRecall"],"picked":"mysticmod:Haste","floor":16},{"not_picked":["mysticmod:Probe","mysticmod:ComponentsPouch"],"picked":"mysticmod:MirrorStrike","floor":18},{"not_picked":["mysticmod:Riposte","mysticmod:KeenEdge"],"picked":"mysticmod:TomeOfSpells","floor":19},{"not_picked":["mysticmod:GreaterInvisibility","mysticmod:Grease"],"picked":"mysticmod:HeavyStrike+1","floor":23},{"not_picked":["mysticmod:SummonFamiliar","mysticmod:Snowball"],"picked":"mysticmod:TomeOfSpells+1","floor":24},{"not_picked":["mysticmod:Alacrity","mysticmod:Sideswipe"],"picked":"mysticmod:FloatingDisk","floor":25},{"not_picked":["mysticmod:ComponentsPouch+1","mysticmod:PowerSlash+1"],"picked":"mysticmod:Flourish+1","floor":29},{"not_picked":["mysticmod:SpellRecall","mysticmod:Spellstrike"],"picked":"mysticmod:KnowledgePool","floor":33},{"not_picked":["Hallucinations","CurseOfTheBell","Shame"],"picked":"TheCursedMod:Dregs","floor":34},{"not_picked":["Overencumbered","Pain","Delirium"],"picked":"Clumsy","floor":34},{"not_picked":["Spreading Infection","sneckomod:Bewildered","ReplayTheSpireMod:Splinters"],"picked":"Sickly","floor":34},{"not_picked":["mysticmod:BladedDash","mysticmod:AllIn","mysticmod:CorrosiveTouch"],"picked":"mysticmod:Disengage","floor":35}],"player_experience":4890,"relics_obtained":[{"floor":6,"key":"MawBank"},{"floor":9,"key":"Oddly Smooth Stone"},{"floor":12,"key":"ReplayTheSpireMod:Shallot"},{"floor":23,"key":"MealTicket"},{"floor":25,"key":"Replay:Bottled Snecko"},{"floor":26,"key":"ReplayTheSpireMod:Ninjato"}],"event_choices":[{"damage_healed":0,"gold_gain":175,"player_choice":"AGREE","damage_taken":0,"max_hp_gain":0,"max_hp_loss":0,"event_name":"Liars Game","floor":7,"gold_loss":0,"cards_obtained":["Doubt"]},{"damage_healed":19,"gold_gain":0,"player_choice":"Healed","damage_taken":0,"max_hp_gain":0,"max_hp_loss":0,"event_name":"The Cleric","floor":10,"gold_loss":35},{"damage_healed":0,"gold_gain":0,"player_choice":"Grow","damage_taken":0,"max_hp_gain":0,"max_hp_loss":0,"event_name":"Living Wall","floor":13,"gold_loss":0,"cards_upgraded":["mysticmod:Riposte"]},{"damage_healed":0,"gold_gain":100,"player_choice":"Pray","damage_taken":0,"max_hp_gain":0,"max_hp_loss":0,"event_name":"Golden Shrine","floor":20,"gold_loss":0},{"damage_healed":0,"gold_gain":0,"player_choice":"Fight","damage_taken":0,"max_hp_gain":0,"max_hp_loss":0,"event_name":"Mysterious Sphere","floor":36,"gold_loss":0}],"is_beta":true,"boss_relics":[{"not_picked":["Runic Dome","Velvet Choker"],"picked":"mysticmod:BlessedBook"},{"not_picked":["ChewingGum","Tiny House"],"picked":"Replay:Ancient Bell"},{"not_picked":["ReplayTheSpireMod:Lightbulb","Centennial Puzzle"],"picked":"Bronze Scales"},{"not_picked":["Replay:Accelerometer","Pear"],"picked":"Question Card"},{"not_picked":["Gambling Chip","Calipers"],"picked":"Thread and Needle"}],"items_purged_floors":[],"is_endless":false,"potions_floor_spawned":[4,5,12,14,18,29,33,35],"killed_by":"2 Orb Walkers","ascension_level":0}}