{"host":"j4g6ia6asvpyu2b0","time":1610659782,"event":{"mods":["BaseMod","Colored Map","Minty Spire (QoL Compilation)","Permanent Neow","Quick Restart","Relic Stats","StSLib","Unceasing Turn Reminder"],"gold_per_floor":[365,327,343,343,357,385,385,401,401,411,430,430,430],"floor_reached":12,"language":"ENG","playtime":376,"items_purged":[],"score":127,"play_id":"27ba48e3-166c-435b-88ba-b9e0b0476e98","local_time":"20210114142942","is_ascension_mode":true,"campfire_choices":[{"data":"Loop","floor":7,"key":"SMITH"}],"circlet_count":0,"master_deck":["AscendersBane","Strike_B","Strike_B","Strike_B","Strike_B","Defend_B","Defend_B","Defend_B","Defend_B","Zap","Dualcast","Loop+1","Static Discharge","Hello World","Pain","Self Repair","Compile Driver","Conserve Battery","Sweeping Beam"],"relics":["Cracked Core","WarpedTongs","Cables","Incense Burner"],"acts_visited":["Exordium"],"potions_floor_usage":[12],"damage_taken":[{"damage":0,"enemies":"Small Slimes","floor":1,"turns":3},{"damage":6,"enemies":"Cultist","floor":3,"turns":4},{"damage":17,"enemies":"Jaw Worm","floor":5,"turns":3},{"damage":29,"enemies":"3 Sentries","floor":6,"turns":10},{"damage":14,"enemies":"Blue Slaver","floor":8,"turns":3},{"damage":10,"enemies":"Looter","floor":10,"turns":4},{"damage":12,"enemies":"3 Louse","floor":11,"turns":3},{"damage":11,"enemies":"Gremlin Nob","floor":12,"turns":2}],"seed_played":"-7150806507840962922","potions_obtained":[{"floor":1,"key":"FearPotion"},{"floor":3,"key":"FearPotion"},{"floor":10,"key":"BlessingOfTheForge"}],"is_trial":false,"path_per_floor":["M","$","M","?","M","E","R","M","T","M","M","E"],"character_chosen":"DEFECT","items_purchased":["Static Discharge"],"campfire_rested":0,"item_purchase_floors":[2],"current_hp_per_floor":[68,68,62,62,45,26,26,22,22,19,7,0,0],"gold":430,"neow_bonus":"TWO_FIFTY_GOLD","is_daily":false,"chose_seed":false,"campfire_upgraded":1,"win_rate":0.0,"timestamp":1610659782,"path_taken":["M","$","M","?","?","E","R","M","T","M","M","E"],"items_purchased_type":["Card"],"build_version":"2020-12-22","purchased_purges":0,"victory":false,"max_hp_per_floor":[68,68,68,68,68,68,68,68,68,68,68,68,68],"relic_stats":{"counters":[8,31],"obtain_stats":[{"Incense Burner":9,"Cracked Core":0,"WarpedTongs":4,"Cables":6},{"Incense Burner":5,"Cracked Core":0,"WarpedTongs":2,"Cables":4},{"Incense Burner":23,"Cracked Core":0,"WarpedTongs":7,"Cables":20}],"WarpedTongs":[24],"Cables":[10,10,0,0,0]},"card_choices":[{"not_picked":["Sunder","Heatsinks"],"picked":"Loop","floor":1},{"not_picked":["Go for the Eyes","Leap"],"picked":"Hello World","floor":3},{"not_picked":["Turbo","Streamline"],"picked":"Self Repair","floor":5},{"not_picked":["Stack","Go for the Eyes"],"picked":"Compile Driver","floor":6},{"not_picked":["Gash","Leap"],"picked":"Conserve Battery","floor":8},{"not_picked":["Rebound","Stack","Go for the Eyes"],"picked":"SKIP","floor":10},{"not_picked":["Rebound","Skim"],"picked":"Sweeping Beam","floor":11}],"player_experience":844667,"relics_obtained":[{"floor":6,"key":"Cables"},{"floor":9,"key":"Incense Burner"}],"event_choices":[{"damage_healed":0,"gold_gain":0,"player_choice":"Rummage","damage_taken":0,"relics_obtained":["WarpedTongs"],"max_hp_gain":0,"max_hp_loss":0,"event_name":"Accursed Blacksmith","floor":4,"gold_loss":0,"cards_obtained":["Pain"]}],"is_beta":false,"boss_relics":[],"items_purged_floors":[],"is_endless":false,"potions_floor_spawned":[1,3,8,10],"killed_by":"Gremlin Nob","ascension_level":11}}