{"host":"ws1rigs6jhqnf67d","time":1610628075,"event":{"mods":["BaseMod","Friendly Minions","KinomotoSakuraMod(ƒæ÷Æ±æ”£)","Kiyohime£®«Âºß£©","Lobotomy","LobotomyExtend","Marisa£®ÏF”Í°°ƒß¿Ì…≥£©","Minty Spire (QoL Compilation)","Remilia£®¿Ÿ√◊¿Ú—«£©","StSLib","The Bug Knight","Youmu£®ªÍ∆«—˝√Œ£©","[IsaacMod]“‘»ˆº‚À˛"],"gold_per_floor":[129,216,245,271,283,324,336,364,400,412,412],"floor_reached":10,"language":"ZHS","playtime":254,"items_purged":[],"score":119,"play_id":"c2d23787-4bfc-4bb6-8b3c-ce4cc30168f7","local_time":"20210114204115","is_ascension_mode":true,"campfire_choices":[],"circlet_count":0,"master_deck":["AscendersBane","SpecialBullet","SpecialBullet","SpecialBullet","SpecialBullet","SpecialBullet","SpecialBullet","SpecialBullet","SpecialBullet","ControlCode","InformationCode","SecurityCode"],"relics":["CogitoBucket","HushsDoor","YumHeart","MawBank","LetterFromLob","Bag of Marbles","Art of War"],"acts_visited":["Exordium"],"potions_floor_usage":[10,10],"damage_taken":[{"damage":0,"enemies":"Small Slimes","floor":1,"turns":3},{"damage":12,"enemies":"Jaw Worm","floor":3,"turns":2},{"damage":6,"enemies":"Cultist","floor":4,"turns":3},{"damage":25,"enemies":"3 Louse","floor":5,"turns":6},{"damage":40,"enemies":"Lagavulin","floor":6,"turns":4},{"damage":22,"enemies":"3 Louse","floor":8,"turns":3},{"damage":20,"enemies":"3 Sentries","floor":10,"turns":2}],"seed_played":"-1012768297575275854","potions_obtained":[{"floor":6,"key":"SteroidPotion"},{"floor":8,"key":"PowerPotion"}],"is_trial":false,"path_per_floor":["M","?","M","M","M","E","R","M","T","E"],"character_chosen":"Angela","items_purchased":[],"campfire_rested":0,"item_purchase_floors":[],"current_hp_per_floor":[69,58,54,56,39,32,32,18,18,0,0],"gold":412,"neow_bonus":"RANDOM_COMMON_RELIC","is_daily":false,"chose_seed":false,"campfire_upgraded":0,"win_rate":0.0,"timestamp":1610628075,"path_taken":["M","?","M","M","M","E","R","M","T","E"],"items_purchased_type":[],"build_version":"2020-12-22","purchased_purges":0,"victory":false,"max_hp_per_floor":[69,69,69,69,69,69,69,69,69,69,69],"card_choices":[{"not_picked":[],"picked":"Bomb","floor":0},{"not_picked":["RedEyes","Regret_ego"],"picked":"SKIP","floor":1},{"not_picked":["Wingbeat"],"picked":"Bomb","floor":3},{"not_picked":["ShedSkin","Loneliness"],"picked":"SKIP","floor":4},{"not_picked":["Gaze","Diffraction"],"picked":"SKIP","floor":6},{"not_picked":["FrostShard","SomewhereSpear"],"picked":"SKIP","floor":8}],"player_experience":806789,"relics_obtained":[{"floor":1,"key":"LetterFromLob"},{"floor":6,"key":"Bag of Marbles"},{"floor":9,"key":"Art of War"}],"event_choices":[{"damage_healed":0,"gold_gain":75,"player_choice":"Gather Gold","damage_taken":11,"max_hp_gain":0,"max_hp_loss":0,"event_name":"World of Goop","floor":2,"gold_loss":0}],"is_beta":false,"boss_relics":[],"items_purged_floors":[],"is_endless":false,"potions_floor_spawned":[6,8],"killed_by":"3 Sentries","ascension_level":15}}