{"host":"aj6dldabq8s02zuz","time":1610586272,"event":{"mods":["BaseMod","Block Reminder","Colored Map","Custom Start","Downfall","Hermit","Highlight Path","Hubris","Minty Spire (QoL Compilation)","Permanent Neow","Quick Restart","Relic Sorter","Replay The Spire","StSLib","The Blue Laboratory","The Jungle","TheArtist","Wandering Minibosses"],"gold_per_floor":[199,210,227,174,193,193,193,225,75,75,121,139,150,169,189,289,289,289,289,193,205,217,249,301,311,511,436,450,450,435,464,477,574,574,574,588,588,588,604,604,604,536,551,551,585,585,435,455,466,466,466,466,466,466],"floor_reached":52,"language":"ENG","playtime":4715,"items_purged":[],"score":774,"play_id":"f3221b86-3115-4ea9-806c-0d8ec3fdea3c","local_time":"20210113190432","is_ascension_mode":false,"campfire_choices":[{"floor":1,"key":"RECALL"},{"data":"Slimebound:LeechEnergy","floor":9,"key":"SMITH"},{"data":"Slimebound:Equalize","floor":18,"key":"SMITH"},{"floor":27,"key":"REST"},{"data":"Slimebound:PrepareCrush","floor":35,"key":"SMITH"},{"data":"Slimebound:DuplicatedForm","floor":40,"key":"SMITH"},{"floor":46,"key":"REST"}],"circlet_count":0,"master_deck":["Slimebound:Strike_Slimebound+1","Slimebound:Strike_Slimebound+1","Slimebound:Strike_Slimebound+1","Slimebound:Tackle+1","Slimebound:Defend_Slimebound+1","Slimebound:Defend_Slimebound+1","Slimebound:Defend_Slimebound+1","Slimebound:Defend_Slimebound+1","Slimebound:Split+1","Slimebound:CorrosiveSpit+1","Slimebound:MegaLick+1","Slimebound:SplitMire+1","Slimebound:SlimeBarrage+1","Slimebound:AcidTongue+1","Slimebound:LeechEnergy+1","Slimebound:RejuvenatingLick+1","Slimebound:SplitLeeching+1","Slimebound:TongueLash+1","Slimebound:Equalize+1","Slimebound:SplitAcid+1","Slimebound:WasteNot+1","Slimebound:Gluttony+1","Slimebound:PrepareCrush+1","expansioncontent:AwakenDeath+1","Slimebound:Nibble+1","Slimebound:SamplingLick+1","Slimebound:SamplingLick+1","Slimebound:Schlurp+1","Slimebound:RollThrough+1","Slimebound:DuplicatedForm+1","Slimebound:SlimeSpikes+1","Replay:SS_hec_4+1","Slimebound:ViciousTackle+1","Slimebound:FinishingTackle+1","Slimebound:LeechingTouch+1","Slimebound:SamplingLick+1","Slimebound:MassFeed","Slimebound:SamplingLick"],"relics":["Slimebound:AbsorbEndCombat","Slimebound:AggressiveSlimeRelic","hubris:PeanutButter","Slimebound:TarBlob","hubris:Spice","hubris:Towel","Regal Pillow","Empty Cage","Letter Opener","Question Card","Chemical X","Orichalcum"],"acts_visited":["Exordium","TheCity","TheBeyond","TheEnding"],"potions_floor_usage":[21],"damage_taken":[{"damage":18,"enemies":"Jaw Worm","floor":2,"turns":3},{"damage":10,"enemies":"2 Louse","floor":3,"turns":3},{"damage":14,"enemies":"downfall:FleeingMerchant","floor":4,"turns":4},{"damage":11,"enemies":"Cultist","floor":5,"turns":3},{"damage":50,"enemies":"3 Sentries","floor":8,"turns":6},{"damage":19,"enemies":"3 Louse","floor":12,"turns":3},{"damage":18,"enemies":"Blue Slaver","floor":13,"turns":2},{"damage":17,"enemies":"Exordium Wildlife","floor":14,"turns":2},{"damage":9,"enemies":"Lots of Slimes","floor":15,"turns":3},{"damage":62,"enemies":"downfall:Silent","floor":16,"turns":6},{"damage":0,"enemies":"Chosen","floor":19,"turns":1},{"damage":45,"enemies":"downfall:FleeingMerchant","floor":20,"turns":4},{"damage":51,"enemies":"Centurion and Healer","floor":21,"turns":3},{"damage":23,"enemies":"Chosen and Byrds","floor":22,"turns":4},{"damage":70,"enemies":"Book of Stabbing","floor":23,"turns":5},{"damage":55,"enemies":"Cultist and Chosen","floor":25,"turns":5},{"damage":14,"enemies":"3 Cultists","floor":28,"turns":4},{"damage":41,"enemies":"downfall:FleeingMerchant","floor":30,"turns":4},{"damage":16,"enemies":"Replay:Snechameleon","floor":31,"turns":4},{"damage":33,"enemies":"Sentry and Sphere","floor":32,"turns":5},{"damage":60,"enemies":"downfall:Defect","floor":33,"turns":7},{"damage":33,"enemies":"Orb Walker","floor":36,"turns":3},{"damage":25,"enemies":"3 Shapes","floor":39,"turns":4},{"damage":24,"enemies":"downfall:FleeingMerchant","floor":42,"turns":3},{"damage":68,"enemies":"Transient","floor":43,"turns":5},{"damage":53,"enemies":"Giant Head","floor":45,"turns":7},{"damage":38,"enemies":"3 Darklings","floor":48,"turns":4},{"damage":48,"enemies":"Maw","floor":49,"turns":6},{"damage":74,"enemies":"downfall:Ironclad","floor":50,"turns":10},{"damage":174,"enemies":"downfall:CharBossMerchant","floor":52,"turns":7}],"seed_played":"7280263942948486198","potions_obtained":[{"floor":2,"key":"Ancient Potion"},{"floor":3,"key":"blueLaboratory:BubblePotion"},{"floor":5,"key":"Fire Potion"},{"floor":25,"key":"blueLaboratory:PhilterOfMotion"}],"is_trial":false,"path_per_floor":["R","M","M","$","M","?","T","E","R","?","?","M","M","M","M","B",null,"R","M","$","M","M","E","T","M","?","R","M","?","$","E","M","B",null,"R","M","?","?","M","R","T","$","M","?","E","R","$","M","M","B",null,"E"],"character_chosen":"SLIMEBOUND","items_purchased":["Slimebound:AcidTongue","expansioncontent:AwakenDeath","Question Card","Chemical X","Orichalcum"],"campfire_rested":2,"item_purchase_floors":[4,20,42,42,47],"current_hp_per_floor":[60,50,48,58,60,60,60,42,52,52,24,27,27,36,57,45,70,70,70,65,55,70,36,44,39,39,64,82,82,78,86,74,61,86,86,71,71,63,77,77,77,82,85,85,72,86,86,80,82,78,86,0,0,0],"gold":466,"neow_bonus":"HUNDRED_GOLD","is_daily":false,"chose_seed":false,"campfire_upgraded":4,"win_rate":0.0,"timestamp":1610586272,"path_taken":["R","M","M","$","M","?","T","E","R","?","?","M","M","?","M","BOSS","R","M","$","M","M","E","T","M","?","R","M","?","?","E","M","BOSS","R","M","?","?","M","R","T","$","?","?","E","R","$","M","M","BOSS","E"],"items_purchased_type":["Card","Card","Relic","Relic","Relic"],"build_version":"2020-12-22","purchased_purges":0,"victory":false,"max_hp_per_floor":[60,60,60,60,60,60,60,60,70,70,70,70,70,70,70,70,70,70,70,70,70,70,78,86,86,86,86,86,86,86,86,86,86,86,86,86,86,86,86,86,86,86,86,86,86,86,86,86,86,86,86,86,86,86],"card_choices":[{"not_picked":["Slimebound:Gluttony","Slimebound:SplitLeeching"],"picked":"Slimebound:MegaLick","floor":2},{"not_picked":["Slimebound:FormOfPuddle","Slimebound:SplitBruiser"],"picked":"Slimebound:SplitMire","floor":3},{"not_picked":["Slimebound:MinionMaster","Slimebound:FinishingTackle"],"picked":"Slimebound:SlimeBarrage","floor":4},{"not_picked":["Slimebound:DisruptingSlam","Slimebound:RollThrough"],"picked":"Slimebound:LeechEnergy","floor":5},{"not_picked":["Slimebound:ItLooksTasty","Slimebound:SplitBruiser"],"picked":"Slimebound:RejuvenatingLick","floor":8},{"not_picked":["Slimebound:RainOfGoop","Slimebound:PressTheAttack"],"picked":"Slimebound:SplitLeeching","floor":11},{"not_picked":["Slimebound:Equalize","Slimebound:SplitMire"],"picked":"Slimebound:TongueLash","floor":11},{"not_picked":["Slimebound:SplitMire","Slimebound:RollThrough","Slimebound:GrowthPunch"],"picked":"SKIP","floor":12},{"not_picked":["Slimebound:DisruptingSlam","Slimebound:GrowthPunch"],"picked":"Slimebound:Equalize","floor":13},{"not_picked":["Slimebound:DouseInSlime","Slimebound:GoopSpray","Slimebound:Nibble"],"picked":"SKIP","floor":14},{"not_picked":["Slimebound:SplitLeeching","Slimebound:SplitBruiser"],"picked":"Slimebound:SplitAcid","floor":15},{"not_picked":["Slimebound:RallyTheTroops","Slimebound:OneTwoCombo"],"picked":"Slimebound:WasteNot","floor":16},{"not_picked":["Slimebound:SplitAcid","Slimebound:Chomp"],"picked":"Slimebound:Gluttony+1","floor":19},{"not_picked":["Slimebound:SplitBruiser","Slimebound:GoopSpray"],"picked":"Slimebound:PrepareCrush","floor":20},{"not_picked":["Slimebound:PressTheAttack+1","Slimebound:SplitMire+1","Slimebound:SlimeTap"],"picked":"SKIP","floor":21},{"not_picked":["Slimebound:Grow+1","Slimebound:LeechEnergy"],"picked":"Slimebound:Nibble+1","floor":22},{"not_picked":["Slimebound:GoopTackle+1","Slimebound:Teamwork","Slimebound:FlameTackle"],"picked":"SKIP","floor":23},{"not_picked":["Slimebound:Schlurp","Slimebound:SlimeBrawl"],"picked":"Slimebound:SamplingLick","floor":25},{"not_picked":["Slimebound:FinishingTackle","Slimebound:PressTheAttack"],"picked":"Slimebound:SamplingLick","floor":28},{"not_picked":["Slimebound:SplitBruiser","Slimebound:SplitAcid"],"picked":"Slimebound:Schlurp+1","floor":30},{"not_picked":["Slimebound:ItLooksTasty","Slimebound:RainOfGoop","Slimebound:LeechEnergy"],"picked":"SKIP","floor":31},{"not_picked":["Slimebound:TongueLash+1","Slimebound:SplitAcid"],"picked":"Slimebound:RollThrough","floor":32},{"not_picked":["hubris:SpiceAddiction","Slimebound:PrepareCrush"],"picked":"Slimebound:DuplicatedForm","floor":33},{"not_picked":["Slimebound:FinishingTackle+1","Slimebound:SlimeBarrage+1"],"picked":"Slimebound:SlimeSpikes+1","floor":36},{"not_picked":["Replay:SS_fish_3","expansioncontent:DefensiveStance"],"picked":"Replay:SS_hec_4","floor":37},{"not_picked":["Slimebound:Chomp","Slimebound:LeechEnergy"],"picked":"Slimebound:ViciousTackle","floor":39},{"not_picked":["Slimebound:RallyTheTroops","Slimebound:SplitLeeching+1"],"picked":"Slimebound:FinishingTackle+1","floor":42},{"not_picked":["Slimebound:FlameTackle+1","Slimebound:LeechEnergy+1","Slimebound:Dissolve"],"picked":"Slimebound:LeechingTouch+1","floor":43},{"not_picked":["Slimebound:ComboTackle+1","Slimebound:LeadByExample","Slimebound:Schlurp+1"],"picked":"Slimebound:SamplingLick+1","floor":45},{"not_picked":["Slimebound:SplitMire","Slimebound:ComboTackle+1","Slimebound:SplitAcid"],"picked":"Slimebound:MassFeed","floor":48},{"not_picked":["hubris:SpiceAddiction","hubris:SpiceAddiction","Slimebound:Gluttony"],"picked":"Slimebound:SamplingLick","floor":49}],"player_experience":7704,"relics_obtained":[{"floor":8,"key":"Slimebound:AggressiveSlimeRelic"},{"floor":11,"key":"hubris:PeanutButter"},{"floor":23,"key":"hubris:Spice"},{"floor":24,"key":"hubris:Spice"},{"floor":31,"key":"Regal Pillow"},{"floor":41,"key":"Letter Opener"}],"event_choices":[],"is_beta":false,"boss_relics":[{"not_picked":["SacredBark","hubris:TerracottaHorce"],"picked":"Slimebound:TarBlob"},{"not_picked":["Replay:Wanted Poster","hubris:Spice"],"picked":"Empty Cage"}],"items_purged_floors":[],"is_endless":false,"potions_floor_spawned":[2,3,5,8,22,25,31,32,39,45,48,49],"killed_by":"downfall:CharBossMerchant","ascension_level":0}}