{"host":"FirstDane","time":1610598142,"event":{"mods":["BaseMod","Bestiary","Highlight Path","Minty Spire (QoL Compilation)","Relic Stats","Slay the Relics Exporter"],"gold_per_floor":[157,195,175,232,61,61,102,102,102,154,222,222,272,63,63,142,142,113,12,12,24,41,41,41,41,41,41,94,19,19,76,76,150,150,165,165,185,85,121,121,150,8,8,35,66,78,90,153,165,177,177],"floor_reached":50,"language":"ENG","playtime":3445,"items_purged":["Strike_G","Strike_G"],"score":1198,"play_id":"dcdead9a-83a4-489f-a9e6-6fa480ed8d64","local_time":"20210113222222","is_ascension_mode":true,"campfire_choices":[{"data":"HandOfGreed","floor":6,"key":"SMITH"},{"floor":8,"key":"REST"},{"data":"Blade Dance","floor":15,"key":"SMITH"},{"data":"Bane","floor":23,"key":"SMITH"},{"data":"Terror","floor":25,"key":"SMITH"},{"data":"Deflect","floor":27,"key":"SMITH"},{"data":"Blade Dance","floor":30,"key":"SMITH"},{"floor":32,"key":"REST"},{"floor":40,"key":"REST"},{"floor":47,"key":"RECALL"},{"floor":49,"key":"REST"}],"circlet_count":0,"master_deck":["AscendersBane","Strike_G","Strike_G","Defend_G","Defend_G","Defend_G","Defend_G","Defend_G","Survivor","Neutralize","HandOfGreed+1","Blade Dance+1","Backflip","Dagger Spray","Leg Sweep","Blur","Noxious Fumes","Envenom+1","Blade Dance+1","Deflect+1","Bane+1","Terror+1","Die Die Die","PiercingWail","Corpse Explosion","Footwork+1","Backflip","Calculated Gamble","Doubt","Catalyst"],"relics":["Ring of the Snake","Snake Skull","Nunchaku","Paper Crane","Bottled Lightning","Potion Belt","SacredBark","Bag of Marbles","Frozen Egg 2","TungstenRod","Busted Crown","Shovel","MawBank","Akabeko"],"acts_visited":["Exordium","TheCity","TheBeyond"],"potions_floor_usage":[10,10,18,21,21,21,22,31,33,33,37,41,48],"damage_taken":[{"damage":8,"enemies":"Small Slimes","floor":1,"turns":4},{"damage":1,"enemies":"Cultist","floor":2,"turns":3},{"damage":3,"enemies":"2 Louse","floor":4,"turns":4},{"damage":5,"enemies":"Large Slime","floor":7,"turns":6},{"damage":25,"enemies":"Lagavulin","floor":10,"turns":7},{"damage":1,"enemies":"Exordium Thugs","floor":11,"turns":4},{"damage":12,"enemies":"Gremlin Nob","floor":13,"turns":4},{"damage":10,"enemies":"The Guardian","floor":16,"turns":13},{"damage":1,"enemies":"2 Thieves","floor":18,"turns":4},{"damage":0,"enemies":"Spheric Guardian","floor":21,"turns":3},{"damage":14,"enemies":"Shelled Parasite and Fungi","floor":22,"turns":9},{"damage":0,"enemies":"Gremlin Leader","floor":28,"turns":5},{"damage":25,"enemies":"Slavers","floor":31,"turns":10},{"damage":16,"enemies":"Automaton","floor":33,"turns":6},{"damage":17,"enemies":"Orb Walker","floor":35,"turns":4},{"damage":0,"enemies":"3 Darklings","floor":37,"turns":2},{"damage":29,"enemies":"Spire Growth","floor":39,"turns":6},{"damage":21,"enemies":"Nemesis","floor":41,"turns":7},{"damage":2,"enemies":"Giant Head","floor":44,"turns":7},{"damage":0,"enemies":"Writhing Mass","floor":45,"turns":11},{"damage":43,"enemies":"Reptomancer","floor":48,"turns":8},{"damage":42,"enemies":"Awakened One","floor":50,"turns":9}],"seed_played":"-513900741918454142","potions_obtained":[{"floor":1,"key":"Explosive Potion"},{"floor":3,"key":"SkillPotion"},{"floor":7,"key":"EntropicBrew"},{"floor":10,"key":"EntropicBrew"},{"floor":16,"key":"CunningPotion"},{"floor":21,"key":"SpeedPotion"},{"floor":22,"key":"Block Potion"},{"floor":31,"key":"Swift Potion"},{"floor":35,"key":"FearPotion"},{"floor":37,"key":"Fire Potion"},{"floor":39,"key":"ColorlessPotion"}],"is_trial":false,"path_per_floor":["M","M","?","M","$","R","M","R","T","E","M","?","E","$","R","B",null,"M","$","?","M","M","R","?","R","T","R","E","?","R","E","R","B",null,"M","?","M","$","M","R","E","$","T","E","M","?","R","E","R","B"],"character_chosen":"THE_SILENT","items_purchased":["Snake Skull","Noxious Fumes","Potion Belt","Deflect","Footwork+1","Backflip"],"campfire_rested":4,"item_purchase_floors":[5,14,14,19,42,42],"current_hp_per_floor":[36,35,35,32,32,32,27,46,46,21,20,20,8,8,8,19,54,53,53,53,53,39,39,39,39,39,39,39,39,39,14,33,17,54,37,37,37,37,8,26,5,5,5,3,3,63,63,20,38,0,0],"gold":177,"neow_bonus":"RANDOM_COLORLESS_2","is_daily":false,"chose_seed":false,"campfire_upgraded":6,"win_rate":0.0,"timestamp":1610598142,"path_taken":["M","M","?","M","?","R","M","R","T","E","M","?","E","$","R","BOSS","M","$","?","?","M","R","?","R","T","R","E","?","R","E","R","BOSS","M","?","M","$","M","R","E","$","T","E","M","?","R","E","R","BOSS"],"items_purchased_type":["Relic","Card","Relic","Card","Card","Card"],"build_version":"2020-12-18","purchased_purges":2,"victory":false,"max_hp_per_floor":[66,66,66,66,66,66,66,66,66,66,66,66,66,66,66,66,66,66,66,66,66,66,66,66,66,66,66,66,66,66,66,66,66,66,66,63,63,63,63,63,63,63,63,63,63,63,63,63,63,63,63],"relic_stats":{"Nunchaku":[31],"Busted Crown":14,"Shovel":0,"counters":[22,136],"Snake Skull":[223],"MawBank":72,"obtain_stats":[{"Potion Belt":14,"SacredBark":17,"Snake Skull":5,"Paper Crane":10,"Frozen Egg 2":28,"MawBank":44,"Akabeko":48,"Nunchaku":9,"Busted Crown":34,"Shovel":41,"Bag of Marbles":26,"Bottled Lightning":13,"TungstenRod":31,"Ring of the Snake":0},{"Potion Belt":7,"SacredBark":8,"Snake Skull":3,"Paper Crane":5,"Frozen Egg 2":12,"MawBank":19,"Akabeko":21,"Nunchaku":4,"Busted Crown":14,"Shovel":18,"Bag of Marbles":11,"Bottled Lightning":7,"TungstenRod":13,"Ring of the Snake":0},{"Potion Belt":32,"SacredBark":45,"Snake Skull":11,"Paper Crane":24,"Frozen Egg 2":66,"MawBank":108,"Akabeko":127,"Nunchaku":17,"Busted Crown":82,"Shovel":101,"Bag of Marbles":61,"Bottled Lightning":32,"TungstenRod":76,"Ring of the Snake":0}],"TungstenRod":23,"Ring of the Snake":[44]},"card_choices":[{"not_picked":["Magnetism","Master of Strategy"],"picked":"HandOfGreed","floor":0},{"not_picked":["Sucker Punch","Dagger Throw"],"picked":"Blade Dance","floor":1},{"not_picked":["Deadly Poison","Well Laid Plans"],"picked":"Backflip","floor":2},{"not_picked":["Cloak And Dagger","Deflect"],"picked":"Dagger Spray","floor":4},{"not_picked":["PiercingWail","Calculated Gamble"],"picked":"Leg Sweep","floor":7},{"not_picked":["Sucker Punch","Deflect","Prepared"],"picked":"SKIP","floor":10},{"not_picked":["Sucker Punch","Deflect","Prepared"],"picked":"SKIP","floor":10},{"not_picked":["Cloak And Dagger","Night Terror","PiercingWail"],"picked":"SKIP","floor":11},{"not_picked":["Calculated Gamble","Deflect"],"picked":"Blur","floor":13},{"not_picked":["Glass Knife","Doppelganger"],"picked":"Envenom","floor":16},{"not_picked":["Dash","Noxious Fumes"],"picked":"Blade Dance","floor":18},{"not_picked":["Poisoned Stab","Flying Knee"],"picked":"Bane","floor":21},{"not_picked":["Cloak And Dagger","Poisoned Stab","Expertise"],"picked":"SKIP","floor":22},{"not_picked":["Deadly Poison","Poisoned Stab"],"picked":"Die Die Die","floor":28},{"not_picked":["Deadly Poison","Terror"],"picked":"PiercingWail","floor":31},{"not_picked":["Bullet Time","Burst"],"picked":"Corpse Explosion","floor":33},{"not_picked":["Outmaneuver"],"picked":"SKIP","floor":35},{"not_picked":["Deadly Poison"],"picked":"SKIP","floor":37},{"not_picked":["Poisoned Stab"],"picked":"SKIP","floor":39},{"not_picked":["Poisoned Stab"],"picked":"SKIP","floor":39},{"not_picked":["Slice+1"],"picked":"SKIP","floor":41},{"not_picked":["Dagger Spray"],"picked":"SKIP","floor":44},{"not_picked":[],"picked":"Calculated Gamble","floor":45},{"not_picked":[],"picked":"Catalyst","floor":48}],"player_experience":3911438,"relics_obtained":[{"floor":9,"key":"Nunchaku"},{"floor":10,"key":"Paper Crane"},{"floor":13,"key":"Bottled Lightning"},{"floor":26,"key":"Bag of Marbles"},{"floor":28,"key":"Frozen Egg 2"},{"floor":31,"key":"TungstenRod"},{"floor":41,"key":"Shovel"},{"floor":44,"key":"MawBank"},{"floor":48,"key":"Akabeko"}],"event_choices":[{"damage_healed":0,"gold_gain":0,"player_choice":"Bought 1 Potion","damage_taken":0,"max_hp_gain":0,"max_hp_loss":0,"event_name":"The Woman in Blue","floor":3,"gold_loss":0},{"damage_healed":0,"gold_gain":0,"player_choice":"Ignored","damage_taken":0,"max_hp_gain":0,"max_hp_loss":0,"event_name":"Liars Game","floor":12,"gold_loss":0},{"damage_healed":0,"gold_gain":0,"player_choice":"Upgraded","damage_taken":0,"max_hp_gain":0,"max_hp_loss":0,"event_name":"Upgrade Shrine","floor":20,"gold_loss":0,"cards_upgraded":["Envenom"]},{"damage_healed":0,"gold_gain":0,"player_choice":"Read","damage_taken":0,"max_hp_gain":0,"max_hp_loss":0,"event_name":"The Library","floor":24,"gold_loss":0,"cards_obtained":["Terror"]},{"cards_removed":["Strike_G"],"damage_healed":0,"gold_gain":0,"player_choice":"Gave Gold","damage_taken":0,"max_hp_gain":0,"max_hp_loss":0,"event_name":"Beggar","floor":29,"gold_loss":75},{"damage_healed":0,"gold_gain":0,"player_choice":"Max HP","damage_taken":0,"max_hp_gain":0,"max_hp_loss":3,"event_name":"Winding Halls","floor":36,"gold_loss":0},{"damage_healed":60,"gold_gain":0,"player_choice":"Heal","damage_taken":0,"max_hp_gain":0,"max_hp_loss":0,"event_name":"MindBloom","floor":46,"gold_loss":0,"cards_obtained":["Doubt"]}],"is_beta":true,"boss_relics":[{"not_picked":["WristBlade","Tiny House"],"picked":"SacredBark"},{"not_picked":["Snecko Eye","Black Star"],"picked":"Busted Crown"}],"items_purged_floors":[19,38],"is_endless":false,"potions_floor_spawned":[1,7,10,16,21,22,31,35,37,39],"killed_by":"Awakened One","ascension_level":20}}