{"host":"obplhmlw33xb91v8","time":1610647203,"event":{"mods":["BaseMod","Block Reminder","Curses Come First","Evolution","Minty Spire (QoL Compilation)","Quick Restart","Relic Stats","Spicy Shops","StSLib","Uncapped","Waifu the Spire","slay the spire mod where everything is the same but ironclad has a cowboy hat"],"gold_per_floor":[117,129,36,52,69,94,94,129,129,129,147,147,165,181,181,286,286,306,4,15,15,32,63,81,93,93,93,113,146,146,146,146,243,293,313,327,337,81,96,96,121,138,192,211,224,224,242,242,242,242,242],"floor_reached":50,"language":"ENG","playtime":2101,"items_purged":["Strike_R","Defend_R"],"score":693,"play_id":"54892587-6299-40f0-a4cb-edafd598c039","local_time":"20210114130003","is_ascension_mode":true,"campfire_choices":[{"floor":10,"key":"REST"},{"floor":15,"key":"REST"},{"floor":27,"key":"REST"},{"floor":30,"key":"REST"},{"floor":32,"key":"REST"},{"floor":40,"key":"REST"},{"floor":46,"key":"REST"},{"floor":49,"key":"RECALL"}],"circlet_count":0,"master_deck":["Strike_R","Strike_R","Strike_R","Strike_R","Defend_R","Defend_R","Defend_R","Bash","Pommel Strike","Demon Form","Flex+1","Infernal Blade","Shrug It Off","Feed","Flame Barrier","Flame Barrier","Thunderclap","Infernal Blade","Body Slam+1","Intimidate","Uppercut+1","Exhume","Seeing Red+1","Feel No Pain","Shrug It Off","Juggernaut","Inflame","Sword Boomerang+1","Flex+1"],"relics":["EVO:Axolotl","Fusion Hammer","FossilizedHelix","Bottled Flame","Dream Catcher","Mummified Hand","Champion Belt","Mark of Pain","PreservedInsect","Smiling Mask","Torii","Singing Bowl","Tiny House","Medical Kit","Lizard Tail"],"acts_visited":["Exordium","TheCity","TheBeyond"],"potions_floor_usage":[23,25,28,29,37,39,44,50],"damage_taken":[{"damage":7,"enemies":"Jaw Worm","floor":1,"turns":3},{"damage":6,"enemies":"2 Louse","floor":2,"turns":2},{"damage":0,"enemies":"Cultist","floor":4,"turns":3},{"damage":3,"enemies":"Blue Slaver","floor":5,"turns":3},{"damage":0,"enemies":"Lagavulin","floor":6,"turns":5},{"damage":18,"enemies":"Gremlin Nob","floor":8,"turns":4},{"damage":0,"enemies":"Exordium Wildlife","floor":11,"turns":3},{"damage":0,"enemies":"2 Fungi Beasts","floor":13,"turns":3},{"damage":23,"enemies":"Lots of Slimes","floor":14,"turns":4},{"damage":38,"enemies":"The Guardian","floor":16,"turns":8},{"damage":0,"enemies":"Chosen","floor":18,"turns":4},{"damage":5,"enemies":"2 Thieves","floor":20,"turns":4},{"damage":28,"enemies":"3 Cultists","floor":22,"turns":6},{"damage":18,"enemies":"Slavers","floor":23,"turns":5},{"damage":15,"enemies":"Snake Plant","floor":24,"turns":5},{"damage":2,"enemies":"Centurion and Healer","floor":25,"turns":5},{"damage":8,"enemies":"3 Cultists","floor":28,"turns":5},{"damage":1,"enemies":"Gremlin Leader","floor":29,"turns":4},{"damage":103,"enemies":"Champ","floor":33,"turns":12},{"damage":0,"enemies":"Orb Walker","floor":35,"turns":5},{"damage":46,"enemies":"3 Darklings","floor":36,"turns":7},{"damage":44,"enemies":"4 Shapes","floor":37,"turns":6},{"damage":12,"enemies":"Writhing Mass","floor":39,"turns":4},{"damage":9,"enemies":"Nemesis","floor":41,"turns":5},{"damage":0,"enemies":"Jaw Worm Horde","floor":42,"turns":3},{"damage":0,"enemies":"Maw","floor":44,"turns":7},{"damage":55,"enemies":"Spire Growth","floor":45,"turns":5},{"damage":12,"enemies":"Jaw Worm Horde","floor":47,"turns":4},{"damage":79,"enemies":"Awakened One","floor":50,"turns":5}],"seed_played":"-2844833267884945455","potions_obtained":[{"floor":2,"key":"LiquidBronze"},{"floor":11,"key":"Ancient Potion"},{"floor":13,"key":"Strength Potion"},{"floor":24,"key":"AttackPotion"},{"floor":25,"key":"ColorlessPotion"},{"floor":29,"key":"DistilledChaos"},{"floor":31,"key":"FairyPotion"},{"floor":31,"key":"FairyPotion"},{"floor":34,"key":"FairyPotion"},{"floor":35,"key":"FearPotion"},{"floor":37,"key":"Ancient Potion"},{"floor":42,"key":"PowerPotion"},{"floor":47,"key":"FearPotion"}],"is_trial":false,"path_per_floor":["M","M","$","M","M","E","?","E","T","R","M","?","M","M","R","B",null,"M","$","M","$","M","E","M","M","T","R","M","E","R","?","R","B",null,"M","M","M","$","M","R","E","M","T","M","M","R","M","?","R","B"],"character_chosen":"IRONCLAD","items_purchased":["FossilizedHelix","PreservedInsect","Flame Barrier","Thunderclap","Medical Kit"],"campfire_rested":7,"item_purchase_floors":[3,19,19,19,38],"current_hp_per_floor":[73,67,67,67,64,64,64,46,46,70,70,45,45,22,46,8,80,80,80,75,75,47,29,14,12,12,36,28,27,51,51,75,24,87,89,45,1,1,18,47,40,43,43,43,52,84,77,77,77,0,0],"gold":242,"neow_bonus":"BOSS_RELIC","is_daily":false,"chose_seed":false,"campfire_upgraded":0,"win_rate":0.0,"timestamp":1610647203,"path_taken":["M","M","$","M","M","E","?","E","T","R","M","?","M","M","R","BOSS","M","$","M","$","M","E","M","M","T","R","M","E","R","?","R","BOSS","M","M","M","$","M","R","E","M","T","?","M","R","M","?","R","BOSS"],"items_purchased_type":["Relic","Relic","Card","Card","Relic"],"build_version":"2020-12-22","purchased_purges":2,"victory":false,"max_hp_per_floor":[80,80,80,80,80,80,80,80,80,80,80,80,80,80,80,80,80,80,80,80,80,80,80,80,80,80,80,80,80,80,80,80,80,87,89,91,91,91,93,95,97,100,100,100,102,104,109,109,109,109,109],"relic_stats":{"Dream Catcher":7,"Lizard Tail":50,"Torii":14,"Singing Bowl":18,"counters":[29,139],"Mummified Hand":[51],"PreservedInsect":129,"Champion Belt":[61],"Smiling Mask":75,"Medical Kit":[11],"obtain_stats":[{"Tiny House":34,"Torii":26,"Singing Bowl":29,"PreservedInsect":19,"EVO:Axolotl":0,"Smiling Mask":23,"Medical Kit":38,"Burning Blood":0,"Bottled Flame":6,"Dream Catcher":8,"Lizard Tail":41,"Mummified Hand":9,"Fusion Hammer":0,"Mark of Pain":17,"Champion Belt":12,"FossilizedHelix":3},{"Tiny House":19,"Torii":16,"Singing Bowl":18,"PreservedInsect":11,"EVO:Axolotl":0,"Smiling Mask":14,"Medical Kit":22,"Burning Blood":0,"Bottled Flame":5,"Dream Catcher":6,"Lizard Tail":24,"Mummified Hand":6,"Fusion Hammer":0,"Mark of Pain":10,"Champion Belt":7,"FossilizedHelix":2},{"Tiny House":88,"Torii":67,"Singing Bowl":76,"PreservedInsect":42,"EVO:Axolotl":0,"Smiling Mask":57,"Medical Kit":106,"Burning Blood":0,"Bottled Flame":16,"Dream Catcher":20,"Lizard Tail":115,"Mummified Hand":20,"Fusion Hammer":0,"Mark of Pain":38,"Champion Belt":23,"FossilizedHelix":5}]},"card_choices":[{"not_picked":["Clash","Warcry"],"picked":"Pommel Strike","floor":1},{"not_picked":["Armaments","Anger","Heavy Blade"],"picked":"SKIP","floor":2},{"not_picked":["Carnage","Headbutt"],"picked":"Demon Form","floor":4},{"not_picked":["Ghostly Armor","Clash"],"picked":"Flex","floor":5},{"not_picked":["Rupture","Heavy Blade"],"picked":"Infernal Blade","floor":6},{"not_picked":["Wild Strike","Sword Boomerang","Heavy Blade"],"picked":"SKIP","floor":8},{"not_picked":["Sword Boomerang","Thunderclap"],"picked":"Shrug It Off","floor":11},{"not_picked":["Rage","Body Slam","Perfected Strike"],"picked":"SKIP","floor":13},{"not_picked":["Headbutt","Blood for Blood","Iron Wave"],"picked":"SKIP","floor":14},{"not_picked":["Berserk","Fiend Fire"],"picked":"Feed","floor":16},{"not_picked":["Clothesline+1","Havoc"],"picked":"Flame Barrier","floor":18},{"not_picked":["Dropkick","Inflame"],"picked":"Metallicize","floor":20},{"not_picked":["Iron Wave","Headbutt","Searing Blow"],"picked":"SKIP","floor":22},{"not_picked":["Entrench","Heavy Blade+1"],"picked":"Infernal Blade","floor":23},{"not_picked":["Wild Strike+1","Thunderclap"],"picked":"Body Slam+1","floor":24},{"not_picked":["Anger","Havoc"],"picked":"Intimidate","floor":25},{"not_picked":["Armaments","Headbutt"],"picked":"Uppercut+1","floor":27},{"not_picked":["Wild Strike+1","Flex"],"picked":"Exhume","floor":28},{"not_picked":["Clothesline","Heavy Blade+1"],"picked":"Seeing Red+1","floor":29},{"not_picked":["Warcry","Cleave"],"picked":"Feel No Pain","floor":30},{"not_picked":["Clash","Flame Barrier"],"picked":"Shrug It Off","floor":32},{"not_picked":["Fiend Fire","Corruption"],"picked":"Juggernaut","floor":33},{"not_picked":["Heavy Blade","Flex","Pommel Strike"],"picked":"Singing Bowl","floor":34},{"not_picked":["Battle Trance","Sever Soul+1","Dark Embrace+1"],"picked":"Singing Bowl","floor":35},{"not_picked":["Rage","Armaments","Twin Strike"],"picked":"Singing Bowl","floor":36},{"not_picked":["Searing Blow+1","Body Slam"],"picked":"Inflame","floor":37},{"not_picked":["Wild Strike","Body Slam+1","Anger"],"picked":"Singing Bowl","floor":39},{"not_picked":["Thunderclap+1","Armaments","Searing Blow"],"picked":"Singing Bowl","floor":40},{"not_picked":["Combust","Warcry","Wild Strike+1"],"picked":"Singing Bowl","floor":41},{"not_picked":["Iron Wave+1","Dual Wield+1"],"picked":"Sword Boomerang+1","floor":42},{"not_picked":["Evolve","Fire Breathing"],"picked":"Flex+1","floor":44},{"not_picked":["Havoc+1","Burning Pact+1","Headbutt+1"],"picked":"Singing Bowl","floor":45},{"not_picked":["Sword Boomerang","Combust+1","Wild Strike"],"picked":"Singing Bowl","floor":46},{"not_picked":["Evolve+1","Headbutt+1","Sword Boomerang"],"picked":"Singing Bowl","floor":47}],"player_experience":196525,"relics_obtained":[{"floor":6,"key":"Bottled Flame"},{"floor":8,"key":"Dream Catcher"},{"floor":9,"key":"Mummified Hand"},{"floor":23,"key":"Smiling Mask"},{"floor":26,"key":"Torii"},{"floor":29,"key":"Singing Bowl"},{"floor":41,"key":"Lizard Tail"}],"event_choices":[{"damage_healed":0,"gold_gain":0,"player_choice":"Ignored","damage_taken":0,"max_hp_gain":0,"max_hp_loss":0,"event_name":"Liars Game","floor":7,"gold_loss":0},{"damage_healed":0,"gold_gain":0,"player_choice":"Success","damage_taken":25,"relics_obtained":["Champion Belt"],"max_hp_gain":0,"max_hp_loss":0,"event_name":"Scrap Ooze","floor":12,"gold_loss":0},{"damage_healed":0,"gold_gain":0,"player_choice":"Got Potions","damage_taken":0,"max_hp_gain":0,"max_hp_loss":0,"event_name":"Lab","floor":31,"gold_loss":0},{"cards_removed":["Metallicize"],"damage_healed":0,"gold_gain":0,"player_choice":"Removed Power","damage_taken":0,"max_hp_gain":0,"max_hp_loss":0,"event_name":"Falling","floor":48,"gold_loss":0}],"is_beta":false,"boss_relics":[{"not_picked":["SacredBark","Runic Dome"],"picked":"Mark of Pain"},{"not_picked":["Runic Cube","Velvet Choker"],"picked":"Tiny House"}],"items_purged_floors":[38,38],"is_endless":false,"potions_floor_spawned":[2,11,13,14,16,20,24,25,29,35,37,42,47],"killed_by":"Awakened One","ascension_level":4}}