{"host":"el64n55ujqqj0ju7","time":1610657638,"event":{"mods":["AchievementEnabler","Act Like it!","BaseMod","Beaked The Cultist","Better Altar","Better Third Choice","BetterRewards","Card Forge","Colored Map","Conspire","Downfall","Hallownest","Hermit","Hubris","Infinite Spire","Lobotomy","Minty Spire (QoL Compilation)","Rare Cards Sparkle","Replay The Spire","Spicy Shops","Spikes Relics","StSLib","The Bug Knight","The Hierophant"],"gold_per_floor":[112,126,144,69,89,117,127,127,127,127,162,182,182,213,213,314,314,333,350,360,360,376,408,418,418,445,455,455,483,499,509,509,604,604,620,28,148,161,84,111,111,142,166,178,178,178,210,228,228,228],"floor_reached":51,"language":"ENG","playtime":2438,"items_purged":["Spreading Infection"],"score":1001,"play_id":"cb1d3f24-f5b3-4498-9a80-4b0a7e44d3d6","local_time":"20210114155358","is_ascension_mode":false,"campfire_choices":[{"data":"Zap","floor":8,"key":"SMITH"},{"data":"Electrodynamics","floor":10,"key":"SMITH"},{"data":"Dualcast","floor":15,"key":"SMITH"},{"data":"Biased Cognition","floor":25,"key":"SMITH"},{"data":"BlessedFruit","floor":28,"key":"SMITH"},{"data":"Biased Cognition","floor":32,"key":"SMITH"},{"data":"Loop","floor":41,"key":"SMITH"},{"data":"ReplayTheSpireMod:Calculation Training","floor":45,"key":"SMITH"},{"data":"Seek","floor":49,"key":"SMITH"}],"circlet_count":0,"master_deck":["Strike_B","Strike_B","Strike_B","Strike_B","Defend_B","Defend_B","Defend_B","Defend_B","Zap+1","Dualcast+1","Electrodynamics+1","Reinforced Body","BootSequence","Barrage","BootSequence","Ball Lightning","Conserve Battery","Ball Lightning","Biased Cognition+1","Hologram+1","Genetic Algorithm","BlessedFruit","BlessedFruit+1","Loop+1","hubris:PowerSurge+1","Biased Cognition+1","ReplayTheSpireMod:Brewmster","Replay:Bootleg Shield Generator","Cold Snap+1","ReplayTheSpireMod:Calculation Training+1","Seek+1"],"relics":["Cracked Core","Hammer of Thor","Seething Fire","Anvil of the Gods","hubris:Reverence","Toy Ornithopter","Nunchaku","NlothsMask","Replay:Bottled Snecko","hubris:RunicObelisk","Replay:Ringing Soul","HeavenlyBonsai","infinitespire:Lucky Rock","AncientExoskeleton","OrangePellets","Replay:Baseball","Solar Panel","Mercury Hourglass","Raider\u0027s Mask","hubris:SphereOfDissonance","WizardHat","Anchor","hubris:DisguiseKit"],"acts_visited":["Exordium","TheCity","TheBeyond"],"potions_floor_usage":[5,27,30,35,35,38],"damage_taken":[{"damage":3,"enemies":"Small Slimes","floor":1,"turns":3},{"damage":0,"enemies":"Cultist","floor":2,"turns":4},{"damage":0,"enemies":"conspire:RoseBush","floor":3,"turns":2},{"damage":4,"enemies":"Gremlin Gang","floor":5,"turns":4},{"damage":3,"enemies":"HollowMod:MossKnight","floor":6,"turns":6},{"damage":0,"enemies":"Lots of Slimes","floor":7,"turns":3},{"damage":14,"enemies":"Gremlin Nob","floor":11,"turns":3},{"damage":0,"enemies":"3 Louse","floor":12,"turns":3},{"damage":7,"enemies":"HollowMod:MossKnight","floor":14,"turns":4},{"damage":20,"enemies":"Fading Forest","floor":16,"turns":11},{"damage":10,"enemies":"2 Thieves","floor":18,"turns":3},{"damage":0,"enemies":"Chosen","floor":19,"turns":4},{"damage":0,"enemies":"3 Cultists","floor":20,"turns":3},{"damage":16,"enemies":"Snake Plant","floor":22,"turns":4},{"damage":4,"enemies":"Gremlin Leader","floor":23,"turns":6},{"damage":17,"enemies":"Snecko","floor":24,"turns":5},{"damage":7,"enemies":"Centurion and Healer","floor":27,"turns":5},{"damage":16,"enemies":"Book of Stabbing","floor":29,"turns":5},{"damage":0,"enemies":"Snake Plant","floor":30,"turns":3},{"damage":0,"enemies":"conspire:HollyBat","floor":31,"turns":5},{"damage":15,"enemies":"hubris:MusketHawk","floor":33,"turns":6},{"damage":4,"enemies":"3 Darklings","floor":35,"turns":4},{"damage":9,"enemies":"Orb Walker","floor":38,"turns":4},{"damage":0,"enemies":"HollowMod:StalkingDevout","floor":40,"turns":4},{"damage":7,"enemies":"R_Hoarder","floor":42,"turns":5},{"damage":0,"enemies":"Jaw Worm Horde","floor":44,"turns":2},{"damage":0,"enemies":"beaked:SuperParasite","floor":47,"turns":5},{"damage":0,"enemies":"Sphere and 2 Shapes","floor":48,"turns":3},{"damage":0,"enemies":"hubris:GrandSnecko","floor":50,"turns":7}],"seed_played":"-1936292054836156985","potions_obtained":[{"floor":1,"key":"Slimebound:ThreeZeroPotion"},{"floor":6,"key":"Energy Potion"},{"floor":12,"key":"FocusPotion"},{"floor":14,"key":"DuplicationPotion"},{"floor":18,"key":"FocusPotion"},{"floor":23,"key":"SkillPotion"},{"floor":29,"key":"infinitespire:BlackPotion"},{"floor":30,"key":"Explosive Potion"},{"floor":35,"key":"Milkshake"},{"floor":37,"key":"FairyPotion"},{"floor":40,"key":"Strength Potion"},{"floor":44,"key":"Energy Potion"}],"is_trial":false,"path_per_floor":["M","M","M","$","M","E","M","R","T","R","E","M","?","E","R","B",null,"M","M","M","?","M","E","M","R","T","M","R","E","M","M","R","B",null,"M","$","?","M","$","E","R","E","T","M","R","?","E","M","R","B",null],"character_chosen":"DEFECT","items_purchased":["OrangePellets","Replay:Baseball","Solar Panel","ReplayTheSpireMod:Brewmster","Raider\u0027s Mask"],"campfire_rested":0,"item_purchase_floors":[36,36,36,36,39],"current_hp_per_floor":[72,72,72,72,68,65,65,65,65,65,51,51,51,44,44,34,75,65,65,65,65,52,51,34,34,34,34,34,24,33,39,39,27,102,99,102,105,109,109,112,112,118,118,118,118,118,121,124,124,127],"gold":228,"neow_bonus":"THREE_RARE_CARDS","is_daily":false,"chose_seed":false,"campfire_upgraded":9,"win_rate":0.0,"timestamp":1610657638,"path_taken":["M","M","M","$","M","E","M","R","T","R","E","M","?","E","R","BOSS","M","M","M","?","M","E","M","R","T","M","R","E","M","?","R","BOSS","M","$","?","?","?","E","R","E","T","M","R","?","E","M","R","BOSS"],"items_purchased_type":["Relic","Relic","Relic","Card","Relic"],"build_version":"2020-12-22","purchased_purges":1,"victory":true,"max_hp_per_floor":[75,75,75,75,75,75,75,75,75,75,75,75,75,75,75,75,75,75,75,75,75,78,81,81,81,81,83,83,89,93,99,99,102,102,103,106,109,112,112,112,112,118,118,118,118,118,121,124,124,127],"card_choices":[{"not_picked":["hubris:DoWhile","Multi-Cast"],"picked":"Electrodynamics","floor":0},{"not_picked":["Beam Cell","BasicCrystalCard"],"picked":"Reinforced Body","floor":1},{"not_picked":["RefreshScreen","Heatsinks"],"picked":"BootSequence","floor":2},{"not_picked":["Steam Power","Go for the Eyes"],"picked":"Barrage","floor":3},{"not_picked":["Force Field","ReplayTheSpireMod:Reroute Power"],"picked":"BootSequence","floor":5},{"not_picked":["Streamline","RefreshScreen","Crystallizer"],"picked":"SKIP","floor":6},{"not_picked":["RefreshScreen","Mirror Shield"],"picked":"Ball Lightning","floor":7},{"not_picked":["Go for the Eyes","Steam Power"],"picked":"Conserve Battery","floor":11},{"not_picked":["Scrape","Gash","FTL"],"picked":"SKIP","floor":12},{"not_picked":["Beam Cell","Redo"],"picked":"Ball Lightning","floor":14},{"not_picked":["All For One","Thunder Strike"],"picked":"Biased Cognition","floor":16},{"not_picked":["DiskWipe","Rip and Tear"],"picked":"Hologram+1","floor":18},{"not_picked":["Steam Power","Sweeping Beam","Panic Button"],"picked":"SKIP","floor":19},{"not_picked":["Go for the Eyes","Stack","Sweeping Beam"],"picked":"SKIP","floor":20},{"not_picked":["Sweeping Beam","ReplaySort"],"picked":"Genetic Algorithm","floor":22},{"not_picked":["Auto Shields+1","Double Energy+1"],"picked":"Loop","floor":23},{"not_picked":["BasicCrystalCard+1","Go for the Eyes+1","ReplayTheSpireMod:GoodbyeWorld"],"picked":"SKIP","floor":24},{"not_picked":["Sweeping Beam","Hello World","BasicCrystalCard"],"picked":"SKIP","floor":27},{"not_picked":["Sweeping Beam","ReplaySort+1"],"picked":"hubris:PowerSurge+1","floor":29},{"not_picked":["Compile Driver","BasicCrystalCard","ReplayGash"],"picked":"SKIP","floor":30},{"not_picked":["BasicCrystalCard","Go for the Eyes"],"picked":"Biased Cognition","floor":31},{"not_picked":["Sweeping Beam+1","Beam Cell+1","Aggregate"],"picked":"SKIP","floor":35},{"not_picked":["Thinking Ahead","expansioncontent:DonusPower"],"picked":"Replay:Bootleg Shield Generator","floor":37},{"not_picked":["Panic Button+1","White Noise+1"],"picked":"Cold Snap+1","floor":38},{"not_picked":["Hologram","Scrape","Stack"],"picked":"SKIP","floor":40},{"not_picked":["ReplayRNGCard","Leap+1"],"picked":"ReplayTheSpireMod:Calculation Training","floor":42},{"not_picked":["Ball Lightning+1","Barrage","Panic Button"],"picked":"SKIP","floor":44},{"not_picked":["Steam+1","BasicCrystalCard","Streamline"],"picked":"SKIP","floor":47},{"not_picked":["BasicCrystalCard","ReplayTheSpireMod:System Scan","beaked:BloodForTheGods"],"picked":"Seek","floor":48}],"player_experience":18946,"relics_obtained":[{"floor":6,"key":"hubris:Reverence"},{"floor":9,"key":"Toy Ornithopter"},{"floor":11,"key":"Nunchaku"},{"floor":14,"key":"Replay:Bottled Snecko"},{"floor":23,"key":"HeavenlyBonsai"},{"floor":29,"key":"infinitespire:Lucky Rock"},{"floor":37,"key":"Mercury Hourglass"},{"floor":40,"key":"hubris:SphereOfDissonance"},{"floor":42,"key":"WizardHat"},{"floor":43,"key":"Anchor"},{"floor":47,"key":"hubris:DisguiseKit"}],"event_choices":[{"damage_healed":0,"gold_gain":0,"player_choice":"Trade","damage_taken":0,"relics_obtained":["NlothsMask"],"max_hp_gain":0,"max_hp_loss":0,"event_name":"FaceTrader","floor":13,"gold_loss":0},{"damage_healed":0,"gold_gain":0,"player_choice":"Gave Potion","damage_taken":0,"relics_obtained":["Replay:Ringing Soul"],"max_hp_gain":0,"max_hp_loss":0,"event_name":"WeMeetAgain","floor":21,"gold_loss":0},{"damage_healed":0,"gold_gain":0,"player_choice":"Random: Red","damage_taken":0,"max_hp_gain":0,"max_hp_loss":0,"event_name":"betterThird:BetterPortal","floor":37,"gold_loss":0}],"is_beta":false,"boss_relics":[{"not_picked":["Nuclear Battery","hubris:VirtuousBlindfold"],"picked":"hubris:RunicObelisk"},{"not_picked":["Honey Jar","Replay:Grab Bag"],"picked":"AncientExoskeleton"}],"items_purged_floors":[4],"is_endless":false,"potions_floor_spawned":[1,6,12,14,18,23,29,30,33,35,40,44,47,48],"ascension_level":0}}