{"host":"fc97bmrl7qvj4ruk","time":1610644821,"event":{"mods":["BaseMod","Colored Map","Hubris","Minty Spire (QoL Compilation)","Replay The Spire","StSLib","The Construct"],"gold_per_floor":[109,109,109,121,136,136,136],"floor_reached":6,"language":"ZHS","playtime":494,"items_purged":[],"score":36,"play_id":"02675e13-bd82-4a57-9b75-280694e47f0b","local_time":"20210114132021","is_ascension_mode":false,"campfire_choices":[],"circlet_count":0,"master_deck":["construct:Strike_Gold","construct:Strike_Gold","construct:Strike_Gold","construct:Strike_Gold","construct:Strike_Gold","construct:Defend_Gold","construct:Defend_Gold","construct:Defend_Gold","construct:Defend_Gold","construct:Defend_Gold","construct:AttackMode","construct:DefenseMode","construct:ShiftGuard","Regret","construct:ScrapCannon","construct:Autoturret"],"relics":["Tiny Chest","Replay:Antivirus Software"],"acts_visited":["Exordium"],"potions_floor_usage":[],"damage_taken":[{"damage":0,"enemies":"2 Louse","floor":1,"turns":3},{"damage":7,"enemies":"Small Slimes","floor":4,"turns":7},{"damage":9,"enemies":"Jaw Worm","floor":5,"turns":9},{"damage":94,"enemies":"Gremlin Nob","floor":6,"turns":8}],"seed_played":"-3662211539133199577","potions_obtained":[{"floor":1,"key":"Explosive Potion"},{"floor":4,"key":"SpeedPotion"}],"is_trial":false,"path_per_floor":["M","?","?","M","M","E"],"character_chosen":"THE_CONSTRUCT_MOD","items_purchased":[],"campfire_rested":0,"item_purchase_floors":[],"current_hp_per_floor":[93,93,93,86,77,0,0],"gold":136,"neow_bonus":"TEN_PERCENT_HP_BONUS","is_daily":false,"chose_seed":false,"campfire_upgraded":0,"win_rate":0.0,"timestamp":1610644821,"path_taken":["M","?","?","M","M","E"],"items_purchased_type":[],"build_version":"2020-12-22","purchased_purges":0,"victory":false,"max_hp_per_floor":[93,93,93,93,93,93,93],"card_choices":[{"not_picked":["construct:ScrapCannon","construct:VentSteam"],"picked":"construct:ShiftGuard","floor":1},{"not_picked":["construct:HeavyBolt","construct:Accumulate"],"picked":"construct:ScrapCannon","floor":4},{"not_picked":["construct:Forcefield","construct:PowerUp"],"picked":"construct:Autoturret","floor":5}],"player_experience":138669,"relics_obtained":[],"event_choices":[{"damage_healed":0,"gold_gain":0,"player_choice":"Box","damage_taken":0,"relics_obtained":["Tiny Chest"],"max_hp_gain":0,"max_hp_loss":0,"event_name":"Big Fish","floor":2,"gold_loss":0,"cards_obtained":["Regret"]}],"is_beta":false,"boss_relics":[],"items_purged_floors":[],"is_endless":false,"potions_floor_spawned":[1,4],"killed_by":"Gremlin Nob","ascension_level":0}}