{"host":"tom9euzqew4po1rs","time":1610621580,"event":{"mods":["BaseMod","Curses Come First","Downfall","Minty Spire (QoL Compilation)","Quick Restart","Rare Cards Sparkle","Replay The Spire","StSLib","The Cursed"],"gold_per_floor":[99,119,129,145,160,179,179,190,217,230,249,249,275,301,316,420,420,145,155,240,259,272,292,360,360,310,328,339,439,389,399,416,515,515,465,481,70,68,68,168,236,186,196,210,210,220,48,59,73,73,73,108,8,8,8],"floor_reached":56,"language":"ENG","playtime":4422,"items_purged":["Regret","Injury"],"score":1271,"play_id":"1396cea1-e277-4f8e-82cf-423fa6682847","local_time":"20210114055300","is_ascension_mode":false,"campfire_choices":[{"floor":1.0,"key":"RECALL"},{"floor":18,"key":"REST"},{"data":"Slimebound:Darklings","floor":26,"key":"SMITH"},{"data":"Slimebound:Split","floor":30,"key":"SMITH"},{"data":"Slimebound:MassRepurpose","floor":42,"key":"SMITH"},{"data":"Slimebound:LeechEnergy","floor":42,"key":"SMITH"},{"data":"Slimebound:LeechEnergy","floor":54,"key":"SMITH"},{"data":"Slimebound:DuplicatedForm","floor":54,"key":"SMITH"}],"circlet_count":0,"master_deck":["Slimebound:Strike_Slimebound","Slimebound:Strike_Slimebound","Slimebound:Tackle","Slimebound:Defend_Slimebound","Slimebound:Defend_Slimebound","Slimebound:Defend_Slimebound","Slimebound:Defend_Slimebound","Slimebound:Split+1","Slimebound:CorrosiveSpit","Slimebound:Teamwork","Slimebound:GrowthPunch","Slimebound:AcidTongue","Slimebound:GoopSpray","Slimebound:Prepare","Slimebound:LivingWall","Slimebound:SpikyOuterGoop","Slimebound:SplitBruiser","Slimebound:LeechingTouch","Slimebound:LeechEnergy+1","Slimebound:ProtectTheBoss","Slimebound:GrowthPunch","Slimebound:Darklings+1","Slimebound:RallyTheTroops","Slimebound:SamplingLick","Slimebound:LeechEnergy+1","Slimebound:MassRepurpose+1","Slimebound:SlimeBarrage+1","RitualDagger+1","Slimebound:SamplingLick","Slimebound:TongueLash+1","Slimebound:MegaLick+1","Slimebound:SplitSpecialist","Slimebound:OneTwoCombo","Slimebound:SlimeTap","Slimebound:Gluttony","Slimebound:LeechEnergy","Slimebound:LeadByExample+1","Pot Of Greed","Pot Of Greed","Pot Of Greed","Pot Of Greed","expansioncontent:DarkVoid","Slimebound:HauntingLick","Slimebound:SplitMire","Slimebound:TagTeam","Slimebound:RejuvenatingLick","Slimebound:Schlurp","Slimebound:Split","expansioncontent:PolyBeam","Slimebound:Gluttony","Pot Of Greed","Parasite","Slimebound:SplitLeeching","Slimebound:HauntingLick","Slimebound:SplitMire","Slimebound:SamplingLick","Slimebound:DuplicatedForm+1","Slimebound:SamplingLick+1","Slimebound:SplitAcid+1"],"relics":["Slimebound:AbsorbEndCombat","Replay:PocketPolymizer","Slimebound:GreedOozeRelic","Bottled Lightning","ReplayTheSpireMod:Lightbulb","Cursed Key","downfall:HeartBlessingBlue","downfall:HeartBlessingRed","downfall:HeartBlessingGreen","Quantum Egg","SlaversCollar","Replay:Arrowhead","Grinning Jar","Ring of Peace","downfall:GremlinSack","Divine Protection","Bag of Preparation"],"acts_visited":["Exordium","TheCity","TheBeyond","TheEnding"],"potions_floor_usage":[6,9,11,13,16,21,28,33,40,46,48,48],"damage_taken":[{"damage":4.0,"enemies":"Cultist","floor":2.0,"turns":3.0},{"damage":4.0,"enemies":"Small Slimes","floor":3.0,"turns":3.0},{"damage":13.0,"enemies":"Jaw Worm","floor":4.0,"turns":4.0},{"damage":7,"enemies":"Exordium Wildlife","floor":5,"turns":4},{"damage":4,"enemies":"Blue Slaver","floor":6,"turns":3},{"damage":18,"enemies":"Lots of Slimes","floor":8,"turns":4},{"damage":19,"enemies":"Replay:BlueRogue","floor":9,"turns":5},{"damage":14,"enemies":"2 Fungi Beasts","floor":10,"turns":5},{"damage":20,"enemies":"Blue Slaver","floor":11,"turns":2},{"damage":28,"enemies":"3 Sentries","floor":13,"turns":10},{"damage":14,"enemies":"Large Slime","floor":15,"turns":4},{"damage":24,"enemies":"downfall:Silent","floor":16,"turns":8},{"damage":16,"enemies":"Shell Parasite","floor":19,"turns":5},{"damage":30,"enemies":"Chosen and Byrds","floor":21,"turns":6},{"damage":28,"enemies":"Cultist and Chosen","floor":22,"turns":6},{"damage":8,"enemies":"Shelled Parasite and Fungi","floor":23,"turns":5},{"damage":27,"enemies":"Chosen and Byrds","floor":27,"turns":6},{"damage":12,"enemies":"Snake Plant","floor":28,"turns":3},{"damage":14,"enemies":"3 Cultists","floor":31,"turns":5},{"damage":24,"enemies":"Cultist and Chosen","floor":32,"turns":4},{"damage":36,"enemies":"downfall:Watcher","floor":33,"turns":7},{"damage":12,"enemies":"Orb Walker","floor":36,"turns":2},{"damage":20,"enemies":"downfall:FleeingMerchant","floor":37,"turns":4},{"damage":20,"enemies":"downfall:FleeingMerchant","floor":38,"turns":2},{"damage":8,"enemies":"downfall:FleeingMerchant","floor":40,"turns":2},{"damage":11,"enemies":"3 Darklings","floor":43,"turns":4},{"damage":4,"enemies":"Writhing Mass","floor":44,"turns":3},{"damage":17,"enemies":"Jaw Worm Horde","floor":46,"turns":3},{"damage":16,"enemies":"Spire Growth","floor":48,"turns":3},{"damage":0,"enemies":"Maw","floor":49,"turns":4},{"damage":32,"enemies":"downfall:Defect","floor":50,"turns":6},{"damage":53,"enemies":"downfall:CharBossMerchant","floor":52,"turns":6},{"damage":54,"enemies":"downfall:NeowBoss","floor":55,"turns":15}],"seed_played":"1690141318349921634","potions_obtained":[{"floor":4.0,"key":"Slimebound:SlimedPotion"},{"floor":5,"key":"DistilledChaos"},{"floor":8,"key":"Fire Potion"},{"floor":11,"key":"Elixir"},{"floor":15,"key":"Reflective Coating"},{"floor":16,"key":"Strength Potion"},{"floor":23,"key":"SteroidPotion"},{"floor":27,"key":"Adrenaline Potion"},{"floor":33,"key":"Milkshake"},{"floor":44,"key":"champ:CounterPotion"},{"floor":46,"key":"Fire Potion"},{"floor":48,"key":"Fruit Juice"}],"is_trial":false,"path_per_floor":["R","M","M","M","M","M","T","M","E","M","M","?","E","T","M","B",null,"R","M","?","M","M","M","T","?","R","M","M","?","R","M","M","B",null,"R","M","$","?","?","?","T","R","M","M","?","M","$","M","M","B",null,"E","$","R","B",null],"character_chosen":"SLIMEBOUND","items_purchased":["Replay:Arrowhead","Slimebound:Gluttony","Slimebound:LeechEnergy","Grinning Jar","expansioncontent:DarkVoid","Slimebound:HauntingLick","Slimebound:SplitMire","Slimebound:SamplingLick"],"campfire_rested":1,"item_purchase_floors":[37,37,37,38,38,38,47,47],"current_hp_per_floor":[60,60,60,55,60,60,60,46,39,45,37,37,37,37,35,43,60,70,70,58,44,52,64,64,64,64,67,70,70,70,70,70,70,70,70,70,66,70,70,70,70,70,70,70,70,70,70,75,75,71,75,75,75,75,71],"gold":8,"neow_bonus":"ONE_RANDOM_RARE_CARD","is_daily":false,"chose_seed":false,"campfire_upgraded":6,"win_rate":0.0,"timestamp":1610621580,"path_taken":["R","M","M","M","M","?","T","M","E","M","M","?","E","?","M","BOSS","R","M","?","M","M","M","T","?","R","?","M","?","R","?","M","BOSS","R","M","$","?","?","?","T","R","M","?","?","M","$","M","M","BOSS","E","$","R","BOSS"],"items_purchased_type":["Relic","Card","Card","Relic","Card","Card","Card","Card"],"build_version":"2020-12-22","purchased_purges":2,"victory":true,"max_hp_per_floor":[60,60,60,60,60,60,60,60,60,60,60,60,60,60,60,60,60,70,70,70,70,70,70,70,70,70,70,70,70,70,70,70,70,70,70,70,70,70,70,70,70,70,70,70,70,70,70,75,75,75,75,75,75,75,75],"card_choices":[{"not_picked":["Slimebound:Repurpose","Slimebound:LeechingTouch"],"picked":"Slimebound:GrowthPunch","floor":2.0},{"not_picked":["Slimebound:ViciousTackle","Slimebound:FinishingTackle"],"picked":"Slimebound:AcidTongue","floor":3.0},{"not_picked":["Slimebound:SelfFormingGoo","Slimebound:ViciousTackle"],"picked":"Slimebound:GoopSpray","floor":4.0},{"not_picked":["Slimebound:SlimeSpikes","Slimebound:Nibble"],"picked":"Slimebound:Prepare","floor":5},{"not_picked":["Slimebound:TongueLash","Slimebound:ViciousTackle"],"picked":"Slimebound:LivingWall","floor":6},{"not_picked":["Slimebound:SamplingLick","Slimebound:RallyTheTroops"],"picked":"Slimebound:SpikyOuterGoop","floor":8},{"not_picked":["Slimebound:RainOfGoop","Slimebound:DisruptingSlam"],"picked":"Slimebound:SplitBruiser","floor":9},{"not_picked":["Slimebound:ItLooksTasty","Slimebound:Schlurp"],"picked":"Slimebound:LeechingTouch","floor":10},{"not_picked":["Slimebound:ViciousTackle","Slimebound:SplitMire"],"picked":"Slimebound:LeechEnergy","floor":11},{"not_picked":["Slimebound:SplitAcid","Slimebound:FormOfPuddle"],"picked":"Slimebound:ProtectTheBoss","floor":13},{"not_picked":["Slimebound:LeechingTouch","Slimebound:SlimeSpikes"],"picked":"Slimebound:GrowthPunch","floor":15},{"not_picked":["Slimebound:PrepareCrush","Slimebound:OozeBath"],"picked":"Slimebound:Darklings","floor":16},{"not_picked":["Slimebound:Chomp","Slimebound:ComboTackle"],"picked":"Slimebound:SamplingLick","floor":19},{"not_picked":["Slimebound:SlimeSpikes","Slimebound:ForwardTackle"],"picked":"Slimebound:LeechEnergy","floor":21},{"not_picked":["Slimebound:SplitMire+1","Slimebound:RollThrough"],"picked":"Slimebound:MassRepurpose","floor":22},{"not_picked":["Slimebound:Schlurp","Slimebound:SplitAcid"],"picked":"Slimebound:SlimeBarrage+1","floor":23},{"not_picked":["Slimebound:FinishingTackle","Slimebound:GrowthPunch"],"picked":"Slimebound:SamplingLick","floor":27},{"not_picked":["Slimebound:RollThrough","Slimebound:ComboTackle"],"picked":"Slimebound:TongueLash+1","floor":28},{"not_picked":["Slimebound:SplitMire+1","Slimebound:Grow"],"picked":"Slimebound:MegaLick+1","floor":31},{"not_picked":["Slimebound:Grow","Slimebound:ComboTackle"],"picked":"Slimebound:SplitSpecialist","floor":32},{"not_picked":["Slimebound:MinionMaster","Slimebound:WasteNot"],"picked":"Slimebound:OneTwoCombo","floor":33},{"not_picked":["Slimebound:RainOfGoop+1","Slimebound:FormOfPuddle"],"picked":"Slimebound:SlimeTap","floor":36},{"not_picked":["Slimebound:FinishingTackle","Slimebound:RollThrough","Slimebound:PressTheAttack+1"],"picked":"SKIP","floor":37},{"not_picked":["Slimebound:TongueLash+1","Slimebound:SplitLeeching+1"],"picked":"Slimebound:LeadByExample+1","floor":38},{"not_picked":["Slimebound:BestDefense","Slimebound:SlimeBrawl"],"picked":"Slimebound:SplitMire","floor":40},{"not_picked":["Slimebound:Replication","Slimebound:ComboTackle+1"],"picked":"Slimebound:Gluttony","floor":43},{"not_picked":["Slimebound:ComboTackle+1","Slimebound:SamplingLick"],"picked":"Slimebound:SplitLeeching","floor":44},{"not_picked":["Slimebound:ViciousTackle","Slimebound:FormOfPuddle+1"],"picked":"Slimebound:HauntingLick","floor":46},{"not_picked":["Slimebound:FinishingTackle+1","Slimebound:Nibble+1"],"picked":"Slimebound:DuplicatedForm","floor":48},{"not_picked":["Slimebound:SplitAcid","Slimebound:FirmFortitude"],"picked":"Slimebound:SamplingLick+1","floor":49},{"not_picked":["Slimebound:SlimeSpikes+1","Slimebound:Schlurp+1"],"picked":"Slimebound:SplitAcid+1","floor":52}],"player_experience":115946,"relics_obtained":[{"floor":9,"key":"Replay:PocketPolymizer"},{"floor":13,"key":"Bottled Lightning"},{"floor":14,"key":"ReplayTheSpireMod:Lightbulb"},{"floor":24,"key":"Quantum Egg"},{"floor":39,"key":"Ring of Peace"},{"floor":40,"key":"downfall:GremlinSack"},{"floor":41,"key":"Divine Protection"},{"floor":52,"key":"Bag of Preparation"}],"event_choices":[{"cards_removed":["Amnesia"],"damage_healed":0,"gold_gain":0,"player_choice":"Took Card","damage_taken":0,"max_hp_gain":0,"max_hp_loss":0,"event_name":"NoteForYourself","floor":25,"gold_loss":0,"cards_obtained":["RitualDagger"]}],"is_beta":false,"boss_relics":[{"not_picked":["Black Star","Replay:Ancient Bell"],"picked":"Cursed Key"},{"not_picked":["Fusion Hammer","Astrolabe"],"picked":"SlaversCollar"}],"items_purged_floors":[47,53],"is_endless":false,"potions_floor_spawned":[4,5,8,11,15,16,23,27,33,44,46,48],"ascension_level":0}}