{"host":"uzp1tn8qxn9571p9","time":1610633007,"event":{"mods":["BaseMod","Colored Powertips","Hermit","Minty Spire (QoL Compilation)","Robot Space Explorer","StSLib","The Hierophant","The Marked"],"gold_per_floor":[119,119,20,20,20,61,84,84,84,84,100,120,5,80,80,206,206,222,222,238,238,253,286,10,10,10,10,10,31,31,31,31,31,31],"floor_reached":33,"language":"ZHS","playtime":1453,"items_purged":["RobotSpaceExplorer:Strike"],"score":311,"play_id":"20e9e737-e3b5-4e6c-bb50-c1ca7b934c0f","local_time":"20210114220327","is_ascension_mode":false,"campfire_choices":[{"data":"RobotSpaceExplorer:Blaster","floor":8,"key":"SMITH"},{"data":"RobotSpaceExplorer:PowerGlove","floor":15,"key":"SMITH"},{"data":"J.A.X.","floor":25,"key":"SMITH"},{"data":"RitualDagger","floor":28,"key":"SMITH"},{"data":"RobotSpaceExplorer:PowerGlove","floor":30,"key":"SMITH"},{"data":"RobotSpaceExplorer:Multitool","floor":32,"key":"SMITH"}],"circlet_count":0,"master_deck":["RobotSpaceExplorer:Strike","RobotSpaceExplorer:Strike","RobotSpaceExplorer:Defend","RobotSpaceExplorer:Defend","RobotSpaceExplorer:Defend","RobotSpaceExplorer:Defend","RobotSpaceExplorer:Scan","RobotSpaceExplorer:MiniLasers","RobotSpaceExplorer:ShovelStrike","RobotSpaceExplorer:ScrapMissile","RobotSpaceExplorer:Blaster+1","RobotSpaceExplorer:Counterblock","RobotSpaceExplorer:ShovelStrike","RobotSpaceExplorer:PowerGlove+1","RobotSpaceExplorer:Multitool+1","RobotSpaceExplorer:Fix","RobotSpaceExplorer:DoubleFind+1","J.A.X.+1","RobotSpaceExplorer:SwiftStep+1","RobotSpaceExplorer:PowerCollector+1","RobotSpaceExplorer:PowerGlove+1","RitualDagger+1","RobotSpaceExplorer:FranticSearch+1"],"relics":["SacredBark","Lantern","Golden Idol","StrikeDummy","The Courier","RobotSpaceExplorer:SlideRule","SlaversCollar","Question Card","Unceasing Top","Eternal Feather"],"acts_visited":["Exordium","TheCity"],"potions_floor_usage":[7,16,18,23,23,33],"damage_taken":[{"damage":0,"enemies":"Jaw Worm","floor":1,"turns":6},{"damage":34,"enemies":"3 Sentries","floor":6,"turns":16},{"damage":0,"enemies":"2 Louse","floor":7,"turns":2},{"damage":0,"enemies":"Small Slimes","floor":11,"turns":2},{"damage":0,"enemies":"Looter","floor":12,"turns":3},{"damage":0,"enemies":"Slime Boss","floor":16,"turns":5},{"damage":0,"enemies":"2 Thieves","floor":18,"turns":2},{"damage":14,"enemies":"3 Byrds","floor":20,"turns":5},{"damage":19,"enemies":"Cultist and Chosen","floor":22,"turns":5},{"damage":15,"enemies":"Slavers","floor":23,"turns":5},{"damage":39,"enemies":"Centurion and Healer","floor":29,"turns":5},{"damage":41,"enemies":"Collector","floor":33,"turns":5}],"seed_played":"-2443616453976196916","potions_obtained":[{"floor":6,"key":"EntropicBrew"},{"floor":16,"key":"Strength Potion"},{"floor":20,"key":"FearPotion"},{"floor":22,"key":"Weak Potion"}],"is_trial":false,"path_per_floor":["M","?","$","?","?","E","M","R","T","?","M","M","$","?","R","B",null,"M","?","M","?","M","E","$","R","T","?","R","M","R","$","R","B"],"character_chosen":"RobotSpaceExplorer","items_purchased":["RobotSpaceExplorer:ScrapMissile","RobotSpaceExplorer:SlideRule","RobotSpaceExplorer:PowerGlove","Unceasing Top"],"campfire_rested":0,"item_purchase_floors":[3,13,24,24],"current_hp_per_floor":[75,72,72,72,54,20,20,20,20,25,25,25,25,14,14,14,80,80,80,66,66,53,42,42,42,42,36,48,13,25,25,37,0,0],"gold":31,"neow_bonus":"BOSS_RELIC","is_daily":false,"chose_seed":false,"campfire_upgraded":6,"win_rate":0.0,"timestamp":1610633007,"path_taken":["M","?","$","?","?","E","M","R","T","?","M","M","?","?","R","BOSS","M","?","?","?","M","E","$","R","T","?","R","M","R","$","R","BOSS"],"items_purchased_type":["Card","Relic","Card","Relic"],"build_version":"2020-12-22","purchased_purges":1,"victory":false,"max_hp_per_floor":[75,75,75,75,75,75,75,75,75,80,80,80,80,80,80,80,80,80,80,80,80,80,80,80,80,80,80,80,80,80,80,80,80,80],"card_choices":[{"not_picked":["RobotSpaceExplorer:Counterblock","RobotSpaceExplorer:Probe"],"picked":"RobotSpaceExplorer:ShovelStrike","floor":1},{"not_picked":["RobotSpaceExplorer:FrostMissile","RobotSpaceExplorer:FreezingShield"],"picked":"RobotSpaceExplorer:Blaster","floor":6},{"not_picked":["RobotSpaceExplorer:Discharger","RobotSpaceExplorer:SurgingStrike"],"picked":"RobotSpaceExplorer:Counterblock","floor":7},{"not_picked":["RobotSpaceExplorer:ToxicBomb","RobotSpaceExplorer:FranticSearch"],"picked":"RobotSpaceExplorer:ShovelStrike","floor":11},{"not_picked":["RobotSpaceExplorer:Pulsar","RobotSpaceExplorer:GlueShot"],"picked":"RobotSpaceExplorer:PowerGlove","floor":12},{"not_picked":["RobotSpaceExplorer:Comet","RobotSpaceExplorer:Autoloader"],"picked":"RobotSpaceExplorer:Multitool","floor":16},{"not_picked":["RobotSpaceExplorer:MakeshiftVolley","RobotSpaceExplorer:PowerCollector"],"picked":"RobotSpaceExplorer:Fix","floor":18},{"not_picked":["RobotSpaceExplorer:ShovelStrike","RobotSpaceExplorer:Ammunition"],"picked":"RobotSpaceExplorer:DoubleFind+1","floor":20},{"not_picked":["RobotSpaceExplorer:BigMissile","RobotSpaceExplorer:Counterblock"],"picked":"RobotSpaceExplorer:SwiftStep+1","floor":22},{"not_picked":["RobotSpaceExplorer:FreezeRay","RobotSpaceExplorer:SelfCleaning"],"picked":"RobotSpaceExplorer:PowerCollector+1","floor":23},{"not_picked":["RobotSpaceExplorer:Electroshield","RobotSpaceExplorer:Blitz+1","RobotSpaceExplorer:DoubleFind"],"picked":"RobotSpaceExplorer:FranticSearch+1","floor":29}],"player_experience":358002,"relics_obtained":[{"floor":6,"key":"StrikeDummy"},{"floor":9,"key":"The Courier"},{"floor":23,"key":"Question Card"},{"floor":26,"key":"Eternal Feather"}],"event_choices":[{"damage_healed":0,"gold_gain":0,"player_choice":"Success","damage_taken":3,"relics_obtained":["Lantern"],"max_hp_gain":0,"max_hp_loss":0,"event_name":"Scrap Ooze","floor":2,"gold_loss":0},{"cards_removed":["RobotSpaceExplorer:Strike"],"damage_healed":0,"gold_gain":0,"player_choice":"Forget","damage_taken":0,"max_hp_gain":0,"max_hp_loss":0,"event_name":"Living Wall","floor":4,"gold_loss":0},{"damage_healed":0,"gold_gain":0,"player_choice":"Take Damage","damage_taken":18,"relics_obtained":["Golden Idol"],"max_hp_gain":0,"max_hp_loss":0,"event_name":"Golden Idol","floor":5,"gold_loss":0},{"damage_healed":0,"gold_gain":0,"player_choice":"Donut","damage_taken":0,"max_hp_gain":5,"max_hp_loss":0,"event_name":"Big Fish","floor":10,"gold_loss":0},{"damage_healed":0,"gold_gain":75,"player_choice":"Gather Gold","damage_taken":11,"max_hp_gain":0,"max_hp_loss":0,"event_name":"World of Goop","floor":14,"gold_loss":0},{"cards_removed":["Blood for Blood"],"damage_healed":0,"gold_gain":0,"player_choice":"Took Card","damage_taken":0,"max_hp_gain":0,"max_hp_loss":0,"event_name":"NoteForYourself","floor":19,"gold_loss":0,"cards_obtained":["Blood for Blood"]},{"damage_healed":0,"gold_gain":0,"player_choice":"Obtain J.A.X.","damage_taken":0,"max_hp_gain":0,"max_hp_loss":0,"event_name":"Drug Dealer","floor":21,"gold_loss":0,"cards_obtained":["J.A.X."]},{"damage_healed":0,"gold_gain":0,"player_choice":"Joined the Cult","damage_taken":6,"max_hp_gain":0,"max_hp_loss":0,"event_name":"Nest","floor":27,"gold_loss":0,"cards_obtained":["RitualDagger"]}],"is_beta":false,"boss_relics":[{"not_picked":["RobotSpaceExplorer:SearchSpecs","Ectoplasm"],"picked":"SlaversCollar"}],"items_purged_floors":[3],"is_endless":false,"potions_floor_spawned":[6,16,20,22],"killed_by":"Collector","ascension_level":0}}