{"host":"anox4050deqdcqoh","time":1610659252,"event":{"mods":["BaseMod","Colored Map","Highlight Path","Minty Spire (QoL Compilation)","Quick Restart","Rare Cards Sparkle","everything is the same but u backflip on backflip"],"gold_per_floor":[117,42,59,59,59,59,89,109,109,144,144,144,157,172,172,298,298,284,254,272,296,319,319,319,319],"floor_reached":24,"language":"ENG","playtime":4385,"items_purged":[],"score":239,"play_id":"ab09982e-c66c-4ef8-9e8c-4f424df2b8db","local_time":"20210114162052","is_ascension_mode":true,"campfire_choices":[{"data":"Creative AI","floor":6.0,"key":"SMITH"},{"data":"Defragment","floor":15.0,"key":"SMITH"},{"floor":23,"key":"REST"}],"circlet_count":0,"master_deck":["Strike_B","Strike_B","Strike_B","Strike_B","Defend_B","Defend_B","Defend_B","Zap","Dualcast","Creative AI+1","Leap","Self Repair","White Noise","Chill","Barrage+1","Sweeping Beam+1","Conserve Battery","Injury","Defragment+1","Amplify","CurseOfTheBell","Rebound+1","Lockon+1","Capacitor","Go for the Eyes+1"],"relics":["Cracked Core","Molten Egg 2","Letter Opener","Girya","Golden Idol","Art of War","Calling Bell","Dream Catcher","Meat on the Bone","Ginger"],"acts_visited":["Exordium","TheCity"],"potions_floor_usage":[24],"damage_taken":[{"damage":0.0,"enemies":"Cultist","floor":1.0,"turns":3.0},{"damage":3.0,"enemies":"2 Louse","floor":3.0,"turns":3.0},{"damage":22.0,"enemies":"3 Sentries","floor":7.0,"turns":10.0},{"damage":5.0,"enemies":"Jaw Worm","floor":8.0,"turns":5.0},{"damage":5.0,"enemies":"Lagavulin","floor":10.0,"turns":6.0},{"damage":0.0,"enemies":"Gremlin Gang","floor":13.0,"turns":4.0},{"damage":0.0,"enemies":"Exordium Wildlife","floor":14.0,"turns":3.0},{"damage":1.0,"enemies":"Hexaghost","floor":16.0,"turns":12.0},{"damage":37.0,"enemies":"2 Thieves","floor":18.0,"turns":5.0},{"damage":29.0,"enemies":"3 Byrds","floor":20.0,"turns":4.0},{"damage":10.0,"enemies":"Centurion and Healer","floor":21.0,"turns":10.0},{"damage":29,"enemies":"Shelled Parasite and Fungi","floor":22,"turns":8},{"damage":55,"enemies":"Book of Stabbing","floor":24,"turns":5}],"seed_played":"-8386801960461718334","potions_obtained":[{"floor":1.0,"key":"LiquidBronze"},{"floor":7.0,"key":"SkillPotion"},{"floor":13.0,"key":"ColorlessPotion"},{"floor":16.0,"key":"Ancient Potion"},{"floor":19.0,"key":"EssenceOfDarkness"},{"floor":19.0,"key":"LiquidBronze"},{"floor":20.0,"key":"EssenceOfSteel"},{"floor":22,"key":"ColorlessPotion"}],"is_trial":false,"path_per_floor":["M","$","M","$","?","R","E","M","T","E","?","T","M","M","R","B",null,"M","?","M","M","M","R","E"],"character_chosen":"DEFECT","items_purchased":["Self Repair"],"campfire_rested":1,"item_purchase_floors":[2],"current_hp_per_floor":[68,68,68,68,68,68,53,55,55,57,57,57,64,64,64,68,68,50,50,47,37,27,47,0,0],"gold":319,"neow_bonus":"THREE_RARE_CARDS","is_daily":false,"chose_seed":false,"campfire_upgraded":2,"win_rate":0.0,"timestamp":1610659252,"path_taken":["M","?","?","$","?","R","E","M","T","E","?","?","M","M","R","BOSS","M","?","M","M","M","R","E"],"items_purchased_type":["Card"],"build_version":"2020-12-22","purchased_purges":0,"victory":false,"max_hp_per_floor":[68,68,68,68,68,68,68,68,68,68,68,68,68,68,68,68,68,68,68,68,68,68,68,68,68],"card_choices":[{"not_picked":["Amplify","Thunder Strike"],"picked":"Creative AI","floor":0.0},{"not_picked":["FTL","Ball Lightning"],"picked":"Leap","floor":1.0},{"not_picked":["Beam Cell","Steam"],"picked":"White Noise","floor":3.0},{"not_picked":["Darkness","Rainbow"],"picked":"Barrage+1","floor":7.0},{"not_picked":["Steam","Stack"],"picked":"Sweeping Beam+1","floor":8.0},{"not_picked":["Cold Snap+1","Fusion"],"picked":"Conserve Battery","floor":10.0},{"not_picked":["Ball Lightning+1","Steam","Tempest"],"picked":"SKIP","floor":13.0},{"not_picked":["Undo","Sweeping Beam+1"],"picked":"Defragment","floor":14.0},{"not_picked":["Creative AI","Reboot"],"picked":"Amplify","floor":16.0},{"not_picked":["Beam Cell+1","Steam+1"],"picked":"Rebound+1","floor":18.0},{"not_picked":["Chill","Loop","White Noise"],"picked":"SKIP","floor":20.0},{"not_picked":["Ball Lightning+1","Barrage+1"],"picked":"Lockon+1","floor":21.0},{"not_picked":["Gash+1","Sweeping Beam+1"],"picked":"Capacitor","floor":22},{"not_picked":["Redo","Cold Snap+1"],"picked":"Go for the Eyes+1","floor":23}],"player_experience":333832,"relics_obtained":[{"floor":7.0,"key":"Molten Egg 2"},{"floor":9.0,"key":"Letter Opener"},{"floor":10.0,"key":"Girya"},{"floor":12.0,"key":"Art of War"},{"floor":17.0,"key":"Dream Catcher"},{"floor":17.0,"key":"Meat on the Bone"},{"floor":17.0,"key":"Ginger"}],"event_choices":[{"damage_healed":0.0,"max_hp_gain":0.0,"max_hp_loss":0.0,"gold_gain":0.0,"cards_transformed":["Defend_B"],"event_name":"Living Wall","player_choice":"Change","floor":5.0,"gold_loss":0.0,"damage_taken":0.0,"cards_obtained":["Chill"]},{"damage_healed":0.0,"max_hp_gain":0.0,"max_hp_loss":0.0,"gold_gain":0.0,"event_name":"Golden Idol","player_choice":"Take Wound","floor":11.0,"gold_loss":0.0,"damage_taken":0.0,"relics_obtained":["Golden Idol"],"cards_obtained":["Injury"]},{"damage_healed":0.0,"max_hp_gain":0.0,"max_hp_loss":0.0,"gold_gain":0.0,"event_name":"The Woman in Blue","player_choice":"Bought 2 Potions","floor":19.0,"gold_loss":0.0,"damage_taken":0.0}],"is_beta":false,"boss_relics":[{"not_picked":["Philosopher\u0027s Stone","Ectoplasm"],"picked":"Calling Bell"}],"items_purged_floors":[],"is_endless":false,"potions_floor_spawned":[1,7,13,16,20,22],"killed_by":"Book of Stabbing","ascension_level":3}}