{"host":"zls4lyfcaficqj9z","time":1610622413,"event":{"mods":["BaseMod","Better Vampires","ChefMod","Dio Mod","Downfall","Evolution","Grow up Mod","GungeonMod","Magitek Elite","Melee Mod","Minty Spire (QoL Compilation)","StSLib","The Edgeheg","The Florist","The Necromancer","The Saiyan","Uncapped","Waifu the Spire"],"gold_per_floor":[117,132,143,68,83,115,125,159,159,189,39,39,72,88,88,183,233,252,324,64,81,91,122,133,165,165,184,184,195,195,208,208,308,308,321,332,89,101,149,177,189,226,264,308,320,349,371,394,406,418],"floor_reached":51,"language":"ENG","playtime":3439,"items_purged":["Dualcast","Strike_B"],"score":1072,"play_id":"54c45fcf-e572-44dd-a52d-d507843d4984","local_time":"20210114050653","is_ascension_mode":true,"campfire_choices":[{"data":"Static Discharge","floor":15,"key":"SMITH"},{"data":"Defragment","floor":28,"key":"SMITH"},{"data":"Capacitor","floor":30,"key":"SMITH"},{"data":"Double Energy","floor":32,"key":"SMITH"},{"data":"Creative AI","floor":49,"key":"SMITH"}],"circlet_count":0,"master_deck":["Strike_B+1","Strike_B+1","Defend_B","Defend_B","Defend_B","Defend_B","Zap","Ball Lightning","Beam Cell","Beam Cell","Tempest","Gash","Gash","Static Discharge+1","FTL","Sweeping Beam+1","Gash","Capacitor+1","Ball Lightning","Reboot","Turbo","Double Energy+1","Heatsinks","Beam Cell","Defragment+1","Gash","Tempest","FTL","Creative AI+1","Turbo","Static Discharge+1","Defragment+1","Beam Cell"],"relics":["Cracked Core","EVO:Axolotl","Whetstone","MealTicket","FossilizedHelix","White Beast Statue","Orrery","Torii","Tiny House","Ornamental Fan","Cables","Bird Faced Urn","HornCleat","DemoMod:MemoryAlloy","Gem_Box","DataDisk","Calipers","MawBank","Pocketwatch","PreservedInsect","Angel_Ring"],"acts_visited":["Exordium","TheCity","TheBeyond"],"potions_floor_usage":[7,8,10,16,16,25,25,25,27,31,35,35,40,42,44,46,50,50,50],"damage_taken":[{"damage":11,"enemies":"Cultist","floor":1,"turns":4},{"damage":2,"enemies":"Jaw Worm","floor":2,"turns":3},{"damage":6,"enemies":"2 Louse","floor":3,"turns":2},{"damage":18,"enemies":"Large Slime","floor":5,"turns":3},{"damage":21,"enemies":"Lagavulin","floor":6,"turns":4},{"damage":0,"enemies":"2 Fungi Beasts","floor":7,"turns":2},{"damage":8,"enemies":"Gremlin Nob","floor":8,"turns":3},{"damage":0,"enemies":"Lagavulin","floor":10,"turns":3},{"damage":0,"enemies":"Gremlin Nob","floor":13,"turns":3},{"damage":0,"enemies":"Exordium Wildlife","floor":14,"turns":2},{"damage":86,"enemies":"Hexaghost","floor":16,"turns":4},{"damage":0,"enemies":"Spheric Guardian","floor":18,"turns":3},{"damage":15,"enemies":"Shell Parasite","floor":21,"turns":3},{"damage":49,"enemies":"Snecko","floor":22,"turns":4},{"damage":43,"enemies":"Gremlin Leader","floor":23,"turns":5},{"damage":14,"enemies":"Chosen and Byrds","floor":24,"turns":3},{"damage":15,"enemies":"Book of Stabbing","floor":25,"turns":3},{"damage":0,"enemies":"Centurion and Healer","floor":27,"turns":5},{"damage":16,"enemies":"Snake Plant","floor":29,"turns":2},{"damage":11,"enemies":"Sentry and Sphere","floor":31,"turns":4},{"damage":64,"enemies":"Champ","floor":33,"turns":9},{"damage":38,"enemies":"3 Darklings","floor":35,"turns":4},{"damage":0,"enemies":"3 Shapes","floor":36,"turns":4},{"damage":66,"enemies":"Jaw Worm Horde","floor":38,"turns":4},{"damage":83,"enemies":"2 Orb Walkers","floor":39,"turns":5},{"damage":0,"enemies":"Giant Head","floor":40,"turns":7},{"damage":67,"enemies":"Reptomancer","floor":42,"turns":5},{"damage":26,"enemies":"Giant Head","floor":44,"turns":6},{"damage":27,"enemies":"3 Darklings","floor":46,"turns":5},{"damage":34,"enemies":"Spire Growth","floor":47,"turns":4},{"damage":0,"enemies":"Transient","floor":48,"turns":5},{"damage":30,"enemies":"Jotaro","floor":50,"turns":4}],"seed_played":"5106528340883601237","potions_obtained":[{"floor":6,"key":"DemoMod:BlankPotion"},{"floor":7,"key":"SteroidPotion"},{"floor":8,"key":"EssenceOfSteel"},{"floor":13,"key":"Swift Potion"},{"floor":14,"key":"LiquidBronze"},{"floor":16,"key":"EssenceOfDarkness"},{"floor":17,"key":"Dexterity Potion"},{"floor":18,"key":"CultistPotion"},{"floor":21,"key":"Weak Potion"},{"floor":25,"key":"EssenceOfSteel"},{"floor":27,"key":"BlessingOfTheForge"},{"floor":29,"key":"SteroidPotion"},{"floor":31,"key":"LiquidMemories"},{"floor":33,"key":"Swift Potion"},{"floor":35,"key":"Weak Potion"},{"floor":36,"key":"BlessingOfTheForge"},{"floor":39,"key":"DemoMod:BlankPotion"},{"floor":40,"key":"Weak Potion"},{"floor":42,"key":"ColorlessPotion"},{"floor":44,"key":"SkillPotion"},{"floor":46,"key":"FocusPotion"},{"floor":47,"key":"SpeedPotion"}],"is_trial":false,"path_per_floor":["M","M","M","$","M","E","M","E","T","E","$","?","E","M","R","B",null,"M","T","$","M","M","E","M","E","T","M","R","M","R","M","R","B",null,"M","M","$","M","?","E","?","E","T","E","?","M","M","M","R","B",null],"character_chosen":"DEFECT","items_purchased":["Orrery","Cables","DataDisk"],"campfire_rested":0,"item_purchase_floors":[11,20,37],"current_hp_per_floor":[84,92,96,106,98,87,97,99,109,119,144,154,164,174,184,108,260,270,280,290,285,246,213,213,214,224,242,252,246,256,259,269,255,430,408,422,447,446,426,452,462,447,457,457,467,462,478,508,518,506],"gold":430,"neow_bonus":"RANDOM_COLORLESS","is_daily":false,"chose_seed":false,"campfire_upgraded":5,"win_rate":0.0,"timestamp":1610622413,"path_taken":["M","M","M","$","M","E","?","E","T","E","?","?","E","M","R","BOSS","M","?","$","M","M","E","M","E","T","M","R","M","R","M","R","BOSS","M","M","$","M","?","E","?","E","T","E","?","?","M","M","R","BOSS"],"items_purchased_type":["Relic","Relic","Relic"],"build_version":"2020-12-22","purchased_purges":2,"victory":true,"max_hp_per_floor":[95,105,115,125,135,145,155,165,175,185,195,205,215,225,235,245,260,270,280,290,300,310,320,330,340,350,360,370,380,390,400,410,420,430,440,450,460,470,480,490,500,510,520,530,540,550,560,570,580,590],"card_choices":[{"not_picked":["Gash","Hello World"],"picked":"Ball Lightning","floor":1},{"not_picked":["Cold Snap","Stack","Hologram"],"picked":"SKIP","floor":2},{"not_picked":["Chill","Go for the Eyes"],"picked":"Rip and Tear","floor":3},{"not_picked":["Steam","Go for the Eyes"],"picked":"Beam Cell","floor":5},{"not_picked":["Steam","Scrape"],"picked":"Beam Cell","floor":6},{"not_picked":["Leap","Go for the Eyes"],"picked":"Tempest","floor":7},{"not_picked":["Glacier","Fission"],"picked":"Gash","floor":8},{"not_picked":["Self Repair","Consume"],"picked":"Gash","floor":10},{"not_picked":["Gash","Rebound"],"picked":"Static Discharge","floor":11},{"not_picked":["Go for the Eyes","Steam Power"],"picked":"FTL","floor":11},{"not_picked":["Fusion","Melter"],"picked":"Sweeping Beam","floor":11},{"not_picked":["Skim","Self Repair"],"picked":"Gash","floor":11},{"not_picked":["Blizzard","Leap"],"picked":"Capacitor","floor":13},{"not_picked":["Rebound","Core Surge"],"picked":"Ball Lightning","floor":14},{"not_picked":["Rainbow","Amplify"],"picked":"Reboot","floor":16},{"not_picked":["Skim","Go for the Eyes"],"picked":"Turbo","floor":17},{"not_picked":["Gash+1","Skim"],"picked":"Double Energy","floor":18},{"not_picked":["Turbo+1","Hologram"],"picked":"Heatsinks","floor":21},{"not_picked":["Compile Driver","Turbo"],"picked":"Beam Cell","floor":22},{"not_picked":["Stack","Rip and Tear","Melter"],"picked":"SKIP","floor":23},{"not_picked":["Rebound","Coolheaded"],"picked":"Defragment","floor":24},{"not_picked":["Fission","Streamline"],"picked":"Gash","floor":25},{"not_picked":["Coolheaded+1","Go for the Eyes"],"picked":"Tempest","floor":27},{"not_picked":["Chaos+1","Cold Snap+1","Heatsinks"],"picked":"SKIP","floor":29},{"not_picked":["Steam","Core Surge"],"picked":"FTL","floor":31},{"not_picked":["Rainbow","Multi-Cast"],"picked":"Creative AI","floor":33},{"not_picked":["Genetic Algorithm","Reinforced Body"],"picked":"Turbo","floor":35},{"not_picked":["Coolheaded","Redo+1","Steam"],"picked":"SKIP","floor":36},{"not_picked":["Rebound+1","Streamline+1","Genetic Algorithm"],"picked":"SKIP","floor":38},{"not_picked":["Gash+1","Chill+1","Rip and Tear"],"picked":"SKIP","floor":40},{"not_picked":["Streamline+1","Undo+1","Beam Cell"],"picked":"SKIP","floor":42},{"not_picked":["Force Field","Chill","Conserve Battery"],"picked":"SKIP","floor":44},{"not_picked":["Blizzard","Coolheaded"],"picked":"Static Discharge+1","floor":46},{"not_picked":["Ball Lightning","Turbo"],"picked":"Defragment+1","floor":47},{"not_picked":["Sweeping Beam","Redo+1"],"picked":"Beam Cell","floor":48}],"player_experience":171262,"relics_obtained":[{"floor":6,"key":"Whetstone"},{"floor":8,"key":"MealTicket"},{"floor":9,"key":"FossilizedHelix"},{"floor":10,"key":"White Beast Statue"},{"floor":13,"key":"Torii"},{"floor":19,"key":"Ornamental Fan"},{"floor":23,"key":"Bird Faced Urn"},{"floor":25,"key":"HornCleat"},{"floor":26,"key":"DemoMod:MemoryAlloy"},{"floor":39,"key":"Calipers"},{"floor":40,"key":"MawBank"},{"floor":42,"key":"Pocketwatch"},{"floor":43,"key":"PreservedInsect"},{"floor":44,"key":"Angel_Ring"}],"event_choices":[{"cards_removed":["Strike_B"],"damage_healed":0,"gold_gain":0,"player_choice":"Purged","damage_taken":0,"max_hp_gain":0,"max_hp_loss":0,"event_name":"Purifier","floor":12,"gold_loss":0},{"damage_healed":0,"gold_gain":0,"player_choice":"Fight","damage_taken":0,"max_hp_gain":0,"max_hp_loss":0,"event_name":"Mysterious Sphere","floor":39,"gold_loss":0},{"damage_healed":0,"gold_gain":0,"player_choice":"Ignored","damage_taken":0,"max_hp_gain":0,"max_hp_loss":0,"event_name":"Tomb of Lord Red Mask","floor":41,"gold_loss":0},{"cards_removed":["Rip and Tear"],"damage_healed":0,"gold_gain":0,"player_choice":"Removed Attack","damage_taken":0,"max_hp_gain":0,"max_hp_loss":0,"event_name":"Falling","floor":45,"gold_loss":0}],"is_beta":false,"boss_relics":[{"not_picked":["Fusion Hammer","Nuclear Battery"],"picked":"Tiny House"},{"not_picked":["Snecko Eye","Velvet Choker"],"picked":"Gem_Box"}],"items_purged_floors":[4,37],"is_endless":false,"potions_floor_spawned":[6,7,8,13,14,16,18,21,22,23,24,25,27,29,31,33,35,36,38,39,40,42,44,46,47,48],"ascension_level":2}}