{"host":"eu5wvbbtjeiar27l","time":1610636252,"event":{"mods":["Astrologer","BaseMod","Colored Powertips","Conspire","Energized Spire","Hubris","Infinite Spire","Mad Scientist","Melee Mod","Minty Spire (QoL Compilation)","Potionbrewer","Rare Cards Sparkle","StSLib","The Construct","The Factory","The Jungle","The Runesmith","The Valiant","Treasure Hunter","themimic","vexMod"],"gold_per_floor":[118,130,130,45,62,62,96,111,134,134,134],"floor_reached":10,"language":"ENG","playtime":456,"items_purged":[],"score":68,"play_id":"0df19d1c-a465-40bc-b832-e97e28b94872","local_time":"20210114145732","is_ascension_mode":false,"campfire_choices":[{"data":"astrologer:Opposition","floor":6,"key":"SMITH"}],"circlet_count":0,"master_deck":["astrologer:Strike","astrologer:Strike+1","astrologer:Strike","astrologer:Strike","astrologer:Defend","astrologer:Defend","astrologer:Defend","astrologer:Defend+1","astrologer:NorthStar","astrologer:TheFool","astrologer:Stardust","astrologer:Prestidigitation","astrologer:Opposition+1","astrologer:SolarFlare","astrologer:Stardust"],"relics":["astrologer:SkyMirror","Juzu Bracelet","Bottled Lightning","Potion Belt"],"acts_visited":["Exordium"],"potions_floor_usage":[7,7,10],"damage_taken":[{"damage":0,"enemies":"Small Slimes","floor":1,"turns":3},{"damage":0,"enemies":"2 Louse","floor":2,"turns":3},{"damage":0,"enemies":"Jaw Worm","floor":5,"turns":3},{"damage":24,"enemies":"Lagavulin","floor":7,"turns":6},{"damage":4,"enemies":"Exordium Wildlife","floor":8,"turns":4},{"damage":35,"enemies":"3 Sentries","floor":10,"turns":4}],"seed_played":"3426279371205991083","potions_obtained":[{"floor":2,"key":"EssenceOfSteel"},{"floor":5,"key":"Block Potion"},{"floor":7,"key":"potionbrewer:ToxicPotion"}],"is_trial":false,"path_per_floor":["M","M","?","$","M","R","E","M","T","E"],"character_chosen":"ASTROLOGER","items_purchased":["astrologer:Prestidigitation","astrologer:Opposition"],"campfire_rested":0,"item_purchase_floors":[4,4],"current_hp_per_floor":[70,70,56,56,56,56,32,28,28,0,0],"gold":134,"neow_bonus":"RANDOM_COMMON_RELIC","is_daily":false,"chose_seed":false,"campfire_upgraded":1,"win_rate":0.0,"timestamp":1610636252,"path_taken":["M","M","?","$","M","R","E","M","T","E"],"items_purchased_type":["Card","Card"],"build_version":"2020-12-22","purchased_purges":0,"victory":false,"max_hp_per_floor":[70,70,70,70,70,70,70,70,70,70,70],"card_choices":[{"not_picked":["astrologer:Eclipse","astrologer:Still"],"picked":"astrologer:Stardust","floor":1},{"not_picked":["astrologer:MeteorShower","astrologer:Observe","astrologer:Premeditation"],"picked":"SKIP","floor":2},{"not_picked":["astrologer:Shine","astrologer:CometStrike"],"picked":"astrologer:SolarFlare","floor":5},{"not_picked":["TH:ElvenBoots","TH:ArmorSpikes"],"picked":"SKIP","floor":7},{"not_picked":["astrologer:CometStrike","astrologer:SpaceDust","astrologer:Radiance"],"picked":"SKIP","floor":7},{"not_picked":["astrologer:TheEmpress","astrologer:Still"],"picked":"astrologer:Stardust","floor":8},{"not_picked":["TH:ElvenBoots","TH:EnergyPotion"],"picked":"SKIP","floor":9}],"player_experience":168457,"relics_obtained":[{"floor":7,"key":"Bottled Lightning"},{"floor":9,"key":"Potion Belt"}],"event_choices":[{"damage_healed":0,"gold_gain":0,"player_choice":"Entered Light","damage_taken":14,"max_hp_gain":0,"max_hp_loss":0,"event_name":"Shining Light","floor":3,"gold_loss":0,"cards_upgraded":["astrologer:Strike","astrologer:Defend"]}],"is_beta":false,"boss_relics":[],"items_purged_floors":[],"is_endless":false,"potions_floor_spawned":[2,5,7],"killed_by":"3 Sentries","ascension_level":0}}