{"host":"x3q4ieql2tr7v8o6","time":1610621183,"event":{"mods":["BaseMod","Bestiary","Better Altar","Better Match","Better Note","Better Sensory Stone","Better Skull","Better Third Choice","Colored Map","Colored Powertips","Curses Come First","Minty Spire (QoL Compilation)","StSLib"],"gold_per_floor":[110,7,7,7,7,39,59,59,136,147,147,220,220,249,249,322,322,334,348,2,2,14,14,34,45,97,58,58,58],"floor_reached":28,"language":"ENG","playtime":909,"items_purged":[],"score":439,"play_id":"0601e65c-c078-47d5-8c4a-5ab7d249043f","local_time":"20210114104623","is_ascension_mode":true,"campfire_choices":[{"data":"Noxious Fumes","floor":8,"key":"SMITH"},{"data":"Calculated Gamble","floor":11,"key":"SMITH"},{"data":"Neutralize","floor":13,"key":"SMITH"},{"data":"Skewer","floor":15,"key":"SMITH"},{"floor":23,"key":"REST"}],"circlet_count":0,"master_deck":["AscendersBane","Strike_G","Strike_G","Strike_G","Strike_G","Strike_G","Defend_G","Defend_G","Defend_G","Defend_G","Defend_G","Survivor","Neutralize+1","Skewer+1","Noxious Fumes+1","PiercingWail","Transmutation","Burn+1","Calculated Gamble+1","Backflip","Dodge and Roll","Backstab","After Image","CurseOfTheBell","Escape Plan+1","Flying Knee","Apotheosis","A Thousand Cuts","Bane","Cloak And Dagger","Footwork"],"relics":["Ring of the Snake","NeowsBlessing","Orichalcum","Bottled Tornado","Gremlin Horn","Kunai","Calling Bell","Centennial Puzzle","Ornamental Fan","Tough Bandages","Chemical X","Vajra"],"acts_visited":["Exordium","TheCity"],"potions_floor_usage":[14,18,24,25],"damage_taken":[{"damage":0,"enemies":"Jaw Worm","floor":1,"turns":1},{"damage":0,"enemies":"Lagavulin","floor":6,"turns":1},{"damage":0,"enemies":"2 Louse","floor":7,"turns":2},{"damage":1,"enemies":"Small Slimes","floor":10,"turns":4},{"damage":15,"enemies":"3 Sentries","floor":14,"turns":7},{"damage":28,"enemies":"The Guardian","floor":16,"turns":13},{"damage":10,"enemies":"Shell Parasite","floor":18,"turns":6},{"damage":13,"enemies":"Chosen","floor":19,"turns":6},{"damage":11,"enemies":"Centurion and Healer","floor":22,"turns":7},{"damage":17,"enemies":"Snecko","floor":24,"turns":6},{"damage":22,"enemies":"Sentry and Sphere","floor":25,"turns":6},{"damage":8,"enemies":"Centurion and Healer","floor":28,"turns":2}],"seed_played":"2729816675471744735","potions_obtained":[{"floor":7,"key":"Weak Potion"},{"floor":10,"key":"Regen Potion"},{"floor":14,"key":"GamblersBrew"},{"floor":19,"key":"PowerPotion"},{"floor":24,"key":"Strength Potion"}],"is_trial":false,"path_per_floor":["M","$","?","?","?","E","M","R","T","M","R","T","R","E","R","B",null,"M","M","$","?","M","R","M","M","T","$","M"],"character_chosen":"THE_SILENT","items_purchased":["Noxious Fumes","PiercingWail","Apotheosis","Chemical X","Footwork"],"campfire_rested":1,"item_purchase_floors":[2,2,20,20,27],"current_hp_per_floor":[59,59,59,59,59,59,59,59,59,58,58,58,58,55,55,27,56,46,33,33,33,22,41,24,2,2,2,0,0],"gold":58,"neow_bonus":"THREE_ENEMY_KILL","is_daily":false,"chose_seed":false,"campfire_upgraded":4,"win_rate":0.0,"timestamp":1610621183,"path_taken":["M","$","?","?","?","E","M","R","T","M","R","?","R","E","R","BOSS","M","M","$","?","M","R","?","M","T","?","?"],"items_purchased_type":["Card","Card","Card","Relic","Card"],"build_version":"2020-12-22","purchased_purges":0,"victory":false,"max_hp_per_floor":[66,66,66,66,66,66,66,66,66,66,66,66,66,66,66,66,66,66,66,66,66,66,66,66,66,66,66,66,66],"card_choices":[{"not_picked":["Backflip","Crippling Poison"],"picked":"Skewer","floor":1},{"not_picked":["Swift Strike","Panacea"],"picked":"Transmutation","floor":3},{"not_picked":["Dagger Throw","Sucker Punch"],"picked":"Calculated Gamble","floor":6},{"not_picked":["Acrobatics","Skewer"],"picked":"Backflip","floor":7},{"not_picked":["Slice","Terror"],"picked":"Dodge and Roll","floor":10},{"not_picked":["Accuracy","Terror"],"picked":"Backstab","floor":14},{"not_picked":["Night Terror","Unload"],"picked":"After Image","floor":16},{"not_picked":["Quick Slash","Expertise"],"picked":"Escape Plan+1","floor":18},{"not_picked":["Prepared","Infinite Blades"],"picked":"Flying Knee","floor":19},{"not_picked":["Dodge and Roll+1","Setup"],"picked":"A Thousand Cuts","floor":22},{"not_picked":["Dodge and Roll","Sucker Punch"],"picked":"Bane","floor":24},{"not_picked":["Dagger Spray+1","Flechettes"],"picked":"Cloak And Dagger","floor":25}],"player_experience":714557,"relics_obtained":[{"floor":6,"key":"Orichalcum"},{"floor":9,"key":"Bottled Tornado"},{"floor":12,"key":"Gremlin Horn"},{"floor":14,"key":"Kunai"},{"floor":17,"key":"Centennial Puzzle"},{"floor":17,"key":"Ornamental Fan"},{"floor":17,"key":"Tough Bandages"},{"floor":26,"key":"Vajra"}],"event_choices":[{"damage_healed":0,"gold_gain":1,"player_choice":"1","damage_taken":0,"max_hp_gain":0,"max_hp_loss":0,"event_name":"betterStone:BetterStone","floor":3,"gold_loss":0},{"damage_healed":0,"gold_gain":0,"player_choice":"Ignored","damage_taken":0,"max_hp_gain":0,"max_hp_loss":0,"event_name":"Golden Wing","floor":4,"gold_loss":0},{"damage_healed":59,"gold_gain":0,"player_choice":"Embrace Burn","damage_taken":0,"max_hp_gain":0,"max_hp_loss":66,"event_name":"betterThird:BetterShining","floor":5,"gold_loss":0},{"damage_healed":0,"gold_gain":0,"player_choice":"Ignored","damage_taken":0,"max_hp_gain":0,"max_hp_loss":0,"event_name":"N\u0027loth","floor":21,"gold_loss":0}],"is_beta":false,"boss_relics":[{"not_picked":["Tiny House","Black Star"],"picked":"Calling Bell"}],"items_purged_floors":[],"is_endless":false,"potions_floor_spawned":[7,10,14,19,24],"killed_by":"Centurion and Healer","ascension_level":15}}