{"host":"rz8ryyppw1rffr47","time":1610647252,"event":{"mods":["BaseMod","BetterRewards","Downfall","Googly Eyes","Minty Spire (QoL Compilation)","Quick Restart","Replay The Spire","StSLib","slay the spire mod where everything is the same but ironclad has a cowboy hat"],"gold_per_floor":[99,115,61,78,91,110,110,136,151,151,171,198,213,224,242,345,345,195,295,295,295,308,308,356,390,402,402,414,205,216,216,271,366,366,366,384,30,49,59,334,358,345,356,356,204,252,252,252,267,267],"floor_reached":51,"language":"ENG","playtime":3542,"items_purged":["Slimebound:Strike_Slimebound","Overencumbered","Regret","Slimebound:Defend_Slimebound"],"score":708,"play_id":"e5d01400-2d0b-479d-960f-e3004e60a42b","local_time":"20210114180052","is_ascension_mode":false,"campfire_choices":[{"data":"Slimebound:Split","floor":1.0,"key":"SMITH"},{"floor":10.0,"key":"RECALL"},{"data":"Slimebound:OozeBath","floor":18,"key":"SMITH"},{"data":"Slimebound:CorrosiveSpit","floor":23,"key":"SMITH"},{"data":"Slimebound:Gluttony","floor":27,"key":"SMITH"},{"data":"Slimebound:SlimeSlap","floor":35,"key":"SMITH"},{"data":"Slimebound:OozeBath","floor":44,"key":"SMITH"},{"data":"Slimebound:SamplingLick","floor":47,"key":"SMITH"}],"circlet_count":0,"master_deck":["Slimebound:Split+1","Slimebound:CorrosiveSpit+1","Slimebound:Schlurp","Slimebound:LeechLife","Slimebound:GrowthPunch+1","Slimebound:ItLooksTasty","Slimebound:LeechingTouch","Slimebound:LeadByExample","Slimebound:DisruptingSlam","Slimebound:SlimeSlap+1","Slimebound:GoopSpray","Slimebound:MegaLick","Slimebound:OozeBath+1","Slimebound:SlimeTap","Slimebound:SpikyOuterGoop","J.A.X.","Slimebound:LeechingTouch","Slimebound:SamplingLick+1","Slimebound:GrowthPunch+1","Slimebound:Gluttony+1","Slimebound:TongueLash","Slimebound:OozeBath+1","Slimebound:AcidTongue+1","Slimebound:RainOfGoop+1","Slimebound:MassFeed+1","Slimebound:SlimeSpikes+1","Slimebound:ViciousTackle"],"relics":["Slimebound:AbsorbEndCombat","Counterbalance","TungstenRod","Smiling Mask","downfall:HeartBlessingRed","downfall:HeartBlessingGreen","MutagenicStrength","Enchiridion","Pen Nib","Slimebound:SlimedTailRelic","Art of War","downfall:KnowingSkull","Astrolabe","ReplayTheSpireMod:CursedCoin","PreservedInsect","Thread and Needle","Bronze Scales","Ice Cream","Ancient Tea Set"],"acts_visited":["TheCity","TheBeyond"],"potions_floor_usage":[19,19,19,19,19,25,25,33,33,36,39,42,43,43,49,50,50,50,50],"damage_taken":[{"damage":8.0,"enemies":"Small Slimes","floor":2.0,"turns":4.0},{"damage":8.0,"enemies":"downfall:FleeingMerchant","floor":3.0,"turns":4.0},{"damage":16.0,"enemies":"Jaw Worm","floor":4.0,"turns":3.0},{"damage":9.0,"enemies":"2 Louse","floor":5.0,"turns":3.0},{"damage":22.0,"enemies":"Gremlin Gang","floor":6.0,"turns":6.0},{"damage":40.0,"enemies":"3 Sentries","floor":8.0,"turns":6.0},{"damage":25.0,"enemies":"Large Slime","floor":9.0,"turns":4.0},{"damage":23.0,"enemies":"Exordium Thugs","floor":11.0,"turns":3.0},{"damage":33.0,"enemies":"Lagavulin","floor":12.0,"turns":7.0},{"damage":16.0,"enemies":"Lots of Slimes","floor":13.0,"turns":3.0},{"damage":16.0,"enemies":"2 Fungi Beasts","floor":14.0,"turns":3.0},{"damage":11.0,"enemies":"Red Slaver","floor":15.0,"turns":3.0},{"damage":60,"enemies":"downfall:Defect","floor":16,"turns":7},{"damage":27,"enemies":"downfall:Augmenter","floor":19,"turns":8},{"damage":6,"enemies":"3 Byrds","floor":22,"turns":3},{"damage":35,"enemies":"Book of Stabbing","floor":25,"turns":6},{"damage":16,"enemies":"Cultist and Chosen","floor":26,"turns":5},{"damage":22,"enemies":"Sentry and Sphere","floor":28,"turns":3},{"damage":27,"enemies":"downfall:FleeingMerchant","floor":29,"turns":4},{"damage":26,"enemies":"Snake Plant","floor":30,"turns":4},{"damage":16,"enemies":"3 Cultists","floor":32,"turns":5},{"damage":67,"enemies":"downfall:Watcher","floor":33,"turns":7},{"damage":15,"enemies":"Orb Walker","floor":36,"turns":4},{"damage":16,"enemies":"downfall:FleeingMerchant","floor":37,"turns":4},{"damage":16,"enemies":"3 Shapes","floor":38,"turns":4},{"damage":33,"enemies":"3 Darklings","floor":39,"turns":6},{"damage":4,"enemies":"downfall:FleeingMerchant","floor":42,"turns":2},{"damage":58,"enemies":"Sphere and 2 Shapes","floor":43,"turns":5},{"damage":17,"enemies":"Writhing Mass","floor":49,"turns":4},{"damage":33,"enemies":"downfall:Ironclad","floor":50,"turns":6}],"seed_played":"-7407245761540283392","potions_obtained":[{"floor":4.0,"key":"Adrenaline Potion"},{"floor":5.0,"key":"hexamod:EctoCoolerPotion"},{"floor":6.0,"key":"SmokeBomb"},{"floor":13.0,"key":"EntropicBrew"},{"floor":14.0,"key":"Strength Potion"},{"floor":15.0,"key":"Elixir"},{"floor":26,"key":"sneckomod:MuddlingPotion"},{"floor":33,"key":"champ:CounterPotion"},{"floor":39,"key":"Venom Potion"},{"floor":43,"key":"Swift Potion"},{"floor":49,"key":"Toxic Potion"}],"is_trial":false,"path_per_floor":["R","M","$","M","M","M","T","E","M","R","M","E","M","M","M","B",null,"R","?","?","?","M","R","T","E","M","R","M","$","M","?","M","B",null,"R","M","$","M","M","?","T","$","M","R","$","T","R","?","M","B",null],"character_chosen":"SLIMEBOUND","items_purchased":["Slimebound:GrowthPunch+1","Art of War","ReplayTheSpireMod:CursedCoin","PreservedInsect","Thread and Needle","Ice Cream","CultistPotion"],"campfire_rested":0,"item_purchase_floors":[3,29,37,37,37,42,45],"current_hp_per_floor":[60,60,60,60,60,60,60,44,43,43,44,39,43,57,60,34,60,60,60,45,45,59,59,59,54,60,60,60,60,60,55,60,60,60,60,59,60,60,60,60,60,60,54,54,54,54,54,54,69,68],"gold":267,"neow_bonus":"REMOVE_CARD","is_daily":false,"chose_seed":false,"campfire_upgraded":7,"win_rate":0.0,"timestamp":1610647252,"path_taken":["R","M","$","M","M","M","T","E","M","R","M","E","M","M","M","BOSS","R","?","?","?","M","R","T","E","M","R","M","$","M","?","M","BOSS","R","M","$","?","M","?","T","$","M","R","$","?","R","?","M","BOSS"],"items_purchased_type":["Card","Relic","Relic","Relic","Relic","Relic","Potion"],"build_version":"2020-12-22","purchased_purges":4,"victory":true,"max_hp_per_floor":[60,60,60,60,60,60,60,60,60,60,60,60,60,60,60,60,60,60,60,60,60,60,60,60,60,60,60,60,60,60,60,60,60,60,60,60,60,60,60,60,60,60,65,65,65,65,65,65,69,69],"card_choices":[{"not_picked":["Slimebound:PressTheAttack","Slimebound:SamplingLick"],"picked":"Slimebound:Schlurp","floor":2.0},{"not_picked":["Slimebound:GoopTackle","Slimebound:DivideAndConquer"],"picked":"Slimebound:LeechLife","floor":3.0},{"not_picked":["Slimebound:LeechingTouch","Slimebound:SplitLeeching"],"picked":"Slimebound:ItLooksTasty","floor":4.0},{"not_picked":["Slimebound:ServeAndProtect","Slimebound:SplitBruiser","Slimebound:FinishingTackle"],"picked":"SKIP","floor":5.0},{"not_picked":["Slimebound:BestDefense","Slimebound:ServeAndProtect"],"picked":"Slimebound:LeechingTouch","floor":6.0},{"not_picked":["Slimebound:PressTheAttack","Slimebound:FormOfPuddle"],"picked":"Slimebound:LeadByExample","floor":8.0},{"not_picked":["Slimebound:RollThrough","Slimebound:GrowthPunch"],"picked":"Slimebound:DisruptingSlam","floor":9.0},{"not_picked":["Slimebound:RollThrough","Slimebound:DivideAndConquer","Slimebound:ItLooksTasty"],"picked":"SKIP","floor":11.0},{"not_picked":["Slimebound:DivideAndConquer","Slimebound:GrowthPunch"],"picked":"Slimebound:SlimeSlap","floor":12.0},{"not_picked":["Slimebound:SplitLeeching","Slimebound:GrowthPunch"],"picked":"Slimebound:GoopSpray","floor":13.0},{"not_picked":["Slimebound:LeechingTouch","Slimebound:RollThrough"],"picked":"Slimebound:MegaLick","floor":14.0},{"not_picked":["Slimebound:SplitLeeching","Slimebound:GoopSpray","Slimebound:SelfFormingGoo"],"picked":"SKIP","floor":15.0},{"not_picked":["Slimebound:PrepareCrush","Slimebound:MassFeed"],"picked":"Slimebound:OozeBath","floor":16},{"not_picked":[],"picked":"J.A.X.","floor":19},{"not_picked":["Slimebound:Schlurp","Slimebound:OozeBath"],"picked":"Slimebound:LeechingTouch","floor":19},{"not_picked":["Slimebound:GrowthPunch","Slimebound:HauntingLick"],"picked":"Slimebound:SamplingLick","floor":22},{"not_picked":["Slimebound:SplitMire+1","Slimebound:SplitAcid"],"picked":"Slimebound:GrowthPunch+1","floor":25},{"not_picked":["Slimebound:FlameTackle","Slimebound:Grow"],"picked":"Slimebound:Gluttony","floor":26},{"not_picked":["Slimebound:GrowthPunch","Slimebound:DisruptingSlam+1","Slimebound:SplitBruiser+1"],"picked":"SKIP","floor":28},{"not_picked":["Slimebound:DivideAndConquer","Slimebound:FlameTackle","Slimebound:RollThrough"],"picked":"SKIP","floor":29},{"not_picked":["Slimebound:SplitBruiser","Slimebound:SamplingLick+1"],"picked":"Slimebound:TongueLash","floor":30},{"not_picked":["Slimebound:GoopSpray","Slimebound:SplitAcid+1","Slimebound:SplitLeeching"],"picked":"SKIP","floor":32},{"not_picked":["Slimebound:DouseInSlime","Slimebound:MinionMaster"],"picked":"Slimebound:OozeBath","floor":33},{"not_picked":["Slimebound:DivideAndConquer+1","Slimebound:ComboTackle"],"picked":"Slimebound:SlimeSpikes+1","floor":36},{"not_picked":["Slimebound:RallyTheTroops","Slimebound:FinishingTackle+1","Slimebound:SplitLeeching+1"],"picked":"SKIP","floor":37},{"not_picked":["Slimebound:SlimeSpikes+1","Slimebound:DivideAndConquer","Slimebound:Prepare"],"picked":"SKIP","floor":38},{"not_picked":["Slimebound:ServeAndProtect+1","Slimebound:Repurpose+1"],"picked":"Slimebound:ViciousTackle","floor":39},{"not_picked":["Slimebound:SlimeBrawl+1","Slimebound:Equalize","Slimebound:PressTheAttack"],"picked":"SKIP","floor":42},{"not_picked":["Slimebound:Grow+1","Slimebound:FinishingTackle","Slimebound:AcidTongue+1"],"picked":"SKIP","floor":43},{"not_picked":["Slimebound:TongueLash+1","Slimebound:ComboTackle","Slimebound:ServeAndProtect"],"picked":"SKIP","floor":49}],"player_experience":373586,"relics_obtained":[{"floor":7.0,"key":"Counterbalance"},{"floor":8.0,"key":"TungstenRod"},{"floor":12.0,"key":"Smiling Mask"},{"floor":19,"key":"MutagenicStrength"},{"floor":20,"key":"Enchiridion"},{"floor":24,"key":"Pen Nib"},{"floor":25,"key":"Slimebound:SlimedTailRelic"},{"floor":41,"key":"Bronze Scales"},{"floor":46,"key":"Ancient Tea Set"}],"event_choices":[{"damage_healed":0,"gold_gain":0,"player_choice":"Ignored","damage_taken":0,"max_hp_gain":0,"max_hp_loss":0,"event_name":"Ghosts","floor":21,"gold_loss":0}],"is_beta":false,"boss_relics":[{"not_picked":["Runic Dome","ReplayTheSpireMod:DimensionalGlitch","Philosopher\u0027s Stone"]},{"not_picked":["Cursed Key","Replay:Drink Me"],"picked":"Astrolabe"}],"items_purged_floors":[29,37,42,45],"is_endless":false,"potions_floor_spawned":[4,5,6,13,14,15,26,33,39,43,49],"ascension_level":0}}