{"host":"7r6bd5ce6zscnmwq","time":1610608060,"event":{"mods":["BaseMod","Better Altar","Better Match","Better Note","Better Sensory Stone","Better Skull","Better Third Choice","Better Vampires","Block Reminder","Colored Powertips","Displayed Cursed Tome","Minty Spire (QoL Compilation)","Permanent Neow","Quick Restart","Robot Space Explorer","Shop Mod","Spicy Shops","StSLib","The Cursed","The Disciple","The Hayseed","The Hierophant"],"gold_per_floor":[119,119,119,72,82,115,115,145,145,20,34,54,54,67,67,171,221,238,5,37,37,51,51,82,82,82,82,98,1,14,14,14,118,118,133,133,133,143,159,169,169,169],"floor_reached":41,"language":"ENG","playtime":3805,"items_purged":["RobotSpaceExplorer:Defend","RobotSpaceExplorer:Strike"],"score":488,"play_id":"390caa3f-f2c1-4410-bb69-4a5cb53f95c0","local_time":"20210114160740","is_ascension_mode":true,"campfire_choices":[{"data":"RobotSpaceExplorer:RigExplosive","floor":7,"key":"SMITH"},{"data":"RobotSpaceExplorer:Reload","floor":13,"key":"SMITH"},{"data":"RobotSpaceExplorer:FreezingShield","floor":15,"key":"SMITH"},{"data":"RobotSpaceExplorer:Jetpack","floor":23,"key":"SMITH"},{"data":"RobotSpaceExplorer:BigMissile","floor":25,"key":"SMITH"},{"floor":27,"key":"REST"},{"data":"Trip","floor":32,"key":"SMITH"}],"circlet_count":0,"master_deck":["RobotSpaceExplorer:Strike","RobotSpaceExplorer:Defend+1","RobotSpaceExplorer:Defend+1","RobotSpaceExplorer:Scan","RobotSpaceExplorer:MiniLasers+1","Good Instincts+1","RobotSpaceExplorer:GlueSpray+1","RobotSpaceExplorer:ScrapMissile","RobotSpaceExplorer:RigExplosive+1","RobotSpaceExplorer:BigMissile+1","RobotSpaceExplorer:FreezeRay+1","RobotSpaceExplorer:ScrapToss","RobotSpaceExplorer:Reload+1","RobotSpaceExplorer:FreezingShield+1","RobotSpaceExplorer:TrailblazerForm+1","RobotSpaceExplorer:PowerCollector+1","RobotSpaceExplorer:Jetpack+1","RobotSpaceExplorer:RigExplosive+1","RobotSpaceExplorer:StunGrenade","RobotSpaceExplorer:MiniBoosters+1","Trip+1","Madness+1","RobotSpaceExplorer:Scanner+1","RobotSpaceExplorer:ImprovisedAttack+1","RobotSpaceExplorer:Arsenal+1","RobotSpaceExplorer:Autoloader+1"],"relics":["RobotSpaceExplorer:RoboCore","InkBottle","Regal Pillow","Frozen Egg 2","Turnip","Tiny House","Membership Card","Red Mask","War Paint","Ornamental Fan","Astrolabe"],"acts_visited":["Exordium","TheCity","TheBeyond"],"potions_floor_usage":[8,8,12,14,16,16,16,18,20,20,22,22,24,24,28,28,30,30,30,33,33,33,38,38,38,39,39,40,40,41],"damage_taken":[{"damage":0,"enemies":"Jaw Worm","floor":1,"turns":3},{"damage":0,"enemies":"Cultist","floor":5,"turns":4},{"damage":17,"enemies":"3 Sentries","floor":6,"turns":15},{"damage":8,"enemies":"Gremlin Nob","floor":8,"turns":5},{"damage":0,"enemies":"2 Louse","floor":11,"turns":2},{"damage":0,"enemies":"2 Fungi Beasts","floor":12,"turns":3},{"damage":4,"enemies":"Red Slaver","floor":14,"turns":3},{"damage":16,"enemies":"Slime Boss","floor":16,"turns":9},{"damage":2,"enemies":"Shell Parasite","floor":18,"turns":7},{"damage":12,"enemies":"Masked Bandits","floor":20,"turns":3},{"damage":0,"enemies":"2 Thieves","floor":22,"turns":4},{"damage":15,"enemies":"Book of Stabbing","floor":24,"turns":5},{"damage":1,"enemies":"Chosen and Byrds","floor":28,"turns":3},{"damage":0,"enemies":"Cultist and Chosen","floor":30,"turns":5},{"damage":4,"enemies":"Automaton","floor":33,"turns":9},{"damage":15,"enemies":"3 Shapes","floor":35,"turns":3},{"damage":18,"enemies":"3 Darklings","floor":38,"turns":4},{"damage":18,"enemies":"Writhing Mass","floor":39,"turns":5},{"damage":26,"enemies":"Jaw Worm Horde","floor":40,"turns":4},{"damage":0,"enemies":"3 Darklings","floor":41,"turns":2}],"seed_played":"-7562152161973036553","potions_obtained":[{"floor":1,"key":"BlessingOfTheForge"},{"floor":5,"key":"Energy Potion"},{"floor":6,"key":"Explosive Potion"},{"floor":17,"key":"Fruit Juice"},{"floor":18,"key":"Ancient Potion"},{"floor":22,"key":"SkillPotion"},{"floor":24,"key":"Swift Potion"},{"floor":33,"key":"Weak Potion"},{"floor":39,"key":"GamblersBrew"}],"is_trial":false,"path_per_floor":["M","?","?","$","M","E","R","E","T","$","M","M","R","M","R","B",null,"M","$","?","?","M","R","E","R","T","R","M","$","M","?","R","B",null,"M","?","?","M","M","M","M"],"character_chosen":"RobotSpaceExplorer","items_purchased":["RobotSpaceExplorer:ScrapMissile","Turnip","RobotSpaceExplorer:FreezeRay+1","Membership Card","RobotSpaceExplorer:FreezeRay+1","Trip"],"campfire_rested":1,"item_purchase_floors":[4,10,10,19,19,29],"current_hp_per_floor":[75,80,80,80,80,63,63,55,55,55,55,55,55,51,51,35,85,88,88,76,76,76,76,61,61,61,90,89,89,89,71,71,67,90,75,75,75,57,39,13,13,13],"gold":169,"neow_bonus":"RANDOM_COLORLESS","is_daily":false,"chose_seed":false,"campfire_upgraded":6,"win_rate":0.0,"timestamp":1610608060,"path_taken":["M","?","?","?","M","E","R","E","T","$","M","M","R","?","R","BOSS","M","$","?","?","M","R","E","R","T","R","M","$","?","?","R","BOSS","M","?","?","M","M","M","M"],"items_purchased_type":["Card","Relic","Card","Relic","Card","Card"],"build_version":"2020-12-22","purchased_purges":2,"victory":false,"max_hp_per_floor":[75,80,80,80,80,80,80,80,80,80,80,80,80,80,80,80,85,90,90,90,90,90,90,90,90,90,90,90,90,90,90,90,90,90,90,90,90,90,90,90,90,90],"card_choices":[{"not_picked":["Finesse","Bandage Up"],"picked":"Good Instincts","floor":0},{"not_picked":["RobotSpaceExplorer:Counterblock","RobotSpaceExplorer:Pulsar"],"picked":"RobotSpaceExplorer:GlueSpray","floor":1},{"not_picked":["RobotSpaceExplorer:MakeshiftVolley","RobotSpaceExplorer:ToxicBomb","RobotSpaceExplorer:MetalStrike"],"picked":"SKIP","floor":5},{"not_picked":["RobotSpaceExplorer:SurgingShield","RobotSpaceExplorer:ScrapMissile"],"picked":"RobotSpaceExplorer:RigExplosive","floor":6},{"not_picked":["RobotSpaceExplorer:MetalStrike","RobotSpaceExplorer:FreezeRay"],"picked":"RobotSpaceExplorer:BigMissile","floor":8},{"not_picked":["RobotSpaceExplorer:FrostMissile","RobotSpaceExplorer:Pulsar"],"picked":"RobotSpaceExplorer:ScrapToss","floor":11},{"not_picked":["RobotSpaceExplorer:Probe","RobotSpaceExplorer:GlueShot"],"picked":"RobotSpaceExplorer:Reload","floor":12},{"not_picked":["RobotSpaceExplorer:JunkDive","RobotSpaceExplorer:Discharger+1"],"picked":"RobotSpaceExplorer:FreezingShield","floor":14},{"not_picked":["RobotSpaceExplorer:BlastShield","RobotSpaceExplorer:HighVoltage"],"picked":"RobotSpaceExplorer:TrailblazerForm+1","floor":16},{"not_picked":["RobotSpaceExplorer:Electropulse","RobotSpaceExplorer:GearShield"],"picked":"RobotSpaceExplorer:PowerCollector+1","floor":17},{"not_picked":["RobotSpaceExplorer:GlueShot+1","RobotSpaceExplorer:FranticSearch"],"picked":"RobotSpaceExplorer:Jetpack","floor":18},{"not_picked":["RobotSpaceExplorer:Electropulse","RobotSpaceExplorer:FrostMissile"],"picked":"RobotSpaceExplorer:StunGrenade","floor":22},{"not_picked":["RobotSpaceExplorer:IronShell","RobotSpaceExplorer:HighVoltage"],"picked":"RobotSpaceExplorer:MiniBoosters+1","floor":24},{"not_picked":["RobotSpaceExplorer:Pulsar+1","RobotSpaceExplorer:ScrapMissile","RobotSpaceExplorer:StunGrenade"],"picked":"SKIP","floor":28},{"not_picked":["RobotSpaceExplorer:MetalStrike+1","RobotSpaceExplorer:FranticSearch","RobotSpaceExplorer:ScrapShield+1"],"picked":"SKIP","floor":30},{"not_picked":["RobotSpaceExplorer:Arsenal","RobotSpaceExplorer:Autoloader+1"],"picked":"RobotSpaceExplorer:Scanner+1","floor":33},{"not_picked":["RobotSpaceExplorer:Ammunition","RobotSpaceExplorer:ImprovisedAttack","RobotSpaceExplorer:MakeshiftVolley+1"],"picked":"SKIP","floor":35},{"not_picked":["RobotSpaceExplorer:Blitz+1","RobotSpaceExplorer:MetalStrike","RobotSpaceExplorer:Pulsar+1"],"picked":"SKIP","floor":38},{"not_picked":["RobotSpaceExplorer:ScrapShield","RobotSpaceExplorer:ShovelStrike","RobotSpaceExplorer:ShockKick+1"],"picked":"SKIP","floor":39},{"not_picked":["RobotSpaceExplorer:FranticSearch","RobotSpaceExplorer:Probe","RobotSpaceExplorer:Pulsar"],"picked":"SKIP","floor":40}],"player_experience":771768,"relics_obtained":[{"floor":6,"key":"InkBottle"},{"floor":8,"key":"Regal Pillow"},{"floor":9,"key":"Frozen Egg 2"},{"floor":20,"key":"Red Mask"},{"floor":24,"key":"War Paint"},{"floor":26,"key":"Ornamental Fan"}],"event_choices":[{"damage_healed":0,"gold_gain":0,"player_choice":"Donut","damage_taken":0,"max_hp_gain":5,"max_hp_loss":0,"event_name":"Big Fish","floor":2,"gold_loss":0},{"damage_healed":0,"gold_gain":0,"player_choice":"Grow","damage_taken":0,"max_hp_gain":0,"max_hp_loss":0,"event_name":"Living Wall","floor":3,"gold_loss":0,"cards_upgraded":["RobotSpaceExplorer:GlueSpray"]},{"damage_healed":0,"gold_gain":0,"player_choice":"Fought Bandits","damage_taken":0,"max_hp_gain":0,"max_hp_loss":0,"event_name":"Masked Bandits","floor":20,"gold_loss":0},{"damage_healed":0,"gold_gain":0,"player_choice":"Copied","damage_taken":0,"max_hp_gain":0,"max_hp_loss":0,"event_name":"Duplicator","floor":21,"gold_loss":0,"cards_obtained":["RobotSpaceExplorer:RigExplosive"]},{"damage_healed":0,"gold_gain":2,"player_choice":"2","damage_taken":0,"max_hp_gain":0,"max_hp_loss":18,"event_name":"betterStone:BetterStone","floor":31,"gold_loss":0},{"cards_removed":["RobotSpaceExplorer:FreezeRay"],"damage_healed":0,"gold_gain":0,"player_choice":"Removed Power","damage_taken":0,"max_hp_gain":0,"max_hp_loss":0,"event_name":"Falling","floor":36,"gold_loss":0},{"damage_healed":0,"gold_gain":0,"player_choice":"Upgraded","damage_taken":0,"max_hp_gain":0,"max_hp_loss":0,"event_name":"Upgrade Shrine","floor":37,"gold_loss":0,"cards_upgraded":["RobotSpaceExplorer:MiniLasers"]}],"is_beta":false,"boss_relics":[{"not_picked":["Ectoplasm","Pandora\u0027s Box"],"picked":"Tiny House"},{"not_picked":["Runic Pyramid","Snecko Eye"],"picked":"Astrolabe"}],"items_purged_floors":[19,29],"is_endless":false,"potions_floor_spawned":[1,5,6,12,18,22,24,28,33,35,39],"killed_by":"3 Darklings","ascension_level":2}}