{"host":"gsu59bb6ixcbb7gk","time":1610602830,"event":{"mods":["BaseMod","Colored Powertips","Downfall","Googly Eyes","Infinite Spire","Minty Spire (QoL Compilation)","Replay The Spire","StSLib"],"gold_per_floor":[199,199,374,374,374,408,408,387,407,12,12,0,0,19,34,135,135,135,145,156,241,255,125,125,137,137,150,150,166,166,166,184,285,285,285,305,305,317,329,329,329,346,376,376,376,431,431,6,6,109,109,109,128,183,183,53,53,53,80,80,99,99,134,134,150,160,261,261,261,261,261,276,291,291,141,441,467,497,510,59,59,59],"floor_reached":81,"language":"ENG","playtime":4799,"items_purged":["Strike_G","Doubt","Survivor","Defend_G+1","Strike_G+1"],"score":1278,"play_id":"f104fc70-8a64-4350-b65d-ee668b7290a7","local_time":"20210114004030","is_ascension_mode":true,"campfire_choices":[{"data":"Bouncing Flask","floor":18,"key":"SMITH"},{"floor":30,"key":"REST"},{"data":"infinitespire:Oblivion","floor":35,"key":"SMITH"},{"floor":40,"key":"REST"},{"floor":44,"key":"REST"},{"floor":47,"key":"REST"},{"floor":49,"key":"REST"},{"data":"Draining Mist","floor":52,"key":"SMITH"},{"data":"infinitespire:Neurotoxin","floor":57,"key":"SMITH"},{"data":"infinitespire:Neurotoxin","floor":60,"key":"SMITH"},{"data":"Noxious Fumes","floor":64,"key":"SMITH"},{"data":"Deadly Poison","floor":71,"key":"SMITH"}],"circlet_count":0,"master_deck":["Strike_G+1","Strike_G+1","Strike_G+1","Defend_G+1","Defend_G+1","Defend_G+1","Defend_G+1","Neutralize","Backflip","Draining Mist+1","Replay:Poison Smokescreen+1","Bouncing Flask+1","Deadly Poison+1","Prepared","Parasite","Corpse Explosion+1","Envenom","Deadly Poison+1","Noxious Fumes+1","infinitespire:Oblivion+1","Fluid Movement","infinitespire:Neurotoxin+1","Distraction+1","Noxious Fumes+1","infinitespire:Neurotoxin+1","infinitespire:Oblivion+1","Burst+1","ReplayTheSpireMod:Necrosis+1","ReplayTheSpireMod:Black Plague+1","Pot Of Greed","Pot Of Greed","Pot Of Greed"],"relics":["infinitespire:MutagenicDexterity","Cursed Key","Smiling Mask","Replay:M_SmolderingBlood","champ:FightingForDummies","Old Coin","HornCleat","infinitespire:Broken Mirror","downfall:RedIOUUpgrade","GoldenEye","Gremlin Food","infinitespire:Joker Card","PreservedInsect","sneckomod:UnknownEgg","StoneCalendar","infinitespire:DarkRift","Dead Branch","Grinning Jar","Medical Kit","sneckomod:SleevedAce","Melange","infinitespire:Chaos","Chemical X","Frozen Egg 2"],"acts_visited":["Exordium","TheCity","TheBeyond","Exordium","TheCity"],"potions_floor_usage":[10,16,16,27,27,33,42,43,67,77,77,78,78],"damage_taken":[{"damage":0,"enemies":"Cultist","floor":2,"turns":1},{"damage":0,"enemies":"Small Slimes","floor":4,"turns":1},{"damage":0,"enemies":"Jaw Worm","floor":5,"turns":1},{"damage":33,"enemies":"3 Sentries","floor":6,"turns":14},{"damage":0,"enemies":"Exordium Wildlife","floor":9,"turns":5},{"damage":1,"enemies":"downfall:FleeingMerchant","floor":10,"turns":4},{"damage":0,"enemies":"downfall:FleeingMerchant","floor":12,"turns":4},{"damage":0,"enemies":"Looter","floor":14,"turns":4},{"damage":5,"enemies":"Large Slime","floor":15,"turns":7},{"damage":37,"enemies":"The Guardian","floor":16,"turns":8},{"damage":1,"enemies":"Shell Parasite","floor":19,"turns":5},{"damage":2,"enemies":"3 Byrds","floor":20,"turns":4},{"damage":15,"enemies":"Snake Plant","floor":22,"turns":4},{"damage":0,"enemies":"downfall:FleeingMerchant","floor":23,"turns":4},{"damage":5,"enemies":"Centurion and Healer","floor":25,"turns":5},{"damage":2,"enemies":"Chosen and Byrds","floor":27,"turns":4},{"damage":7,"enemies":"Snecko","floor":29,"turns":4},{"damage":0,"enemies":"Snake Plant","floor":32,"turns":3},{"damage":21,"enemies":"downfall:Silent","floor":33,"turns":6},{"damage":0,"enemies":"3 Darklings","floor":36,"turns":2},{"damage":27,"enemies":"3 Shapes","floor":38,"turns":5},{"damage":34,"enemies":"Transient","floor":39,"turns":5},{"damage":0,"enemies":"4 Shapes","floor":42,"turns":3},{"damage":0,"enemies":"Nightmare","floor":43,"turns":5},{"damage":35,"enemies":"2 Orb Walkers","floor":46,"turns":4},{"damage":0,"enemies":"downfall:FleeingMerchant","floor":48,"turns":4},{"damage":25,"enemies":"downfall:Ironclad","floor":50,"turns":8},{"damage":5,"enemies":"Small Slimes","floor":53,"turns":3},{"damage":8,"enemies":"Gremlin Nob","floor":54,"turns":3},{"damage":0,"enemies":"downfall:FleeingMerchant","floor":56,"turns":3},{"damage":0,"enemies":"Gremlin Nob","floor":59,"turns":3},{"damage":0,"enemies":"Jaw Worm","floor":61,"turns":1},{"damage":7,"enemies":"Lagavulin","floor":63,"turns":3},{"damage":0,"enemies":"2 Louse","floor":65,"turns":1},{"damage":0,"enemies":"2 Fungi Beasts","floor":66,"turns":2},{"damage":53,"enemies":"Hexaghost","floor":67,"turns":5},{"damage":0,"enemies":"Spheric Guardian","floor":72,"turns":2},{"damage":7,"enemies":"3 Byrds","floor":73,"turns":3},{"damage":73,"enemies":"Slavers","floor":77,"turns":3},{"damage":4,"enemies":"Book of Stabbing","floor":78,"turns":3},{"damage":0,"enemies":"3 Cultists","floor":79,"turns":2},{"damage":13,"enemies":"Slavers","floor":81,"turns":1}],"seed_played":"6073265652118377299","potions_obtained":[{"floor":6,"key":"Reflective Coating"},{"floor":9,"key":"SpeedPotion"},{"floor":14,"key":"Venom Potion"},{"floor":15,"key":"SteroidPotion"},{"floor":20,"key":"Explosive Potion"},{"floor":27,"key":"Poison Potion"},{"floor":36,"key":"DistilledChaos"},{"floor":39,"key":"Poison Potion"},{"floor":46,"key":"Guardian:BlockOnCardUsePotion"},{"floor":50,"key":"Explosive Potion"},{"floor":53,"key":"Dexterity Potion"},{"floor":54,"key":"EssenceOfSteel"},{"floor":66,"key":"Languid Potion"},{"floor":72,"key":"sneckomod:MuddlingPotion"},{"floor":77,"key":"Weak Potion"},{"floor":79,"key":"ColorlessPotion"}],"is_trial":false,"path_per_floor":["R","M","?","M","M","E","T","?","M","$","?","$","?","M","M","B",null,"R","M","M","?","M","$","T","M","AVR","M","?","M","R","?","M","B",null,"R","M","?","M","M","R","T","M","NM","R","?","?","R","?","R","B",null,"R","M","?","?","$","R","T","E","R","M","AVR","E","R","M","M","B",null,"PTL","PTL","R","M","M","?","?","AVR","E","E","M","$","E"],"character_chosen":"THE_SILENT","items_purchased":["Bouncing Flask","Deadly Poison","Replay:Bottled Eggs","Noxious Fumes","Durian","Toxic Egg 2","infinitespire:EmpoweringShard","Chemical X","Frozen Egg 2"],"campfire_rested":5,"item_purchase_floors":[10,10,10,23,48,56,56,80,80],"current_hp_per_floor":[70,70,70,70,70,37,37,37,37,36,36,36,53,53,48,11,70,70,69,67,59,44,44,44,39,39,37,37,30,51,51,51,30,70,70,70,70,43,9,30,30,30,30,51,51,16,37,42,64,39,75,75,70,62,66,70,70,70,74,74,78,78,75,75,79,79,30,79,79,79,79,79,76,57,89,89,16,12,12,12,0,0],"gold":59,"neow_bonus":"THREE_ENEMY_KILL","is_daily":false,"chose_seed":false,"campfire_upgraded":7,"win_rate":0.0,"timestamp":1610602830,"path_taken":["R","M","?","M","M","E","T","?","?","$","?","$","?","M","M","BOSS","R","M","M","?","M","$","T","M","AVR","M","?","M","R","?","M","BOSS","R","M","?","?","M","R","T","M","NM","R","?","?","R","?","R","BOSS","R","M","?","?","?","R","T","E","R","M","AVR","E","R","M","M","BOSS","PTL","PTL","R","M","M","?","?","AVR","E","E","?","$","E"],"items_purchased_type":["Card","Card","Relic","Card","Relic","Relic","Relic","Relic","Relic"],"build_version":"2020-12-22","purchased_purges":5,"victory":false,"max_hp_per_floor":[70,70,70,70,70,70,70,70,70,70,70,70,70,70,70,70,70,70,70,70,70,70,70,70,70,70,70,70,70,70,70,70,70,70,70,70,70,70,70,70,70,70,70,70,70,70,70,75,75,75,75,75,75,75,79,79,79,79,79,79,79,79,79,79,79,79,79,79,79,79,79,79,79,79,89,89,89,89,89,89,89,89],"card_choices":[{"not_picked":["Outmaneuver","Slice"],"picked":"Backflip","floor":2},{"not_picked":["PiercingWail","Well Laid Plans"],"picked":"Draining Mist","floor":4},{"not_picked":["Slice","Concentrate"],"picked":"Replay:Poison Smokescreen","floor":5},{"not_picked":["Dagger Spray","Leg Sweep","Blade Dance"],"picked":"SKIP","floor":6},{"not_picked":["Reflex","ReplayTheSpireMod:Shiv Toss","Blur"],"picked":"SKIP","floor":9},{"not_picked":["Reflex","ReplayTheSpireMod:Shiv Toss","Blur"],"picked":"SKIP","floor":9},{"not_picked":["Underhanded Strike","Caltrops","Cloak And Dagger"],"picked":"SKIP","floor":10},{"not_picked":["Dodge and Roll","Dagger Throw"],"picked":"Prepared","floor":12},{"not_picked":["Cloak And Dagger","Backflip","Predator"],"picked":"SKIP","floor":14},{"not_picked":["Underhanded Strike","Poisoned Stab"],"picked":"Corpse Explosion","floor":15},{"not_picked":["Venomology","Malaise"],"picked":"Envenom","floor":16},{"not_picked":["Flying Knee+1","Terror","Tactician"],"picked":"SKIP","floor":19},{"not_picked":["Backflip","Flying Knee","Sucker Punch"],"picked":"SKIP","floor":20},{"not_picked":["Dagger Spray","Sucker Punch"],"picked":"Deadly Poison","floor":22},{"not_picked":["Quick Slash","Dagger Spray+1","Cloak And Dagger"],"picked":"SKIP","floor":23},{"not_picked":["ReplayTheSpireMod:Shiv Toss+1","Acrobatics+1","All Out Attack+1"],"picked":"SKIP","floor":25},{"not_picked":["Dodge and Roll","Tactician"],"picked":"Fluid Movement","floor":27},{"not_picked":["Backflip","Slice","Outmaneuver+1"],"picked":"SKIP","floor":29},{"not_picked":["Sucker Punch","Dodge and Roll","Expertise+1"],"picked":"SKIP","floor":32},{"not_picked":["Unload","Glass Knife"],"picked":"infinitespire:Neurotoxin","floor":33},{"not_picked":["Flying Knee","Tactician","PiercingWail+1"],"picked":"SKIP","floor":36},{"not_picked":["Concentrate","Caltrops","Cloak And Dagger"],"picked":"SKIP","floor":38},{"not_picked":["ReplayTheSpireMod:The Works","Calculated Gamble","Flying Knee"],"picked":"SKIP","floor":39},{"not_picked":["Flechettes+1","Outmaneuver+1"],"picked":"Distraction+1","floor":42},{"not_picked":["Grand Finale+1","Poisoned Stab+1"],"picked":"Noxious Fumes+1","floor":43},{"not_picked":["Acrobatics+1","PiercingWail","Cloak And Dagger"],"picked":"SKIP","floor":48},{"not_picked":["Phantasmal Killer","Poison Darts"],"picked":"infinitespire:Neurotoxin","floor":50},{"not_picked":["Prepared","Deadly Poison","All Out Attack+1"],"picked":"SKIP","floor":53},{"not_picked":["Deadly Poison","Deflect","Cloak And Dagger"],"picked":"SKIP","floor":56},{"not_picked":["Flying Knee+1","Hidden Blade+1","Noxious Fumes"],"picked":"SKIP","floor":59},{"not_picked":["Accuracy","Slice+1","PiercingWail+1"],"picked":"SKIP","floor":61},{"not_picked":["Toxin Wave+1","Finisher+1"],"picked":"Burst+1","floor":63},{"not_picked":["Backflip+1","Expertise+1","Underhanded Strike+1"],"picked":"SKIP","floor":65},{"not_picked":["Acrobatics+1","Dagger Throw+1","PiercingWail+1"],"picked":"SKIP","floor":66},{"not_picked":["Grand Finale+1","Bullet Time+1"],"picked":"ReplayTheSpireMod:Necrosis+1","floor":67},{"not_picked":["Fluid Movement","Bane+1","Eviscerate+1"],"picked":"SKIP","floor":72},{"not_picked":["Backflip+1","Hidden Blade+1","Predator+1"],"picked":"SKIP","floor":73},{"not_picked":["infinitespire:SealOfDarkness+","infinitespire:Gouge"],"picked":"ReplayTheSpireMod:Black Plague","floor":74},{"not_picked":["CrushJoints","Crescendo+1","Underhanded Strike"],"picked":"SKIP","floor":77},{"not_picked":["Dash","Crescendo","Heel Hook"],"picked":"SKIP","floor":78},{"not_picked":["Deadly Poison","ReplayTheSpireMod:Speed Training","After Image"],"picked":"SKIP","floor":79}],"player_experience":223084,"relics_obtained":[{"floor":6,"key":"ReplayTheSpireMod:Shallot"},{"floor":7,"key":"Replay:Baseball"},{"floor":24,"key":"Replay:WaspNest"},{"floor":41,"key":"Molten Egg 2"},{"floor":43,"key":"Bag of Marbles"},{"floor":46,"key":"Thread and Needle"},{"floor":54,"key":"War Paint"},{"floor":58,"key":"Ninja Scroll"}],"event_choices":[{"damage_healed":0,"gold_gain":175,"player_choice":"AGREE","damage_taken":0,"max_hp_gain":0,"max_hp_loss":0,"event_name":"Liars Game","floor":3,"gold_loss":0,"cards_obtained":["Doubt"]},{"damage_healed":0,"gold_gain":0,"player_choice":"Left Gold","damage_taken":0,"max_hp_gain":0,"max_hp_loss":0,"event_name":"World of Goop","floor":8,"gold_loss":21},{"damage_healed":0,"gold_gain":0,"player_choice":"Fled","damage_taken":0,"max_hp_gain":0,"max_hp_loss":0,"event_name":"Scrap Ooze","floor":11,"gold_loss":0},{"damage_healed":17,"gold_gain":0,"player_choice":"Healed and dodged fight","damage_taken":0,"max_hp_gain":0,"max_hp_loss":0,"event_name":"Mushrooms","floor":13,"gold_loss":0,"cards_obtained":["Parasite"]},{"damage_healed":0,"gold_gain":0,"player_choice":"Simplicity","damage_taken":0,"max_hp_gain":0,"max_hp_loss":0,"event_name":"Back to Basics","floor":28,"gold_loss":0,"cards_upgraded":["Strike_G","Strike_G","Strike_G","Strike_G","Defend_G","Defend_G","Defend_G","Defend_G","Defend_G"]},{"damage_healed":0,"gold_gain":0,"player_choice":"Inject Mutagens","damage_taken":0,"relics_obtained":["MutagenicStrength"],"max_hp_gain":0,"max_hp_loss":0,"event_name":"Drug Dealer","floor":31,"gold_loss":0},{"damage_healed":0,"gold_gain":0,"player_choice":"Fight","damage_taken":0,"max_hp_gain":0,"max_hp_loss":0,"event_name":"Mysterious Sphere","floor":46,"gold_loss":0}],"is_beta":false,"boss_relics":[{"not_picked":["Honey Jar","Runic Dome"],"picked":"HoveringKite"},{"not_picked":["Astrolabe","Replay:Wanted Poster","Runic Pyramid"]},{"not_picked":["Coffee Dripper","ReplayTheSpireMod:SealedPack"],"picked":"SlaversCollar"},{"not_picked":["Calling Bell","Replay:Bronze Core"],"picked":"Black Star"}],"items_purged_floors":[23,26,48,62,80],"is_endless":true,"potions_floor_spawned":[6,9,14,15,20,27,36,39,46,50,53,54,63,65,66,72,77,79],"killed_by":"Slavers","ascension_level":1}}