{"host":"evor8co6wap25kfw","time":1610625180,"event":{"mods":["ATMod(阿瑾Mod)","Act Like it!","BaseMod","Conspire","KinomotoSakuraMod(木之本樱)","Koishi","KomeijiMod","Minty Spire (QoL Compilation)","MostiFishMod","Replay The Spire","SOS（斯巴达之子）","StSLib","The Saiyan","The Servant 0.9.4","vexMod","【遗物卡牌】REMEMod"],"gold_per_floor":[117,117,117,136,61,96,171,171,171,171,190,205,231,131,131,131,131],"floor_reached":16,"language":"ZHS","playtime":481,"items_purged":["Defend_G","Defend_G"],"score":171,"play_id":"ad0b5b6d-a006-4562-905d-ee4a38615f67","local_time":"20210114195300","is_ascension_mode":true,"campfire_choices":[{"data":"ReplayTheSpireMod:Uncanny Aura","floor":8,"key":"SMITH"},{"floor":15,"key":"RECALL"}],"circlet_count":0,"master_deck":["Strike_G","Strike_G","Strike_G+1","Strike_G+1","Strike_G","Defend_G","Defend_G","Survivor","Neutralize","ReplayTheSpireMod:Uncanny Aura+1","AT_DarkMatter","Crippling Poison","Toxin Wave"],"relics":["Ring of the Snake","AT_ATBox","REME_ComplimentaryCards","DaveBox","BirthdayGift-Icosahedron","SynthV:TestCard","vexMod:RedPlottingStone","vexMod:Dragonfruit","AT_DeathDance"],"acts_visited":["Exordium"],"potions_floor_usage":[],"damage_taken":[{"damage":0,"enemies":"Small Slimes","floor":1,"turns":2},{"damage":0,"enemies":"2 Louse","floor":4,"turns":1},{"damage":0,"enemies":"3 Sentries","floor":6,"turns":3},{"damage":0,"enemies":"conspire:RoseBush","floor":11,"turns":2},{"damage":0,"enemies":"Large Slime","floor":12,"turns":3},{"damage":6,"enemies":"Replay:BlueRogue","floor":13,"turns":3},{"damage":0,"enemies":"Fading Forest","floor":16,"turns":4}],"seed_played":"4909411883590706897","potions_obtained":[{"floor":11,"key":"Strength Potion"}],"is_trial":false,"path_per_floor":["M","?","?","M","$","E","?","R","T","?","M","M","E","$","R","B"],"character_chosen":"THE_SILENT","items_purchased":[],"campfire_rested":0,"item_purchase_floors":[],"current_hp_per_floor":[70,56,80,80,80,80,69,69,74,74,75,76,71,71,71,71,71],"gold":131,"neow_bonus":"RANDOM_COLORLESS","is_daily":false,"chose_seed":false,"campfire_upgraded":1,"win_rate":0.0,"timestamp":1610625180,"path_taken":["M","?","?","?","$","E","?","R","T","?","M","?","E","$","R","BOSS"],"items_purchased_type":[],"build_version":"2020-12-22","purchased_purges":2,"victory":false,"max_hp_per_floor":[70,70,80,80,80,80,80,80,85,85,85,85,85,85,85,85,85],"card_choices":[{"not_picked":["Mind Blast","ReplayTheSpireMod:Trickstab"],"picked":"ReplayTheSpireMod:Uncanny Aura","floor":0},{"not_picked":["Heel Hook","Expertise"],"picked":"Crippling Poison","floor":1},{"not_picked":["PiercingWail","Backstab","Underhanded Strike","Cloak And Dagger","Prepared"],"picked":"SKIP","floor":4},{"not_picked":["Noxious Fumes","Skewer","Deadly Poison","AT_KneejerkReflex"],"picked":"Toxin Wave","floor":6},{"not_picked":["Outmaneuver","MostiFishMod:PerfectParry","Eviscerate","Deflect","All Out Attack"],"picked":"SKIP","floor":11},{"not_picked":["Crippling Poison","MostiFishMod:PoisonShield","Underhanded Strike","MostiFishMod:PerfectParry","Dagger Throw"],"picked":"SKIP","floor":12},{"not_picked":["REME_GreenPollution","MostiFishMod:PerfectParry","Crippling Poison","Blade Dance","AT_TwilightShroud"],"picked":"SKIP","floor":13}],"player_experience":204279,"relics_obtained":[{"floor":1,"key":"SynthV:TestCard"},{"floor":6,"key":"vexMod:RedPlottingStone"},{"floor":9,"key":"vexMod:Dragonfruit"},{"floor":13,"key":"AT_DeathDance"}],"event_choices":[{"damage_healed":0,"gold_gain":0,"player_choice":"Entered Light","damage_taken":14,"max_hp_gain":0,"max_hp_loss":0,"event_name":"Shining Light","floor":2,"gold_loss":0,"cards_upgraded":["Strike_G","Strike_G"]},{"cards_removed":["Hemogenesis"],"damage_healed":14,"gold_gain":0,"player_choice":"Offered Rare","damage_taken":0,"max_hp_gain":10,"max_hp_loss":0,"event_name":"Bonfire Elementals","floor":3,"gold_loss":0},{"damage_healed":0,"gold_gain":75,"player_choice":"Gather Gold","damage_taken":11,"max_hp_gain":0,"max_hp_loss":0,"event_name":"World of Goop","floor":7,"gold_loss":0},{"cards_removed":["Defend_G"],"damage_healed":0,"gold_gain":0,"player_choice":"Card Removal","damage_taken":0,"max_hp_gain":0,"max_hp_loss":0,"event_name":"Wheel of Change","floor":10,"gold_loss":0}],"is_beta":false,"boss_relics":[],"items_purged_floors":[5,14],"is_endless":false,"potions_floor_spawned":[11],"killed_by":"Fading Forest","ascension_level":2}}