{"host":"tthpht10oetb1q7t","time":1610618165,"event":{"mods":["AchievementEnabler","BaseMod","Conspire","Ekko","GifTheSpireLib","Hermit","Hubris","Minty Spire (QoL Compilation)","Permanent Neow","Quick Restart","Replay The Spire","Shedinja","StSLib","SuperFastMode","The Poker Player","The Saiyan"],"gold_per_floor":[113,126,50,50,225,225,250,250,250,250,268,286,286,119,119,218,218,237,197,211,231,244,244,262,83,159,58,58,74,74,84,84,179,179,192,192,212,42,42,71,71,87,87,87,101,113,140,155,155,155,155],"floor_reached":50,"language":"ENG","playtime":2385,"items_purged":["Doubt","ekkoTheBoyWhoShatteredTime:Defend","ekkoTheBoyWhoShatteredTime:Defend"],"score":554,"play_id":"1dc37b07-dac5-4580-b318-686ca4f56751","local_time":"20210114105605","is_ascension_mode":false,"campfire_choices":[{"data":"ekkoTheBoyWhoShatteredTime:ProjectPreference","floor":6.0,"key":"SMITH"},{"data":"ekkoTheBoyWhoShatteredTime:Unleashed","floor":8.0,"key":"SMITH"},{"floor":10.0,"key":"RECALL"},{"data":"ekkoTheBoyWhoShatteredTime:NeedlesslyLargeRod","floor":15.0,"key":"SMITH"},{"data":"ekkoTheBoyWhoShatteredTime:AcademyAttraction","floor":23.0,"key":"SMITH"},{"data":"ekkoTheBoyWhoShatteredTime:Playful","floor":28.0,"key":"SMITH"},{"data":"ekkoTheBoyWhoShatteredTime:Disturblast","floor":30.0,"key":"SMITH"},{"data":"ekkoTheBoyWhoShatteredTime:NeedlesslyLargeRod","floor":32.0,"key":"SMITH"},{"data":"ekkoTheBoyWhoShatteredTime:PlayTheBeat","floor":41.0,"key":"SMITH"},{"data":"ekkoTheBoyWhoShatteredTime:SandstormSympathy","floor":44.0,"key":"SMITH"},{"floor":49.0,"key":"REST"}],"circlet_count":0,"master_deck":["ekkoTheBoyWhoShatteredTime:Strike","ekkoTheBoyWhoShatteredTime:Strike","ekkoTheBoyWhoShatteredTime:Strike","ekkoTheBoyWhoShatteredTime:Strike+1","ekkoTheBoyWhoShatteredTime:Strike+1","ekkoTheBoyWhoShatteredTime:Defend+1","ekkoTheBoyWhoShatteredTime:Defend","ekkoTheBoyWhoShatteredTime:Powered+1","ekkoTheBoyWhoShatteredTime:HauntingGuise+1","ekkoTheBoyWhoShatteredTime:FeelIt+1","ekkoTheBoyWhoShatteredTime:ProjectPreference+1","ekkoTheBoyWhoShatteredTime:Unleashed+1","ekkoTheBoyWhoShatteredTime:DefensiveStance","ekkoTheBoyWhoShatteredTime:NaggingBlow","ekkoTheBoyWhoShatteredTime:NeedlesslyLargeRod+1","ekkoTheBoyWhoShatteredTime:AfterimageDualStroke","ekkoTheBoyWhoShatteredTime:AcademyAttraction+1","ekkoTheBoyWhoShatteredTime:Leap","ekkoTheBoyWhoShatteredTime:AfterimageDualStroke+1","ekkoTheBoyWhoShatteredTime:Playful+1","ekkoTheBoyWhoShatteredTime:BansheesVeil","ekkoTheBoyWhoShatteredTime:NeedlesslyLargeRod+1","ekkoTheBoyWhoShatteredTime:Leap","ekkoTheBoyWhoShatteredTime:Disturblast+1","ekkoTheBoyWhoShatteredTime:MicCheck+1","ekkoTheBoyWhoShatteredTime:SandstormSympathy+1","ekkoTheBoyWhoShatteredTime:PlayTheBeat+1","ekkoTheBoyWhoShatteredTime:AfterimageTease+1","ekkoTheBoyWhoShatteredTime:NeedlesslyLargeRod","ekkoTheBoyWhoShatteredTime:KeepingMomentum+1","ekkoTheBoyWhoShatteredTime:Disturblast","ekkoTheBoyWhoShatteredTime:Confident+1","Parasite"],"relics":["ekkoTheBoyWhoShatteredTime:zDriveResonance","hubris:BottledRain","hubris:VirtuousBlindfold","Gremlin Horn","hubris:TerracottaHorce","Simple Rune","hubris:SphereOfDissonance","Replay:Baseball"],"acts_visited":["Exordium","TheCity","TheBeyond"],"potions_floor_usage":[],"damage_taken":[{"damage":3.0,"enemies":"2 Louse","floor":1.0,"turns":3.0},{"damage":5.0,"enemies":"Jaw Worm","floor":2.0,"turns":4.0},{"damage":22.0,"enemies":"Lagavulin","floor":7.0,"turns":7.0},{"damage":0.0,"enemies":"Small Slimes","floor":11.0,"turns":3.0},{"damage":0.0,"enemies":"Looter","floor":12.0,"turns":3.0},{"damage":32.0,"enemies":"The Guardian","floor":16.0,"turns":6.0},{"damage":13.0,"enemies":"Spheric Guardian","floor":18.0,"turns":4.0},{"damage":0.0,"enemies":"Chosen","floor":20.0,"turns":3.0},{"damage":17.0,"enemies":"Centurion and Healer","floor":21.0,"turns":4.0},{"damage":0.0,"enemies":"3 Cultists","floor":22.0,"turns":4.0},{"damage":14.0,"enemies":"Snake Plant","floor":24.0,"turns":3.0},{"damage":0.0,"enemies":"Sentry and Sphere","floor":29.0,"turns":3.0},{"damage":12.0,"enemies":"3 Cultists","floor":31.0,"turns":3.0},{"damage":0.0,"enemies":"Collector","floor":33.0,"turns":4.0},{"damage":18.0,"enemies":"3 Darklings","floor":35.0,"turns":4.0},{"damage":0.0,"enemies":"Orb Walker","floor":37.0,"turns":3.0},{"damage":18.0,"enemies":"Nemesis","floor":40.0,"turns":3.0},{"damage":7.0,"enemies":"Writhing Mass","floor":42.0,"turns":3.0},{"damage":0.0,"enemies":"Spire Growth","floor":45.0,"turns":1.0},{"damage":10.0,"enemies":"Transient","floor":46.0,"turns":5.0},{"damage":8.0,"enemies":"Reptomancer","floor":47.0,"turns":2.0},{"damage":0.0,"enemies":"Writhing Mass","floor":48.0,"turns":3.0},{"damage":0,"enemies":"Replay:Hell Engine","floor":50,"turns":1}],"seed_played":"933725888338329071","potions_obtained":[{"floor":2.0,"key":"Strength Potion"},{"floor":11.0,"key":"SteroidPotion"},{"floor":16.0,"key":"Weak Potion"},{"floor":21.0,"key":"DistilledChaos"},{"floor":22.0,"key":"Fruit Juice"},{"floor":37.0,"key":"GamblersBrew"},{"floor":48.0,"key":"FairyPotion"}],"is_trial":false,"path_per_floor":["M","M","$","?","?","R","E","R","T","R","M","M","?","$","R","B",null,"M","?","M","M","M","R","M","$","T","$","R","M","R","M","R","B",null,"M","?","M","$","?","E","R","M","T","R","M","M","E","M","R","B"],"character_chosen":"EKKO_THE_BOY_WHO_SHATTERED_TIME","items_purchased":["ekkoTheBoyWhoShatteredTime:ProjectPreference","ekkoTheBoyWhoShatteredTime:NeedlesslyLargeRod","ekkoTheBoyWhoShatteredTime:AfterimageDualStroke","ekkoTheBoyWhoShatteredTime:BansheesVeil","ekkoTheBoyWhoShatteredTime:NeedlesslyLargeRod","ekkoTheBoyWhoShatteredTime:Leap","ekkoTheBoyWhoShatteredTime:NeedlesslyLargeRod"],"campfire_rested":1,"item_purchase_floors":[3,14,14,25,27,27,38],"current_hp_per_floor":[75,70,70,70,70,70,48,48,48,48,48,48,48,48,48,16,78,65,65,65,48,53,53,39,39,39,39,39,39,39,27,27,27,69,51,51,51,51,51,33,33,26,26,26,26,16,8,8,32,32,32],"gold":155,"neow_bonus":"UPGRADE_CARD","is_daily":false,"chose_seed":false,"campfire_upgraded":9,"win_rate":0.0,"timestamp":1610618165,"path_taken":["M","M","$","?","?","R","E","R","T","R","M","M","?","$","R","BOSS","M","?","M","?","M","R","M","$","T","$","R","M","R","M","R","BOSS","M","?","M","$","?","E","R","M","T","R","M","M","E","M","R","BOSS"],"items_purchased_type":["Card","Card","Card","Card","Card","Card","Card"],"build_version":"2020-12-22","purchased_purges":3,"victory":false,"max_hp_per_floor":[78,78,78,78,78,78,78,78,78,78,78,78,78,78,78,78,78,78,78,78,78,83,83,83,83,83,83,83,83,83,83,83,83,83,83,83,83,83,83,83,83,83,83,83,83,83,83,83,83,83,83],"card_choices":[{"not_picked":["ekkoTheBoyWhoShatteredTime:SneakHit","ekkoTheBoyWhoShatteredTime:PhaseDive"],"picked":"ekkoTheBoyWhoShatteredTime:HauntingGuise","floor":1.0},{"not_picked":["ekkoTheBoyWhoShatteredTime:IceBreak","ekkoTheBoyWhoShatteredTime:DefensiveStance"],"picked":"ekkoTheBoyWhoShatteredTime:FeelIt","floor":2.0},{"not_picked":["ekkoTheBoyWhoShatteredTime:TimeRecall","ekkoTheBoyWhoShatteredTime:ParallelConvergence"],"picked":"ekkoTheBoyWhoShatteredTime:Unleashed","floor":7.0},{"not_picked":["ekkoTheBoyWhoShatteredTime:VelocityConsuming","ekkoTheBoyWhoShatteredTime:PhaseDive"],"picked":"ekkoTheBoyWhoShatteredTime:DefensiveStance","floor":11.0},{"not_picked":["ekkoTheBoyWhoShatteredTime:Greed","ekkoTheBoyWhoShatteredTime:HauntingGuise"],"picked":"ekkoTheBoyWhoShatteredTime:NaggingBlow","floor":12.0},{"not_picked":["ekkoTheBoyWhoShatteredTime:TrickOrTreatTrend","ekkoTheBoyWhoShatteredTime:GuinsoosRageblade"],"picked":"ekkoTheBoyWhoShatteredTime:AcademyAttraction","floor":16.0},{"not_picked":["ekkoTheBoyWhoShatteredTime:Greed","ekkoTheBoyWhoShatteredTime:QuickBreak"],"picked":"ekkoTheBoyWhoShatteredTime:Leap","floor":18.0},{"not_picked":["ekkoTheBoyWhoShatteredTime:CommittedStrike+1","ekkoTheBoyWhoShatteredTime:AfterimageTease"],"picked":"ekkoTheBoyWhoShatteredTime:AfterimageDualStroke+1","floor":20.0},{"not_picked":["ekkoTheBoyWhoShatteredTime:FluidEnergy","ekkoTheBoyWhoShatteredTime:FeelIt+1"],"picked":"ekkoTheBoyWhoShatteredTime:HauntingGuise+1","floor":21.0},{"not_picked":["ekkoTheBoyWhoShatteredTime:TimeRecall","ekkoTheBoyWhoShatteredTime:HauntedAfterimage+1","ekkoTheBoyWhoShatteredTime:Greed"],"picked":"SKIP","floor":22.0},{"not_picked":["ekkoTheBoyWhoShatteredTime:QuickBreak","ekkoTheBoyWhoShatteredTime:WaitForKeyTiming"],"picked":"ekkoTheBoyWhoShatteredTime:Playful","floor":24.0},{"not_picked":["ekkoTheBoyWhoShatteredTime:HauntingGuise","ekkoTheBoyWhoShatteredTime:Process"],"picked":"ekkoTheBoyWhoShatteredTime:Disturblast","floor":29.0},{"not_picked":["ekkoTheBoyWhoShatteredTime:HauntingGuise+1","ekkoTheBoyWhoShatteredTime:CommittedStrike+1"],"picked":"ekkoTheBoyWhoShatteredTime:MicCheck+1","floor":31.0},{"not_picked":["ekkoTheBoyWhoShatteredTime:AcademyAttraction","ekkoTheBoyWhoShatteredTime:DuplicateTimelines"],"picked":"ekkoTheBoyWhoShatteredTime:SandstormSympathy","floor":33.0},{"not_picked":["ekkoTheBoyWhoShatteredTime:DodgeTraining+1","ekkoTheBoyWhoShatteredTime:HauntedAfterimage"],"picked":"ekkoTheBoyWhoShatteredTime:PlayTheBeat","floor":35.0},{"not_picked":["ekkoTheBoyWhoShatteredTime:FluidEnergy+1","ekkoTheBoyWhoShatteredTime:WaitForKeyTiming"],"picked":"ekkoTheBoyWhoShatteredTime:AfterimageTease+1","floor":37.0},{"not_picked":["ekkoTheBoyWhoShatteredTime:RecallingPunch+1","ekkoTheBoyWhoShatteredTime:PhaseDive","ekkoTheBoyWhoShatteredTime:CommittedStrike+1"],"picked":"SKIP","floor":40.0},{"not_picked":["ekkoTheBoyWhoShatteredTime:Greed+1","ekkoTheBoyWhoShatteredTime:Confident+1"],"picked":"ekkoTheBoyWhoShatteredTime:KeepingMomentum+1","floor":42.0},{"not_picked":["ekkoTheBoyWhoShatteredTime:DodgeTraining+1","ekkoTheBoyWhoShatteredTime:Playful"],"picked":"ekkoTheBoyWhoShatteredTime:Disturblast","floor":45.0},{"not_picked":["ekkoTheBoyWhoShatteredTime:AfterimageTimeWrap","ekkoTheBoyWhoShatteredTime:CommittedStrike"],"picked":"ekkoTheBoyWhoShatteredTime:Confident+1","floor":46.0},{"not_picked":["ekkoTheBoyWhoShatteredTime:HauntingGuise","ekkoTheBoyWhoShatteredTime:PhaseDive","ekkoTheBoyWhoShatteredTime:Timewinder"],"picked":"SKIP","floor":47.0},{"not_picked":["ekkoTheBoyWhoShatteredTime:AfterimageTease","ekkoTheBoyWhoShatteredTime:AfterimageHit","ekkoTheBoyWhoShatteredTime:FeelIt+1"],"picked":"SKIP","floor":48.0}],"player_experience":96393,"relics_obtained":[{"floor":7.0,"key":"hubris:BottledRain"},{"floor":26.0,"key":"Gremlin Horn"},{"floor":40.0,"key":"Simple Rune"},{"floor":43.0,"key":"hubris:SphereOfDissonance"},{"floor":47.0,"key":"Replay:Baseball"}],"event_choices":[{"damage_healed":0.0,"max_hp_gain":0.0,"max_hp_loss":0.0,"gold_gain":175.0,"event_name":"Liars Game","player_choice":"AGREE","floor":5.0,"gold_loss":0.0,"damage_taken":0.0,"cards_obtained":["Doubt"]},{"damage_healed":0.0,"max_hp_gain":0.0,"max_hp_loss":0.0,"gold_gain":0.0,"event_name":"Designer","player_choice":"Upgraded Two","floor":19.0,"gold_loss":40.0,"damage_taken":0.0,"cards_upgraded":["ekkoTheBoyWhoShatteredTime:Defend","ekkoTheBoyWhoShatteredTime:FeelIt"]},{"cards_removed":["ekkoTheBoyWhoShatteredTime:HauntingGuise"],"damage_healed":0.0,"max_hp_gain":0.0,"max_hp_loss":0.0,"gold_gain":0.0,"event_name":"Falling","player_choice":"Removed Skill","floor":39.0,"gold_loss":0.0,"damage_taken":0.0}],"is_beta":false,"boss_relics":[{"not_picked":["Fusion Hammer","Tiny House"],"picked":"hubris:VirtuousBlindfold"},{"not_picked":["Runic Pyramid","hubris:GrandSneckoEye"],"picked":"hubris:TerracottaHorce"}],"items_purged_floors":[14,25,38],"is_endless":false,"potions_floor_spawned":[2,11,16,18,21,22,37,42,45,46,48],"killed_by":"Replay:Hell Engine","ascension_level":0}}