{"host":"cxgy235l59opqhsg","time":1610586886,"event":{"mods":["BaseMod","Colored Map","Minty Spire (QoL Compilation)","StSLib"],"gold_per_floor":[118,137,65,65,83,111,127,161,161,161,195,207,235,235,235,333,333,343,343,343,343,329,362,145,165,233,267,278,311,326,340,340,440,440,450,450,53,66,76,76,76,76,76,102,118,72,20,39,39,39,39,39,39,72,72,72],"floor_reached":55,"playtime":5793,"items_purged":["Dualcast","Strike_B"],"score":853,"play_id":"4323aa16-c5e5-4600-987a-8853ffa9a4c1","local_time":"20210113221446","is_ascension_mode":true,"campfire_choices":[{"data":"Reprogram","floor":10,"key":"SMITH"},{"floor":15,"key":"REST"},{"data":"Hologram","floor":32,"key":"SMITH"},{"data":"FTL","floor":40,"key":"SMITH"},{"data":"Chill","floor":42,"key":"SMITH"},{"floor":49,"key":"RECALL"},{"data":"Gash","floor":52,"key":"SMITH"}],"circlet_count":0,"master_deck":["Strike_B","Defend_B","Defend_B","Defend_B","Zap","Reprogram+1","FTL+1","Coolheaded","Leap","Coolheaded","Skim","Steam","Hologram","Reboot","Hologram+1","Barrage+1","Hologram+1","Go for the Eyes+1","Steam+1","Fission","Compile Driver+1","Cold Snap+1","Steam+1","Chill+1","Gash+1","Gash","Go for the Eyes+1"],"relics":["Busted Crown","Toy Ornithopter","Vajra","Unceasing Top","Bottled Lightning","Matryoshka","Shovel","SlaversCollar","Nilry\u0027s Codex","Mercury Hourglass","Meat on the Bone","InkBottle","Sundial","Empty Cage","Whetstone","Orrery","Happy Flower","StoneCalendar","Lantern"],"acts_visited":["Exordium","TheCity","TheBeyond","TheEnding"],"potions_floor_usage":[8,13,22,27,28,35,39,39,54,55,55],"damage_taken":[{"damage":1,"enemies":"Jaw Worm","floor":1,"turns":4},{"damage":0,"enemies":"2 Louse","floor":2,"turns":2},{"damage":0,"enemies":"Cultist","floor":5,"turns":3},{"damage":19,"enemies":"3 Sentries","floor":6,"turns":9},{"damage":6,"enemies":"Large Slime","floor":7,"turns":7},{"damage":7,"enemies":"Lagavulin","floor":8,"turns":9},{"damage":5,"enemies":"3 Sentries","floor":11,"turns":10},{"damage":6,"enemies":"Exordium Thugs","floor":12,"turns":6},{"damage":13,"enemies":"Gremlin Nob","floor":13,"turns":5},{"damage":11,"enemies":"The Guardian","floor":16,"turns":12},{"damage":21,"enemies":"Chosen","floor":18,"turns":7},{"damage":3,"enemies":"2 Thieves","floor":22,"turns":4},{"damage":10,"enemies":"Gremlin Leader","floor":23,"turns":5},{"damage":7,"enemies":"Snecko","floor":25,"turns":5},{"damage":13,"enemies":"Slavers","floor":27,"turns":5},{"damage":5,"enemies":"3 Cultists","floor":28,"turns":5},{"damage":9,"enemies":"Gremlin Leader","floor":29,"turns":6},{"damage":4,"enemies":"Sentry and Sphere","floor":30,"turns":8},{"damage":4,"enemies":"Shelled Parasite and Fungi","floor":31,"turns":4},{"damage":2,"enemies":"Collector","floor":33,"turns":8},{"damage":0,"enemies":"3 Darklings","floor":35,"turns":8},{"damage":0,"enemies":"3 Shapes","floor":38,"turns":4},{"damage":9,"enemies":"Writhing Mass","floor":39,"turns":6},{"damage":0,"enemies":"Nemesis","floor":44,"turns":5},{"damage":0,"enemies":"Transient","floor":45,"turns":5},{"damage":1,"enemies":"Spire Growth","floor":48,"turns":4},{"damage":0,"enemies":"Awakened One","floor":50,"turns":9},{"damage":34,"enemies":"Shield and Spear","floor":54,"turns":7},{"damage":56,"enemies":"The Heart","floor":55,"turns":3}],"seed_played":"-6104933271225120844","potions_obtained":[{"floor":7,"key":"FocusPotion"},{"floor":12,"key":"Swift Potion"},{"floor":16,"key":"Strength Potion"},{"floor":18,"key":"Weak Potion"},{"floor":25,"key":"Energy Potion"},{"floor":28,"key":"Block Potion"},{"floor":30,"key":"AttackPotion"},{"floor":33,"key":"LiquidMemories"},{"floor":35,"key":"SkillPotion"},{"floor":39,"key":"Explosive Potion"},{"floor":44,"key":"FocusPotion"},{"floor":45,"key":"Strength Potion"}],"is_trial":false,"path_per_floor":["M","M","$","?","M","E","M","E","T","R","E","M","E","?","R","B",null,"M","?","?","?","M","E","$","M","T","E","M","E","M","M","R","B",null,"M","?","$","M","M","R","?","R","T","E","M","$","$","M","R","B",null,"R","$","E","B"],"character_chosen":"DEFECT","items_purchased":["FTL","LiquidBronze","Self Repair","Whetstone","Orrery","Gash","Gash"],"campfire_rested":1,"item_purchase_floors":[3,24,24,37,37,46,47],"current_hp_per_floor":[74,74,74,56,56,37,31,29,29,29,24,18,10,3,25,14,75,54,40,40,24,26,16,16,16,16,20,32,35,50,53,53,58,80,80,80,80,80,71,71,71,71,71,71,71,71,71,70,70,70,80,80,80,46,0,0],"gold":72,"neow_bonus":"BOSS_RELIC","is_daily":false,"chose_seed":false,"campfire_upgraded":5,"win_rate":0.0,"timestamp":1610586886,"path_taken":["M","M","$","?","M","E","M","E","T","R","E","M","E","?","R","BOSS","M","?","?","?","M","E","$","M","T","E","M","E","M","M","R","BOSS","M","?","?","M","?","R","?","R","T","E","M","?","$","M","R","BOSS","R","$","E","BOSS"],"items_purchased_type":["Card","Potion","Card","Relic","Relic","Card","Card"],"build_version":"2020-12-22","purchased_purges":2,"victory":false,"max_hp_per_floor":[75,75,75,75,75,75,75,75,75,75,75,75,75,75,75,75,75,75,80,80,80,80,80,80,80,80,80,80,80,80,80,80,80,80,80,80,80,80,80,80,80,80,80,80,80,80,80,80,80,80,80,80,80,80,80,80],"card_choices":[{"not_picked":["Gash"],"picked":"SKIP","floor":1},{"not_picked":[],"picked":"Reprogram","floor":2},{"not_picked":[],"picked":"Coolheaded","floor":5},{"not_picked":[],"picked":"Leap","floor":6},{"not_picked":[],"picked":"Coolheaded","floor":7},{"not_picked":["Conserve Battery"],"picked":"SKIP","floor":8},{"not_picked":[],"picked":"Skim","floor":11},{"not_picked":[],"picked":"Steam","floor":12},{"not_picked":[],"picked":"Hologram","floor":13},{"not_picked":[],"picked":"Reboot","floor":16},{"not_picked":[],"picked":"Hologram+1","floor":18},{"not_picked":["Heatsinks"],"picked":"SKIP","floor":22},{"not_picked":[],"picked":"Barrage","floor":23},{"not_picked":[],"picked":"Hologram","floor":25},{"not_picked":["Conserve Battery"],"picked":"SKIP","floor":27},{"not_picked":["Double Energy"],"picked":"SKIP","floor":28},{"not_picked":[],"picked":"Go for the Eyes","floor":29},{"not_picked":["Self Repair"],"picked":"SKIP","floor":30},{"not_picked":[],"picked":"Steam+1","floor":31},{"not_picked":[],"picked":"Fission","floor":33},{"not_picked":[],"picked":"Compile Driver+1","floor":35},{"not_picked":[],"picked":"Cold Snap+1","floor":37},{"not_picked":["Rebound+1"],"picked":"SKIP","floor":38},{"not_picked":[],"picked":"Steam+1","floor":39},{"not_picked":["Self Repair+1"],"picked":"SKIP","floor":44},{"not_picked":["Aggregate+1"],"picked":"SKIP","floor":45},{"not_picked":["Cold Snap+1"],"picked":"SKIP","floor":48},{"not_picked":[],"picked":"Go for the Eyes+1","floor":54}],"player_experience":36789,"relics_obtained":[{"floor":6,"key":"Vajra"},{"floor":8,"key":"Unceasing Top"},{"floor":9,"key":"Bottled Lightning"},{"floor":11,"key":"Matryoshka"},{"floor":13,"key":"Shovel"},{"floor":21,"key":"Nilry\u0027s Codex"},{"floor":23,"key":"Mercury Hourglass"},{"floor":26,"key":"Meat on the Bone"},{"floor":26,"key":"InkBottle"},{"floor":29,"key":"Sundial"},{"floor":43,"key":"Happy Flower"},{"floor":44,"key":"StoneCalendar"},{"floor":54,"key":"Lantern"}],"event_choices":[{"damage_healed":0,"gold_gain":0,"player_choice":"Success","damage_taken":18,"relics_obtained":["Toy Ornithopter"],"max_hp_gain":0,"max_hp_loss":0,"event_name":"Scrap Ooze","floor":4,"gold_loss":0},{"cards_removed":["Strike_B"],"damage_healed":0,"gold_gain":0,"player_choice":"Card Removal","damage_taken":7,"max_hp_gain":0,"max_hp_loss":0,"event_name":"Golden Wing","floor":14,"gold_loss":0},{"damage_healed":0,"gold_gain":0,"player_choice":"Shed Blood","damage_taken":19,"max_hp_gain":5,"max_hp_loss":0,"event_name":"Forgotten Altar","floor":19,"gold_loss":0},{"damage_healed":0,"gold_gain":0,"player_choice":"Ignored","damage_taken":0,"max_hp_gain":0,"max_hp_loss":0,"event_name":"The Mausoleum","floor":20,"gold_loss":0},{"damage_healed":0,"gold_gain":0,"player_choice":"Obtained Book","damage_taken":16,"max_hp_gain":0,"max_hp_loss":0,"event_name":"Cursed Tome","floor":21,"gold_loss":0},{"cards_removed":["Self Repair"],"damage_healed":0,"gold_gain":0,"player_choice":"Removed Power","damage_taken":0,"max_hp_gain":0,"max_hp_loss":0,"event_name":"Falling","floor":36,"gold_loss":0},{"damage_healed":0,"gold_gain":0,"player_choice":"1 cards matched","damage_taken":0,"max_hp_gain":0,"max_hp_loss":0,"event_name":"Match and Keep!","floor":41,"gold_loss":0,"cards_obtained":["Chill"]}],"is_beta":false,"boss_relics":[{"not_picked":["Tiny House","Coffee Dripper"],"picked":"SlaversCollar"},{"not_picked":["Snecko Eye","Velvet Choker"],"picked":"Empty Cage"}],"items_purged_floors":[24,37],"is_endless":false,"potions_floor_spawned":[7,12,16,18,25,28,30,33,35,39,44,45],"killed_by":"The Heart","ascension_level":1}}