{"host":"etdvqcaukayomjhd","time":1610627286,"event":{"mods":["AchievementEnabler","Act Like it!","BaseMod","BetterRewards","Colored Powertips","Hermit","Infinite Spire","Minty Spire (QoL Compilation)","Quick Restart","Replay The Spire","Spicy Shops","StSLib","The Animator","Waifu the Spire"],"gold_per_floor":[112,112,132,132,156,191,210,210,210,226,262,281,281,307,307,414,414,434,457,73,89,102,102,152,172,172,172,199,227,227,227,227,334,334,347,369,371,422,422,422,463,463,463,499,514,514,535,312,312,342,342,342,94,132,148,148],"floor_reached":55,"language":"ENG","playtime":2548,"items_purged":[],"score":807,"play_id":"6dc054bf-5c89-43e4-982a-ce8745f5610b","local_time":"20210114132806","is_ascension_mode":true,"campfire_choices":[{"data":"1","floor":15.0,"key":"LIFT"},{"data":"2","floor":27.0,"key":"LIFT"},{"floor":32.0,"key":"REST"},{"data":"3","floor":40.0,"key":"LIFT"},{"floor":42.0,"key":"RECALL"},{"floor":46.0,"key":"REST"},{"data":"Devotion","floor":46.0,"key":"SMITH"},{"floor":49.0,"key":"REST"},{"data":"Crescendo","floor":49.0,"key":"SMITH"},{"data":"Replay:LoomingThreat","floor":52.0,"key":"SMITH"}],"circlet_count":0,"master_deck":["Strike_P","Strike_P+1","Strike_P","Strike_P+1","Defend_P+1","Defend_P+1","Defend_P+1","Defend_P+1","Eruption+1","Vigilance","animator:Defend_OnePunchMan","hermit:Snapshot","Consecrate","Crescendo+1","SignatureMove","Prostrate","Vengeance","FollowUp","FlurryOfBlows","Replay:Vibes","Devotion+1","FollowUp","Fasting2","WindmillStrike","Replay:Dark Deal","Meditate","Replay:Battleflow","MentalFortress+1","Prostrate","EmptyBody","Replay:LoomingThreat+1","EmptyBody+1","Protect+1","Madness","Madness","Ragnarok","SashWhip+1","Crescendo","Wish","Wish"],"relics":["HolyWater","Bird Faced Urn","Replay:Kaleidoscope","Replay:Wax Seal","Bottled Lightning","infinitespire:Midas Blood","infinitespire:CheckeredPen","Girya","Replay:Bottled Eggs","Red Mask","MutagenicStrength","Sozu","Pet Ghost","Simple Rune","Peace Pipe","infinitespire:Magic Flask","HandDrill","Replay:Baseball","Shuriken","infinitespire:Broken Mirror"],"acts_visited":["Exordium","TheCity","TheBeyond","TheEnding"],"potions_floor_usage":[],"damage_taken":[{"damage":0.0,"enemies":"Jaw Worm","floor":1.0,"turns":1.0},{"damage":0.0,"enemies":"2 Louse","floor":3.0,"turns":2.0},{"damage":23.0,"enemies":"Gremlin Nob","floor":6.0,"turns":4.0},{"damage":0.0,"enemies":"Cultist","floor":7.0,"turns":2.0},{"damage":6.0,"enemies":"Exordium Thugs","floor":10.0,"turns":3.0},{"damage":1.0,"enemies":"3 Sentries","floor":11.0,"turns":3.0},{"damage":4.0,"enemies":"2 Fungi Beasts","floor":12.0,"turns":2.0},{"damage":0.0,"enemies":"Gremlin Nob","floor":14.0,"turns":2.0},{"damage":31.0,"enemies":"Hexaghost","floor":16.0,"turns":4.0},{"damage":3.0,"enemies":"Spheric Guardian","floor":18.0,"turns":3.0},{"damage":10.0,"enemies":"Chosen","floor":19.0,"turns":3.0},{"damage":11.0,"enemies":"Shelled Parasite and Fungi","floor":21.0,"turns":3.0},{"damage":2.0,"enemies":"Chosen and Byrds","floor":22.0,"turns":4.0},{"damage":23.0,"enemies":"3 Cultists","floor":25.0,"turns":4.0},{"damage":23.0,"enemies":"Snake Plant","floor":28.0,"turns":4.0},{"damage":0.0,"enemies":"Masked Bandits","floor":29.0,"turns":2.0},{"damage":18.0,"enemies":"Collector","floor":33.0,"turns":6.0},{"damage":14.0,"enemies":"Orb Walker","floor":35.0,"turns":4.0},{"damage":4.0,"enemies":"3 Shapes","floor":36.0,"turns":3.0},{"damage":17.0,"enemies":"Reptomancer","floor":41.0,"turns":5.0},{"damage":11.0,"enemies":"Giant Head","floor":44.0,"turns":7.0},{"damage":0.0,"enemies":"Jaw Worm Horde","floor":45.0,"turns":2.0},{"damage":12.0,"enemies":"Spire Growth","floor":47.0,"turns":2.0},{"damage":72.0,"enemies":"infinitespire:MassOfShapes","floor":50.0,"turns":10.0},{"damage":25.0,"enemies":"Shield and Spear","floor":54.0,"turns":4.0},{"damage":63,"enemies":"The Heart","floor":55,"turns":3}],"seed_played":"1541973556577998538","potions_obtained":[{"floor":1.0,"key":"LiquidMemories"},{"floor":7.0,"key":"Cursed Concoction"},{"floor":12.0,"key":"Weak Potion"},{"floor":19.0,"key":"Fruit Juice"},{"floor":21.0,"key":"Strength Potion"}],"is_trial":false,"path_per_floor":["M","?","M","?","T","E","M","$","T","M","E","M","T","E","R","B",null,"M","M","$","M","M","?","?","M","T","R","M","?","?","?","R","B",null,"M","M","?","T","?","R","E","R","T","E","M","R","M","$","R","B",null,"R","$","E","B"],"character_chosen":"WATCHER","items_purchased":["WindmillStrike","Replay:Dark Deal","HandDrill","Replay:Baseball","Shuriken"],"campfire_rested":3,"item_purchase_floors":[20,20,48,48,53],"current_hp_per_floor":[72,69,69,69,69,46,46,46,46,40,39,35,35,35,35,4,72,69,64,64,55,57,57,57,38,38,38,19,21,21,21,44,30,77,63,61,51,51,51,51,38,38,38,43,43,66,54,54,77,11,77,77,77,52,0,0],"gold":148,"neow_bonus":"ONE_RARE_RELIC","is_daily":false,"chose_seed":false,"campfire_upgraded":3,"win_rate":0.0,"timestamp":1610627286,"path_taken":["M","?","M","?","?","E","M","$","T","?","E","M","?","E","R","BOSS","M","M","$","M","M","?","?","M","T","R","?","?","?","?","R","BOSS","M","M","?","?","?","R","E","R","T","E","M","R","M","$","R","BOSS","R","$","E","BOSS"],"items_purchased_type":["Card","Card","Relic","Relic","Relic"],"build_version":"2020-12-22","purchased_purges":0,"victory":false,"max_hp_per_floor":[72,72,72,72,72,72,72,72,72,72,72,72,72,72,72,72,72,72,77,77,77,77,77,77,77,77,77,77,77,77,77,77,77,77,77,77,77,77,77,77,77,77,77,77,77,77,77,77,77,77,77,77,77,77,77,77],"card_choices":[{"not_picked":["Meditate","Perseverance"],"picked":"Consecrate","floor":1.0},{"not_picked":["Sanctity","Nirvana"],"picked":"Crescendo","floor":3.0},{"not_picked":["CutThroughFate","Evaluate"],"picked":"SignatureMove","floor":6.0},{"not_picked":["FlyingSleeves","BowlingBash"],"picked":"Prostrate","floor":7.0},{"not_picked":["CutThroughFate","Prostrate"],"picked":"Vengeance","floor":10.0},{"not_picked":["JustLucky","ForeignInfluence"],"picked":"FollowUp","floor":11.0},{"not_picked":["ThirdEye","Replay:ManipulateFuture"],"picked":"FlurryOfBlows","floor":12.0},{"not_picked":["Replay:Cycle","Protect"],"picked":"Replay:Vibes","floor":14.0},{"not_picked":["ConjureBlade","Replay:AllIn"],"picked":"Devotion","floor":16.0},{"not_picked":["CrushJoints","Prostrate"],"picked":"FollowUp","floor":18.0},{"not_picked":["BowlingBash","ReachHeaven"],"picked":"Fasting2","floor":19.0},{"not_picked":["Consecrate","WreathOfFlame+1"],"picked":"Meditate","floor":21.0},{"not_picked":["ThirdEye","Fasting2+1"],"picked":"Replay:Battleflow","floor":22.0},{"not_picked":["Judgement","CrushJoints"],"picked":"MentalFortress+1","floor":25.0},{"not_picked":["Conclude","Sanctity"],"picked":"Prostrate","floor":28.0},{"not_picked":["Evaluate","Perseverance"],"picked":"EmptyBody","floor":29.0},{"not_picked":["MasterReality","Judgement"],"picked":"Replay:LoomingThreat","floor":33.0},{"not_picked":["WindmillStrike","ThirdEye"],"picked":"EmptyBody+1","floor":35.0},{"not_picked":["JustLucky","WreathOfFlame"],"picked":"Protect+1","floor":36.0},{"not_picked":["Halt+1","Replay:Hum+1"],"picked":"Ragnarok","floor":41.0},{"not_picked":["InnerPeace","Evaluate+1"],"picked":"SashWhip+1","floor":44.0},{"not_picked":["Wireheading","Weave"],"picked":"Crescendo","floor":45.0},{"not_picked":["EmptyFist+1","ThirdEye+1"],"picked":"Wish","floor":47.0},{"not_picked":["TalkToTheHand","FlyingSleeves+1"],"picked":"Wish","floor":54.0}],"player_experience":353779,"relics_obtained":[{"floor":5.0,"key":"Replay:Wax Seal"},{"floor":6.0,"key":"Bottled Lightning"},{"floor":9.0,"key":"infinitespire:Midas Blood"},{"floor":11.0,"key":"infinitespire:CheckeredPen"},{"floor":13.0,"key":"Girya"},{"floor":14.0,"key":"Replay:Bottled Eggs"},{"floor":29.0,"key":"Red Mask"},{"floor":38.0,"key":"Pet Ghost"},{"floor":41.0,"key":"Simple Rune"},{"floor":43.0,"key":"Peace Pipe"},{"floor":44.0,"key":"infinitespire:Magic Flask"},{"floor":54.0,"key":"infinitespire:Broken Mirror"}],"event_choices":[{"damage_healed":0.0,"max_hp_gain":0.0,"max_hp_loss":0.0,"gold_gain":0.0,"event_name":"Scrap Ooze","player_choice":"Success","floor":2.0,"gold_loss":0.0,"damage_taken":3.0,"relics_obtained":["Replay:Kaleidoscope"]},{"damage_healed":0.0,"max_hp_gain":0.0,"max_hp_loss":0.0,"gold_gain":0.0,"event_name":"Living Wall","player_choice":"Grow","floor":4.0,"gold_loss":0.0,"damage_taken":0.0,"cards_upgraded":["Eruption"]},{"damage_healed":0.0,"max_hp_gain":0.0,"max_hp_loss":0.0,"gold_gain":0.0,"event_name":"Beggar","player_choice":"Ignored","floor":23.0,"gold_loss":0.0,"damage_taken":0.0},{"damage_healed":0.0,"max_hp_gain":0.0,"max_hp_loss":0.0,"gold_gain":100.0,"event_name":"The Joust","player_choice":"Bet on Murderer","floor":24.0,"gold_loss":50.0,"damage_taken":0.0},{"damage_healed":0.0,"max_hp_gain":0.0,"max_hp_loss":0.0,"gold_gain":0.0,"event_name":"Masked Bandits","player_choice":"Fought Bandits","floor":29.0,"gold_loss":0.0,"damage_taken":0.0},{"damage_healed":0.0,"max_hp_gain":0.0,"max_hp_loss":0.0,"gold_gain":0.0,"event_name":"Drug Dealer","player_choice":"Inject Mutagens","floor":30.0,"gold_loss":0.0,"damage_taken":0.0,"relics_obtained":["MutagenicStrength"]},{"damage_healed":0.0,"max_hp_gain":0.0,"max_hp_loss":0.0,"gold_gain":0.0,"event_name":"Vampires","player_choice":"Ignored","floor":31.0,"gold_loss":0.0,"damage_taken":0.0},{"damage_healed":0.0,"max_hp_gain":0.0,"max_hp_loss":0.0,"gold_gain":0.0,"event_name":"Winding Halls","player_choice":"Embrace Madness","floor":37.0,"gold_loss":0.0,"damage_taken":10.0,"cards_obtained":["Madness","Madness"]}],"is_beta":false,"boss_relics":[{"not_picked":["Runic Dome","ChewingGum"],"picked":"HolyWater"},{"not_picked":["Snecko Eye","Empty Cage"],"picked":"Sozu"}],"items_purged_floors":[],"is_endless":false,"potions_floor_spawned":[1,7,12,16,19,21,25,35,41],"killed_by":"The Heart","ascension_level":1}}