{"host":"4rvakrj1idbgia3f","time":1610594042,"event":{"mods":["BaseMod","Colored Map","Colored Powertips","DeckTracker","Highlight Path","Minty Spire (QoL Compilation)","Random Character Button","StSLib"],"gold_per_floor":[119,129,149,149,224,224,248,280,306,306,323,323,336,261,261,339,339,349,274,274,59,73,73,104,104,131,150,150,177,197,210,210,282,282,300,141,166,166,8,8,340,351,351,367,367,394,394,411,411,411,411],"floor_reached":52,"language":"JPN","playtime":2196,"items_purged":["Strike_R","Strike_R"],"score":1846,"play_id":"98bdc29d-926e-410a-9258-8279e0aeae72","local_time":"20210114121402","is_ascension_mode":true,"campfire_choices":[{"data":"Bash","floor":6.0,"key":"SMITH"},{"data":"Wild Strike","floor":10.0,"key":"SMITH"},{"data":"Spot Weakness","floor":12.0,"key":"SMITH"},{"data":"Heavy Blade","floor":15.0,"key":"SMITH"},{"data":"Immolate","floor":23.0,"key":"SMITH"},{"data":"Spot Weakness","floor":25.0,"key":"SMITH"},{"floor":28.0,"key":"REST"},{"data":"True Grit","floor":32.0,"key":"SMITH"},{"data":"Limit Break","floor":40.0,"key":"SMITH"},{"floor":45,"key":"REST"},{"data":"Sword Boomerang","floor":47,"key":"SMITH"},{"data":"Fiend Fire","floor":49,"key":"SMITH"}],"circlet_count":0,"master_deck":["AscendersBane","Strike_R","Strike_R+1","Defend_R","Defend_R","Defend_R","Defend_R","Bash+1","Cleave+1","Spot Weakness+1","Reckless Charge","Wild Strike+1","Spot Weakness+1","Heavy Blade+1","Immolate+1","Evolve","Twin Strike","Fire Breathing","Dual Wield+1","Shockwave","True Grit+1","Offering","Whirlwind","Sword Boomerang+1","Shrug It Off","Sword Boomerang+1","Limit Break+1","Fiend Fire+1","Burning Pact","Flame Barrier+1","Dual Wield+1","Twin Strike"],"relics":["Burning Blood","Oddly Smooth Stone","Eternal Feather","Odd Mushroom","Ancient Tea Set","Snecko Eye","Vajra","Happy Flower","Bronze Scales","Pen Nib","Whetstone","Cursed Key","Thread and Needle","Orrery","Old Coin","StrikeDummy"],"acts_visited":["Exordium","TheCity","TheBeyond"],"potions_floor_usage":[41,46,51],"damage_taken":[{"damage":0.0,"enemies":"Cultist","floor":1.0,"turns":4.0},{"damage":6.0,"enemies":"Jaw Worm","floor":2.0,"turns":4.0},{"damage":10.0,"enemies":"Small Slimes","floor":3.0,"turns":3.0},{"damage":0.0,"enemies":"The Mushroom Lair","floor":7.0,"turns":3.0},{"damage":18.0,"enemies":"3 Sentries","floor":8.0,"turns":5.0},{"damage":15.0,"enemies":"Exordium Thugs","floor":11.0,"turns":5.0},{"damage":12.0,"enemies":"Exordium Wildlife","floor":13.0,"turns":3.0},{"damage":69.0,"enemies":"Hexaghost","floor":16.0,"turns":9.0},{"damage":18.0,"enemies":"Chosen","floor":18.0,"turns":4.0},{"damage":6.0,"enemies":"3 Byrds","floor":22.0,"turns":4.0},{"damage":31.0,"enemies":"Gremlin Leader","floor":24.0,"turns":5.0},{"damage":21.0,"enemies":"Centurion and Healer","floor":27.0,"turns":5.0},{"damage":17.0,"enemies":"Slavers","floor":29.0,"turns":3.0},{"damage":0.0,"enemies":"Cultist and Chosen","floor":30.0,"turns":2.0},{"damage":4.0,"enemies":"Shelled Parasite and Fungi","floor":31.0,"turns":2.0},{"damage":32.0,"enemies":"Automaton","floor":33.0,"turns":6.0},{"damage":18.0,"enemies":"Orb Walker","floor":35.0,"turns":4.0},{"damage":2.0,"enemies":"Mind Bloom Boss Battle","floor":37.0,"turns":5.0},{"damage":36,"enemies":"Giant Head","floor":41,"turns":5},{"damage":0,"enemies":"3 Darklings","floor":42,"turns":2},{"damage":26,"enemies":"Maw","floor":44,"turns":3},{"damage":29,"enemies":"Nemesis","floor":46,"turns":3},{"damage":3,"enemies":"4 Shapes","floor":48,"turns":4},{"damage":33,"enemies":"Time Eater","floor":50,"turns":4},{"damage":43,"enemies":"Donu and Deca","floor":51,"turns":4}],"seed_played":"-104483335354316642","potions_obtained":[{"floor":3.0,"key":"BlessingOfTheForge"},{"floor":7.0,"key":"PowerPotion"},{"floor":18.0,"key":"DuplicationPotion"},{"floor":29.0,"key":"SneckoOil"},{"floor":31.0,"key":"SkillPotion"},{"floor":37.0,"key":"GamblersBrew"},{"floor":41,"key":"SkillPotion"},{"floor":48,"key":"ColorlessPotion"}],"is_trial":false,"path_per_floor":["M","M","M","T","?","R","?","E","T","R","M","R","M","$","R","B",null,"M","?","?","$","M","R","E","R","T","M","R","E","M","M","R","B",null,"M","$","?","?","$","R","E","M","T","M","R","E","R","M","R","B","B",null],"character_chosen":"IRONCLAD","items_purchased":["Twin Strike","Happy Flower","Sword Boomerang","Orrery"],"campfire_rested":2,"item_purchase_floors":[21,21,36,39],"current_hp_per_floor":[74,74,70,70,59,65,71,59,59,68,59,68,62,62,71,8,58,46,46,46,46,46,55,30,39,39,24,55,44,50,52,64,38,66,54,54,58,58,58,73,43,49,49,29,69,46,64,67,75,48,11],"gold":411,"neow_bonus":"RANDOM_COMMON_RELIC","is_daily":false,"chose_seed":false,"campfire_upgraded":10,"win_rate":0.0,"timestamp":1610594042,"path_taken":["M","M","M","?","?","R","?","E","T","R","M","R","?","$","R","BOSS","M","?","?","$","?","R","E","R","T","?","R","E","M","M","R","BOSS","M","$","?","?","?","R","E","?","T","M","R","E","R","M","R","BOSS","BOSS"],"items_purchased_type":["Card","Relic","Card","Relic"],"build_version":"2020-12-22","purchased_purges":2,"victory":true,"max_hp_per_floor":[75,75,75,75,75,75,75,75,75,75,75,75,75,75,75,75,75,75,75,75,75,75,75,75,75,75,75,75,75,75,75,75,75,75,75,75,75,75,75,75,75,75,75,75,75,75,75,75,75,75,75],"card_choices":[{"not_picked":["Infernal Blade","Clothesline"],"picked":"Cleave","floor":1.0},{"not_picked":["Flex","Sword Boomerang"],"picked":"Spot Weakness","floor":2.0},{"not_picked":["Intimidate","Dark Embrace"],"picked":"Reckless Charge","floor":3.0},{"not_picked":["Iron Wave","Warcry"],"picked":"Wild Strike","floor":7.0},{"not_picked":["Thunderclap","Clash","Metallicize"],"picked":"SKIP","floor":8.0},{"not_picked":["Heavy Blade","Iron Wave"],"picked":"Spot Weakness","floor":11.0},{"not_picked":["Havoc","Carnage"],"picked":"Heavy Blade","floor":13.0},{"not_picked":["Fiend Fire","Double Tap"],"picked":"Immolate","floor":16.0},{"not_picked":["Clothesline","Reckless Charge"],"picked":"Evolve","floor":18.0},{"not_picked":["Combust","Heavy Blade"],"picked":"Fire Breathing","floor":22.0},{"not_picked":["Iron Wave","Pommel Strike","Intimidate"],"picked":"SKIP","floor":24.0},{"not_picked":["Warcry","Searing Blow","Sever Soul"],"picked":"SKIP","floor":27.0},{"not_picked":["Inflame","Iron Wave+1"],"picked":"Dual Wield+1","floor":29.0},{"not_picked":["Iron Wave","Blood for Blood"],"picked":"Shockwave","floor":30.0},{"not_picked":["Iron Wave","Armaments"],"picked":"True Grit","floor":31.0},{"not_picked":["Bludgeon","Demon Form"],"picked":"Offering","floor":33.0},{"not_picked":["Combust","Intimidate"],"picked":"Whirlwind","floor":35.0},{"not_picked":["Infernal Blade","Perfected Strike"],"picked":"Shrug It Off","floor":37.0},{"not_picked":["Metallicize","Armaments"],"picked":"Sword Boomerang+1","floor":39.0},{"not_picked":["Entrench","Wild Strike"],"picked":"Limit Break","floor":39.0},{"not_picked":["Rupture","Hemokinesis"],"picked":"Fiend Fire","floor":39.0},{"not_picked":["Anger","Headbutt"],"picked":"Burning Pact","floor":39.0},{"not_picked":["Flex","Headbutt"],"picked":"Flame Barrier+1","floor":41},{"not_picked":["Warcry","Perfected Strike","Combust"],"picked":"SKIP","floor":42},{"not_picked":["Armaments","Warcry"],"picked":"Dual Wield+1","floor":44},{"not_picked":["Clash","Infernal Blade+1","Sword Boomerang"],"picked":"SKIP","floor":46},{"not_picked":["Feed","Perfected Strike+1"],"picked":"Twin Strike","floor":48}],"player_experience":2021766,"relics_obtained":[{"floor":4.0,"key":"Eternal Feather"},{"floor":7.0,"key":"Odd Mushroom"},{"floor":8.0,"key":"Ancient Tea Set"},{"floor":24.0,"key":"Bronze Scales"},{"floor":26.0,"key":"Pen Nib"},{"floor":29.0,"key":"Whetstone"},{"floor":37.0,"key":"Thread and Needle"},{"floor":41,"key":"Old Coin"},{"floor":46,"key":"StrikeDummy"}],"event_choices":[{"damage_healed":0.0,"max_hp_gain":0.0,"max_hp_loss":0.0,"gold_gain":75.0,"event_name":"World of Goop","player_choice":"Gather Gold","floor":5.0,"gold_loss":0.0,"damage_taken":11.0},{"damage_healed":0.0,"max_hp_gain":0.0,"max_hp_loss":0.0,"gold_gain":0.0,"event_name":"Mushrooms","player_choice":"Fought Mushrooms","floor":7.0,"gold_loss":0.0,"damage_taken":0.0},{"cards_removed":["Strike_R"],"damage_healed":0.0,"max_hp_gain":0.0,"max_hp_loss":0.0,"gold_gain":0.0,"event_name":"Beggar","player_choice":"Gave Gold","floor":19.0,"gold_loss":75.0,"damage_taken":0.0},{"damage_healed":0.0,"max_hp_gain":0.0,"max_hp_loss":0.0,"gold_gain":0.0,"event_name":"WeMeetAgain","player_choice":"Gave Potion","floor":20.0,"gold_loss":0.0,"damage_taken":0.0,"relics_obtained":["Vajra"]},{"damage_healed":0.0,"max_hp_gain":0.0,"max_hp_loss":0.0,"gold_gain":0.0,"event_name":"MindBloom","player_choice":"Fight","floor":37.0,"gold_loss":0.0,"damage_taken":0.0},{"damage_healed":0.0,"max_hp_gain":0.0,"max_hp_loss":0.0,"gold_gain":0.0,"event_name":"SensoryStone","player_choice":"Memory 1","floor":38.0,"gold_loss":0.0,"damage_taken":0.0}],"is_beta":false,"boss_relics":[{"not_picked":["Pandora\u0027s Box","Busted Crown"],"picked":"Snecko Eye"},{"not_picked":["Black Star","Tiny House"],"picked":"Cursed Key"}],"items_purged_floors":[14,36],"is_endless":false,"potions_floor_spawned":[3,7,18,29,31,37,41,48],"ascension_level":20}}