{"host":"gk9qdtkqd8dwfeg2","time":1610621167,"event":{"mods":["Aspiration","BaseMod","Colored Powertips","KomeijiMod","Minty Spire (QoL Compilation)","Quick Restart","Replay The Spire","Shop Mod","StSLib","TestMod","The Gatherer","The Servant 0.9.4","Waifu the Spire","WarShipGirlsR/战舰少女R mod","Yuri Mod","vexMod"],"gold_per_floor":[117,129,52,2,2,2,13,48,122,135,153,172,203,203,203,277,277,296,35,35,35,134,167,167,197,222,239,239,259,279,294,294,371,371,387,387,387,398,398,630,630,655,655,655,672,683,683,703,703,703,703,703,198,231,231,231],"floor_reached":55,"language":"ZHS","playtime":2132,"items_purged":["Strike_R","Anger+1"],"score":1353,"play_id":"0482941b-2b0a-43bc-9a9c-df104bda902d","local_time":"20210114184607","is_ascension_mode":true,"campfire_choices":[{"data":"Armaments","floor":6.0,"key":"SMITH"},{"data":"Abandon","floor":15.0,"key":"SMITH"},{"floor":24.0,"key":"REST"},{"data":"Evolve","floor":28.0,"key":"SMITH"},{"data":"ReplayTheSpireMod:LeadingStrike","floor":32.0,"key":"SMITH"},{"floor":41,"key":"REST"},{"data":"Rupture","floor":44,"key":"SMITH"},{"floor":49,"key":"RECALL"},{"data":"Barricade","floor":52,"key":"SMITH"}],"circlet_count":0,"master_deck":["Strike_R","Strike_R","Strike_R","Defend_R","Defend_R","Defend_R+1","ReplayTheSpireMod:Muscle Training+1","Armaments+1","Power Through","Abandon+1","Reaper","Barricade+1","Burning Pact","Evolve+1","ReplayTheSpireMod:LeadingStrike+1","Dark Embrace+1","Double Tap","Juggernaut","Brutality+1","Flash of Steel+1","Finesse+1","Rupture+1","Hemokinesis","Violence","Pot Of Greed","Pot Of Greed","Pot Of Greed","Havoc+1"],"relics":["Burning Blood","testmod-TestBox","testmod-AssaultLearning","NeowsBlessing","vexMod:RedPlottingStone","Iron Hammer","testmod-HeartOfStrike","testmod-StringDisintegrator","Membership Card","MerchantsRug","aspiration:RitualStick","vexMod:MemoryStick","Matryoshka","Letter Opener","PreservedInsect","Black Star","testmod-TurbochargingSystem","Pet Ghost","testmod-OneHitWonder","War Paint","Paper Frog","Nunchaku","Cracked Core","vexMod:PlasmaPancake","vexMod:PaidLearning","Grinning Jar","Happy Flower","vexMod:ScavengeHelm"],"acts_visited":["Exordium","TheCity","TheBeyond","TheEnding"],"potions_floor_usage":[50,54,55],"damage_taken":[{"damage":0.0,"enemies":"Jaw Worm","floor":1.0,"turns":1.0},{"damage":0.0,"enemies":"2 Louse","floor":2.0,"turns":1.0},{"damage":0.0,"enemies":"Cultist","floor":7.0,"turns":1.0},{"damage":30.0,"enemies":"Gremlin Nob","floor":8.0,"turns":5.0},{"damage":1.0,"enemies":"2 Fungi Beasts","floor":10.0,"turns":4.0},{"damage":1.0,"enemies":"Blue Slaver","floor":11.0,"turns":5.0},{"damage":6.0,"enemies":"Large Slime","floor":12.0,"turns":5.0},{"damage":22.0,"enemies":"3 Sentries","floor":13.0,"turns":11.0},{"damage":48.0,"enemies":"Fading Forest","floor":16.0,"turns":11.0},{"damage":21.0,"enemies":"2 Thieves","floor":18.0,"turns":3.0},{"damage":15.0,"enemies":"Gremlin Leader","floor":23.0,"turns":9.0},{"damage":24.0,"enemies":"Replay:Snechameleon","floor":25.0,"turns":8.0},{"damage":16.0,"enemies":"Spheric Guardian","floor":27.0,"turns":6.0},{"damage":15.0,"enemies":"Centurion and Healer","floor":29.0,"turns":7.0},{"damage":27.0,"enemies":"Cultist and Chosen","floor":30.0,"turns":5.0},{"damage":1.0,"enemies":"Chosen and Byrds","floor":31.0,"turns":4.0},{"damage":54.0,"enemies":"Collector","floor":33.0,"turns":7.0},{"damage":28,"enemies":"3 Darklings","floor":35,"turns":6},{"damage":17,"enemies":"Orb Walker","floor":38,"turns":3},{"damage":40,"enemies":"R_Hoarder","floor":40,"turns":6},{"damage":30,"enemies":"Giant Head","floor":42,"turns":6},{"damage":23,"enemies":"3 Darklings","floor":45,"turns":4},{"damage":9,"enemies":"Maw","floor":46,"turns":6},{"damage":12,"enemies":"Sphere and 2 Shapes","floor":48,"turns":4},{"damage":83,"enemies":"Time Eater","floor":50,"turns":7},{"damage":98,"enemies":"Shield and Spear","floor":54,"turns":5},{"damage":53,"enemies":"The Heart","floor":55,"turns":2}],"seed_played":"-8526561578985027042","potions_obtained":[{"floor":1.0,"key":"Weak Potion"},{"floor":10.0,"key":"Dexterity Potion"},{"floor":13.0,"key":"GamblersBrew"},{"floor":23.0,"key":"AttackPotion"},{"floor":30.0,"key":"Toxic Potion"},{"floor":33.0,"key":"Reflective Coating"}],"is_trial":false,"path_per_floor":["M","M","$","?","?","R","M","E","T","M","M","M","E","?","R","B",null,"M","$","?","?","?","E","R","E","T","M","R","M","M","M","R","B",null,"M","?","?","M","?","E","R","E","T","R","M","M","?","M","R","B",null,"R","$","E","B"],"character_chosen":"IRONCLAD","items_purchased":["Power Through","Membership Card","MerchantsRug","vexMod:PlasmaPancake","vexMod:PaidLearning","Hemokinesis","Violence","Grinning Jar","AttackPotion","BloodPotion"],"campfire_rested":2,"item_purchase_floors":[3,19,19,53,53,53,53,53,53,53],"current_hp_per_floor":[74,75,75,75,75,75,75,51,51,56,61,61,45,45,45,21,62,57,57,42,42,42,48,70,57,57,47,47,49,40,52,52,18,61,57,57,57,46,46,32,57,40,40,40,85,85,85,79,79,32,72,72,78,20,0,0],"gold":231,"neow_bonus":"THREE_ENEMY_KILL","is_daily":false,"chose_seed":false,"campfire_upgraded":6,"win_rate":0.0,"timestamp":1610621167,"path_taken":["M","M","$","?","?","R","?","E","T","M","M","M","E","?","R","BOSS","M","?","?","?","?","E","R","E","T","M","R","?","M","M","R","BOSS","M","?","?","M","?","E","R","E","T","R","?","M","?","M","R","BOSS","R","$","E","BOSS"],"items_purchased_type":["Card","Relic","Relic","Relic","Relic","Card","Card","Relic","Potion","Potion"],"build_version":"2020-12-22","purchased_purges":2,"victory":false,"max_hp_per_floor":[75,75,75,75,75,75,75,75,75,75,75,75,75,75,75,75,75,75,75,75,75,75,75,75,75,75,75,75,75,75,75,75,75,75,75,75,75,75,75,85,85,85,85,85,85,85,85,85,85,85,85,85,91,91,91,91],"card_choices":[{"not_picked":["Replay:Undeath\u0027s Touch","Warcry"],"picked":"ReplayTheSpireMod:Muscle Training","floor":1.0},{"not_picked":["Burning Pact","Anger"],"picked":"Armaments","floor":2.0},{"not_picked":["Headbutt","Warcry","Perfected Strike"],"picked":"SKIP","floor":7.0},{"not_picked":["Anger","Iron Wave","ReplayTheSpireMod:Strike From Hell"],"picked":"SKIP","floor":8.0},{"not_picked":["Pommel Strike","Armaments","Iron Wave"],"picked":"SKIP","floor":10.0},{"not_picked":["Pommel Strike","Perfected Strike","Cleave"],"picked":"SKIP","floor":11.0},{"not_picked":["Iron Wave","Run Through","ReplayTheSpireMod:Strike From Hell"],"picked":"SKIP","floor":12.0},{"not_picked":["Massacre","Headbutt"],"picked":"Abandon","floor":13.0},{"not_picked":["Replay:Many Hands","Brutality"],"picked":"Barricade","floor":16.0},{"not_picked":["Spot Weakness","Sword Boomerang","Massacre"],"picked":"SKIP","floor":18.0},{"not_picked":["Havoc+1","Heavy Blade","Sword Boomerang"],"picked":"SKIP","floor":23.0},{"not_picked":["Replay:Undeath\u0027s Touch","Exhume"],"picked":"Burning Pact","floor":25.0},{"not_picked":["Armaments","ReplayTheSpireMod:Corrosion Curse"],"picked":"Evolve","floor":27.0},{"not_picked":["Wild Strike","Twin Strike"],"picked":"ReplayTheSpireMod:LeadingStrike","floor":29.0},{"not_picked":["Combust","Wild Strike"],"picked":"Dark Embrace+1","floor":30.0},{"not_picked":["Pummel","Dropkick+1","Warcry"],"picked":"SKIP","floor":31.0},{"not_picked":["Feed","Limit Break"],"picked":"Double Tap","floor":33.0},{"not_picked":["Clothesline","Thunderclap+1","Abandon"],"picked":"SKIP","floor":35},{"not_picked":[],"picked":"Juggernaut","floor":37},{"not_picked":["Sword Boomerang","Heavy Blade","Burning Pact"],"picked":"SKIP","floor":38},{"not_picked":["Flex+1","Pummel","Havoc"],"picked":"SKIP","floor":40},{"not_picked":["Pummel","Carnage"],"picked":"Rupture","floor":42},{"not_picked":["Flex","Thunderclap","Cleave"],"picked":"SKIP","floor":45},{"not_picked":["Dark Embrace","Flex","Headbutt"],"picked":"SKIP","floor":46},{"not_picked":["Flame Barrier+1","Metallicize+1","Cleave"],"picked":"SKIP","floor":48},{"not_picked":["ReplayTheSpireMod:Muscle Training","Feed"],"picked":"Havoc+1","floor":54}],"player_experience":628962,"relics_obtained":[{"floor":8.0,"key":"vexMod:RedPlottingStone"},{"floor":9.0,"key":"Iron Hammer"},{"floor":13.0,"key":"testmod-HeartOfStrike"},{"floor":23.0,"key":"vexMod:MemoryStick"},{"floor":25.0,"key":"Matryoshka"},{"floor":26.0,"key":"Letter Opener"},{"floor":26.0,"key":"PreservedInsect"},{"floor":40,"key":"Pet Ghost"},{"floor":40,"key":"testmod-OneHitWonder"},{"floor":42,"key":"War Paint"},{"floor":42,"key":"Paper Frog"},{"floor":43,"key":"Nunchaku"},{"floor":54,"key":"Happy Flower"},{"floor":54,"key":"vexMod:ScavengeHelm"}],"event_choices":[{"cards_removed":["Strike_R"],"damage_healed":0.0,"max_hp_gain":0.0,"max_hp_loss":0.0,"gold_gain":0.0,"event_name":"The Cleric","player_choice":"Card Removal","floor":4.0,"gold_loss":50.0,"damage_taken":0.0},{"damage_healed":0.0,"max_hp_gain":0.0,"max_hp_loss":0.0,"gold_gain":0.0,"event_name":"Match and Keep!","player_choice":"1 cards matched","floor":14.0,"gold_loss":0.0,"damage_taken":0.0,"cards_obtained":["Reaper"]},{"damage_healed":0.0,"max_hp_gain":0.0,"max_hp_loss":0.0,"gold_gain":99.0,"event_name":"Nest","player_choice":"Stole From Cult","floor":22.0,"gold_loss":0.0,"damage_taken":0.0},{"damage_healed":0,"gold_gain":0,"cards_transformed":["Defend_R"],"player_choice":"Transformed","damage_taken":0,"max_hp_gain":0,"max_hp_loss":0,"event_name":"Transmorgrifier","floor":39,"gold_loss":0,"cards_obtained":["Brutality"]},{"damage_healed":0,"gold_gain":0,"player_choice":"Swap Relic","damage_taken":0,"relics_obtained":["aspiration:Nostalgia"],"max_hp_gain":0,"max_hp_loss":0,"event_name":"给自己的盒子","floor":47,"relics_lost":["aspiration:Nostalgia"],"gold_loss":0}],"is_beta":false,"boss_relics":[{"not_picked":["Honey Jar","Ring of Chaos"],"picked":"testmod-StringDisintegrator"},{"not_picked":["testmod-SaigiyounoYou","Kintsugi"],"picked":"Black Star"}],"items_purged_floors":[19,53],"is_endless":false,"potions_floor_spawned":[1,10,11,13,23,25,30,33,38],"killed_by":"The Heart","ascension_level":14}}