{"host":"ymw71f7rc9ndansy","time":1610624951,"event":{"mods":["ATMod(阿瑾Mod)","Act Like it!","Aspiration","BaseMod","DeckTracker","Hubris","Library of Ruina","Library of Ruina Extra","Lobotomy","LobotomyExtend","Minty Spire (QoL Compilation)","MostiFishMod","Remove Card Discount Mod","Replay The Spire","StSLib","TestMod","【功能Mod】精心准备","【遗物卡牌】REMEMod"],"gold_per_floor":[618,137,107,626,1157,1169,1710,2244,2279,2819,2831,1309,1880,2425,2425,3059,3059,3585,3009,3529,4053,2949,3498,3498,4042,4042,4584,5101,5101,5673,6291,6291,6408,6408,7558,6440,6995,7541,8089,8089,8089,8089,8166,8789,8789,9386,106,658,658,1158,1158],"floor_reached":50,"language":"ZHS","playtime":1444,"items_purged":["Strike_B","Strike_B","Defend_B","Bash","Strike_B","Strike_B","Defend_B","Defend_B","MostiFishMod:TalkingToTheRain","Defend_B+1","AT_ThunderBolt+1","Strike_B+1","Cold Snap","Dualcast","Ball Lightning+1","Zap+1","Purity","Conserve Battery","REME_Shoggoth","Go for the Eyes","testmod-ShutDown","Loop","Loop","Ball Lightning","ReplayGash+1","Replay:Bootleg Shield Generator+1","Ball Lightning","Steam Power+1","Coolheaded+1","hubris:PowerSurge","Heatsinks","Capacitor","Cold Snap"],"score":1731,"play_id":"ae9d1d98-987c-45d9-9b9d-9448b7dcb0bf","local_time":"20210114194911","is_ascension_mode":true,"campfire_choices":[{"data":"AT_ThunderBolt","floor":6.0,"key":"SMITH"},{"data":"Coolheaded","floor":11.0,"key":"SMITH"},{"data":"MostiFishMod:ReadyAimFire","floor":15.0,"key":"SMITH"},{"data":"Heatsinks","floor":29.0,"key":"SMITH"},{"data":"AT_EMC2","floor":32.0,"key":"SMITH"},{"data":"Creative AI","floor":40,"key":"SMITH"},{"floor":42,"key":"RECALL"},{"floor":49,"key":"DIG"}],"circlet_count":0,"master_deck":["AscendersBane","Coolheaded+1","Heatsinks+1","MostiFishMod:ReadyAimFire+1","Seek+1","Panic Button+1","Seek+1","Creative AI+1","hubris:DuctTapeCard"],"relics":["testmod-TestBox","DaveBox","REME_ComplimentaryCards","AT_ATBox","testmod-RealStoneCalender","Civilization","ReplayTheSpireMod:Ring of Challenge","aspiration:AnachronicSnailShell","Blue Doll","DianDianMeat","testmod-OneHitWonder","Replay:Antivirus Software","ReplayTheSpireMod:TigerMarble","SynthV:TestCard","PageOfBloodbath","PageOfMercenary","Omamori","Centennial Puzzle","Pondfish Scales","MawBank","AT_ChloranthyRing","Mirror","Letter Opener","Boot","testmod-TurbochargingSystem","REME_PuzzleBoxRelic","PageOfTodaysShyLook","Happy Flower","hubris:TinFlute","Ginger","PageOfPorccubus","CeramicFish","Oddly Smooth Stone","PageOfQueenBee","aspiration:SeaSaltIceCream","DaveBox","HereWithMe","Incense Burner","testmod-LifeArmor","Replay:Bandana","AT_SunfireAegis","ReplayTheSpireMod:Lightbulb","testmod-DragonStarHat","PageOfTheSilentOrchestra","REME_ArchaeologicalTools","Chameleon Ring","MetatronsCube","hubris:OldNail","PageOfSingingMachine","AT_RedTearstoneRing","Blood Vial","Whetstone","SynthV:C4","DataDisk","aspiration:Lifesprig","Replay:Rubber Ducky","Dream Catcher","AT_BellDemon","Tiny Chest","War Paint","testmod-Fanaticism","Mango","Regal Pillow","ReplayFunnel","Replay:Baseball","Ying","Replay:Wax Seal","hubris:MysteriousPyramids","hubris:TenFootPole","Orichalcum","Akabeko","PageOfLittleHelper","PageOfPinocchio","hubris:Potato","Lantern","Toy Ornithopter","Question Card","testmod-Antiphasic","White Beast Statue","AT_EbonyIvory","MostiFishMod:AdaptiveDefenses","Toxic Egg 2","Shuriken","aspiration:ChemicalBlood","testmod-AssaultLearning","Bag of Preparation","Art of War","Bottled Lightning","AT_BladeRuinedKing","AT_ArchangelStaff","Replay:Mystery Machine","Smiling Mask","AT_SpeedBoots","PageOfScorchedGirl","PageOfTheQueenOfHatred","PageOfTheKnightOfDespair","aspiration:EnhancedActuators","Bronze Scales","testmod-Alchemist","AT_DeathDance","testmod-IndustrialRevolution","Thread and Needle","PageOfGreed","Replay:Accelerometer","hubris:BallOfYels","AT_MibuBalloonWealth","Anchor","Vajra","Bottled Tornado","hubris:ToyBattleship","Potion Belt","Pantograph","Replay:Ringing Soul","Ancient Tea Set","hubris:RGBLights","Nunchaku","Pen Nib","Gremlin Food","REME_HourglassOfDeath","hubris:SlimyHat","PageOfSpiderBud","PageOfWrath","AT_LudenTempest","Black Star","MealTicket","testmod-Acrobat","Juzu Bracelet","AT_BellowingDragoncrestRing","Bag of Marbles","Matryoshka","Strawberry","Kunai","Singing Bowl","hubris:DeckOfHolding","PageOfWrath","PageOfNihil","TheAbacus","SentryEyes","testmod-Hope","PageOfGreed","aspiration:HummingbirdHeart","AT_ForceNature","StrikeDummy","Molten Egg 2","Du-Vu Doll","hubris:Reverence","Darkstone Periapt","Blue Candle","Onion Ring","Sundial","testmod-RainbowHikingShoes","aspiration:StickyExplosives_weak","aspiration:FrozenJewel","ImprovedEquipment","The Courier","Replay:Bottled Snecko","Carrot","Eternal Feather","Gremlin Horn","REME_LimitBreaker","Snack Pack","Golden Egg","Replay:WaspNest","AT_SilvercatRing","hubris:PeanutButter","Pear","testmod-ArcanaOfDestiny","hubris:SphereOfDissonance","testmod-Justice","Cables","Chemical X","testmod-EqualTreatment","Mummified Hand","Quantum Egg","aspiration:FetidBarrel","Frozen Egg 2","PageOfAlriune","Iron Hammer","hubris:Metronome","hubris:CrystalStatue","Torii","PageOfScarecrow","Solar Panel","AT_ImmortalShieldbow","AT_TimeSand","Replay:Bottled Steam","ReplayTheSpireMod:Shallot","Meat on the Bone","Symbiotic Virus","Replay:Bottled Eggs","hubris:SoftwareUpdate","ReplayTheSpireMod:Ninjato","aspiration:FaultyCoupler","HornCleat","PageOfFairyFestival","InkBottle","Replay:Bottled Flurry","Garlic","Ornamental Fan","testmod-BouquetWithThorns","Mercury Hourglass","hubris:BottledRain","AT_GuinsooRageblade","hubris:DuctTape","Replay:Multitool","AT_RedNoBalance","testmod-Déjàvu","testmod-CyclicPeriapt","Unceasing Top","testmod-ThousandKnives","Peace Pipe","Emotion Chip","aspiration:MysteriousAuxiliaryCore","Pocketwatch","BionicSphere","TungstenRod","testmod-Muramasa","Calipers","AT_GoldPhoenixTree","AT_Manta"],"acts_visited":["Exordium","TheCity","TheBeyond"],"potions_floor_usage":[],"damage_taken":[{"damage":14.0,"enemies":"Small Slimes","floor":1.0,"turns":5.0},{"damage":3.0,"enemies":"Cultist","floor":4.0,"turns":3.0},{"damage":9.0,"enemies":"Jaw Worm","floor":5.0,"turns":4.0},{"damage":0.0,"enemies":"3 Sentries","floor":7.0,"turns":4.0},{"damage":0.0,"enemies":"Red Slaver","floor":8.0,"turns":1.0},{"damage":8.0,"enemies":"Lots of Slimes","floor":10.0,"turns":2.0},{"damage":1.0,"enemies":"Exordium Wildlife","floor":13.0,"turns":1.0},{"damage":0.0,"enemies":"3 Louse","floor":14.0,"turns":1.0},{"damage":0.0,"enemies":"The Guardian","floor":16.0,"turns":1.0},{"damage":0.0,"enemies":"3 Byrds","floor":18.0,"turns":1.0},{"damage":0.0,"enemies":"Shell Parasite","floor":20.0,"turns":1.0},{"damage":2.0,"enemies":"Snake Plant","floor":21.0,"turns":1.0},{"damage":0.0,"enemies":"Replay:Snechameleon","floor":23.0,"turns":1.0},{"damage":0.0,"enemies":"REME_1_Revenger","floor":25.0,"turns":1.0},{"damage":0.0,"enemies":"Replay:Snechameleon","floor":27.0,"turns":1.0},{"damage":0.0,"enemies":"Snecko","floor":28.0,"turns":1.0},{"damage":0.0,"enemies":"Centurion and Healer","floor":30.0,"turns":1.0},{"damage":0.0,"enemies":"Slavers","floor":31.0,"turns":1.0},{"damage":0.0,"enemies":"Champ","floor":33.0,"turns":1.0},{"damage":0.0,"enemies":"3 Darklings","floor":35.0,"turns":1.0},{"damage":0,"enemies":"Orb Walker","floor":37,"turns":1},{"damage":0,"enemies":"Writhing Mass","floor":38,"turns":1},{"damage":0,"enemies":"Spire Growth","floor":39,"turns":1},{"damage":0,"enemies":"4 Shapes","floor":44,"turns":1},{"damage":0,"enemies":"Jaw Worm Horde","floor":46,"turns":1},{"damage":0,"enemies":"Spire Growth","floor":48,"turns":1},{"damage":0,"enemies":"Donu and Deca","floor":50,"turns":1}],"seed_played":"4778053016965374363","potions_obtained":[{"floor":3.0,"key":"BlessingOfTheForge"},{"floor":3.0,"key":"testmod-TimePotion"},{"floor":16.0,"key":"testmod-TimePotion"},{"floor":27.0,"key":"FearPotion"},{"floor":30.0,"key":"Dexterity Potion"},{"floor":31.0,"key":"ColorlessPotion"}],"is_trial":false,"path_per_floor":["M","$","?","M","M","R","E","M","T","M","R","$","M","M","R","B",null,"M","$","M","M","$","E","?","E","T","E","M","R","M","E","R","B",null,"M","$","M","M","M","R","?","R","T","M","R","M","$","M","R","B"],"character_chosen":"DEFECT","items_purchased":["PageOfBloodbath","PageOfMercenary","Cold Snap","REME_ArchaeologicalTools","Chameleon Ring","MetatronsCube","Heatsinks","Ying","Replay:Wax Seal","hubris:MysteriousPyramids","Heatsinks","White Beast Statue","AT_EbonyIvory","MostiFishMod:AdaptiveDefenses","Coolheaded+1","Go for the Eyes","REME_Shoggoth","Conserve Battery","Loop","testmod-ShutDown","Purity","ReplayGash+1","Replay:Bootleg Shield Generator+1","Ball Lightning","Steam Power+1","Coolheaded+1","hubris:PowerSurge","TheAbacus","SentryEyes","testmod-Hope","Chemical X","testmod-EqualTreatment","Mummified Hand","Quantum Egg","aspiration:FetidBarrel","Frozen Egg 2","PageOfAlriune","Iron Hammer","hubris:Metronome","hubris:CrystalStatue","Torii","PageOfScarecrow","Solar Panel","AT_ImmortalShieldbow","AT_TimeSand","Replay:Bottled Steam","ReplayTheSpireMod:Shallot","Meat on the Bone","Symbiotic Virus","Replay:Bottled Eggs","hubris:SoftwareUpdate","ReplayTheSpireMod:Ninjato","aspiration:FaultyCoupler","HornCleat","PageOfFairyFestival","InkBottle","Replay:Bottled Flurry","Garlic","Ornamental Fan","testmod-BouquetWithThorns","Mercury Hourglass","hubris:BottledRain","AT_GuinsooRageblade","hubris:DuctTape","Replay:Multitool","AT_SilverBalance","testmod-Déjàvu","testmod-CyclicPeriapt","Unceasing Top","testmod-ThousandKnives","Peace Pipe","Emotion Chip","aspiration:MysteriousAuxiliaryCore","Pocketwatch"],"campfire_rested":0,"item_purchase_floors":[2,2,2,12,12,12,12,19,19,19,19,22,22,22,22,22,22,22,22,22,22,36,36,36,36,36,36,36,36,36,47,47,47,47,47,47,47,47,47,47,47,47,47,47,47,47,47,47,47,47,47,47,47,47,47,47,47,47,47,47,47,47,47,47,47,47,47,47,47,47,47,47,47,47],"current_hp_per_floor":[52,55,55,58,53,53,60,72,72,86,86,92,113,141,141,171,197,235,245,270,298,414,460,460,506,506,533,561,561,591,624,624,682,682,730,908,950,993,1037,1037,1037,1037,1037,1085,1085,1146,1178,643,646,671,671],"gold":1158,"neow_bonus":"ONE_RARE_RELIC","is_daily":false,"chose_seed":false,"campfire_upgraded":6,"win_rate":0.0,"timestamp":1610624951,"path_taken":["M","$","?","M","M","R","E","M","T","?","R","$","M","M","R","BOSS","M","$","M","M","$","E","?","E","T","E","M","R","M","E","R","BOSS","M","$","M","M","M","R","?","R","T","M","R","M","$","M","R","BOSS"],"items_purchased_type":["Relic","Relic","Card","Relic","Relic","Relic","Card","Relic","Relic","Relic","Card","Relic","Relic","Relic","Card","Card","Card","Card","Card","Card","Card","Card","Card","Card","Card","Card","Card","Relic","Relic","Relic","Relic","Relic","Relic","Relic","Relic","Relic","Relic","Relic","Relic","Relic","Relic","Relic","Relic","Relic","Relic","Relic","Relic","Relic","Relic","Relic","Relic","Relic","Relic","Relic","Relic","Relic","Relic","Relic","Relic","Relic","Relic","Relic","Relic","Relic","Relic","Relic","Relic","Relic","Relic","Relic","Relic","Relic","Relic","Relic"],"build_version":"2020-12-22","purchased_purges":33,"victory":false,"max_hp_per_floor":[73,76,76,82,86,86,93,105,105,123,123,129,151,177,177,205,205,241,251,274,300,416,460,460,506,506,533,561,561,591,624,624,682,682,730,908,950,993,1037,1037,1037,1037,1037,1085,1085,1146,1178,1230,1230,1230,1230],"card_choices":[{"not_picked":["Go for the Eyes","Glacier","Hologram","ReplaySolidLightProjector"],"picked":"Capacitor","floor":4.0},{"not_picked":["REME_Compress","aspiration:Polymerization","Cold Snap","Go for the Eyes"],"picked":"Ball Lightning","floor":8.0},{"not_picked":["Steam Power","Hologram","Barrage","Streamline"],"picked":"Coolheaded","floor":10.0},{"not_picked":["Reprogram","BasicCrystalCard","Beam Cell","Ball Lightning"],"picked":"MostiFishMod:ReadyAimFire","floor":13.0},{"not_picked":["Go for the Eyes","Tempest","AT_WarpDrive","Conserve Battery"],"picked":"AT_EMC2","floor":14.0},{"not_picked":["MostiFishMod:IntelligentEquipment","Echo Form","REME_Shoggoth","REME_ForAll"],"picked":"Seek","floor":16.0},{"not_picked":["Rebound","Stack","Compile Driver","Hello World","Turbo"],"picked":"SKIP","floor":20.0},{"not_picked":["Fission+1","MostiFishMod:PushDownKick","Steam+1","hubris:PowerSurge","ReplayTheSpireMod:Reroute Power+1"],"picked":"Panic Button+1","floor":23.0},{"not_picked":["AT_DarkMatter+1","MostiFishMod:ReprogramOld+1","Skim+1","Chill+1","Streamline"],"picked":"Seek+1","floor":25.0},{"not_picked":["Self Repair","Steam+1","Compile Driver+1","Hologram+1","Defragment","Leap+1"],"picked":"SKIP","floor":30.0},{"not_picked":["Sweeping Beam+1","Chill+1","AT_DarkMatter+1","ReplaySolidLightProjector+1","Sunder","Go for the Eyes"],"picked":"SKIP","floor":31.0},{"not_picked":["Echo Form","Mirror Shield+1","hubris:SpecializedCircuitry","Machine Learning","MostiFishMod:IceShield+1"],"picked":"Creative AI","floor":33.0},{"not_picked":["Cold Snap+1","Sweeping Beam+1","Ball Lightning","Scrape","Hologram+1","MostiFishMod:PushDownKick+1"],"picked":"Singing Bowl","floor":35.0},{"not_picked":["BasicCrystalCard+1","Streamline+1","Chill+1","Static Discharge","MostiFishMod:PushDownKick+1","Go for the Eyes+1"],"picked":"Singing Bowl","floor":37},{"not_picked":["Leap+1","MostiFishMod:DawningShadow","Static Discharge","Beam Cell+1","Aggregate+1","Skim+1"],"picked":"Singing Bowl","floor":38},{"not_picked":["Coolheaded+1","MostiFishMod:LinkProtocol+1","Sunder+1","Streamline+1","BasicCrystalCard+1","Beam Cell+1"],"picked":"Singing Bowl","floor":39},{"not_picked":["Streamline+1","BasicCrystalCard+1","MostiFishMod:PushDownKick+1","Barrage+1","Skim+1","Beam Cell+1"],"picked":"Singing Bowl","floor":44},{"not_picked":["Beam Cell+1","BootSequence+1","Scrape+1","Mirror Shield+1","Sunder+1","Gash+1"],"picked":"Singing Bowl","floor":46},{"not_picked":["Go for the Eyes+1","Gash+1","Streamline+1","Sweeping Beam+1","Beam Cell+1","ReplayGash+1"],"picked":"Singing Bowl","floor":48}],"player_experience":1110809,"relics_obtained":[{"floor":1.0,"key":"Blue Doll"},{"floor":1.0,"key":"DianDianMeat"},{"floor":1.0,"key":"testmod-OneHitWonder"},{"floor":1.0,"key":"Replay:Antivirus Software"},{"floor":1.0,"key":"ReplayTheSpireMod:TigerMarble"},{"floor":1.0,"key":"SynthV:TestCard"},{"floor":4.0,"key":"Omamori"},{"floor":4.0,"key":"Centennial Puzzle"},{"floor":4.0,"key":"Pondfish Scales"},{"floor":4.0,"key":"MawBank"},{"floor":4.0,"key":"AT_ChloranthyRing"},{"floor":5.0,"key":"Mirror"},{"floor":5.0,"key":"Letter Opener"},{"floor":5.0,"key":"Boot"},{"floor":5.0,"key":"testmod-TurbochargingSystem"},{"floor":5.0,"key":"REME_PuzzleBoxRelic"},{"floor":7.0,"key":"PageOfTodaysShyLook"},{"floor":7.0,"key":"Happy Flower"},{"floor":7.0,"key":"hubris:TinFlute"},{"floor":7.0,"key":"Ginger"},{"floor":7.0,"key":"PageOfPorccubus"},{"floor":7.0,"key":"CeramicFish"},{"floor":8.0,"key":"Oddly Smooth Stone"},{"floor":8.0,"key":"PageOfQueenBee"},{"floor":8.0,"key":"aspiration:SeaSaltIceCream"},{"floor":8.0,"key":"Incense Burner"},{"floor":8.0,"key":"testmod-LifeArmor"},{"floor":10.0,"key":"Replay:Bandana"},{"floor":10.0,"key":"AT_SunfireAegis"},{"floor":10.0,"key":"ReplayTheSpireMod:Lightbulb"},{"floor":10.0,"key":"testmod-DragonStarHat"},{"floor":10.0,"key":"PageOfTheSilentOrchestra"},{"floor":13.0,"key":"hubris:OldNail"},{"floor":13.0,"key":"PageOfSingingMachine"},{"floor":13.0,"key":"AT_RedTearstoneRing"},{"floor":13.0,"key":"Blood Vial"},{"floor":13.0,"key":"Whetstone"},{"floor":14.0,"key":"SynthV:C4"},{"floor":14.0,"key":"DataDisk"},{"floor":14.0,"key":"aspiration:Lifesprig"},{"floor":14.0,"key":"Replay:Rubber Ducky"},{"floor":16.0,"key":"Dream Catcher"},{"floor":16.0,"key":"AT_BellDemon"},{"floor":16.0,"key":"Tiny Chest"},{"floor":16.0,"key":"War Paint"},{"floor":18.0,"key":"Mango"},{"floor":18.0,"key":"Regal Pillow"},{"floor":18.0,"key":"ReplayFunnel"},{"floor":18.0,"key":"Replay:Baseball"},{"floor":20.0,"key":"hubris:TenFootPole"},{"floor":20.0,"key":"Orichalcum"},{"floor":20.0,"key":"Akabeko"},{"floor":20.0,"key":"PageOfLittleHelper"},{"floor":20.0,"key":"PageOfPinocchio"},{"floor":21.0,"key":"hubris:Potato"},{"floor":21.0,"key":"Lantern"},{"floor":21.0,"key":"Toy Ornithopter"},{"floor":21.0,"key":"Question Card"},{"floor":21.0,"key":"testmod-Antiphasic"},{"floor":23.0,"key":"Toxic Egg 2"},{"floor":23.0,"key":"Shuriken"},{"floor":23.0,"key":"aspiration:ChemicalBlood"},{"floor":23.0,"key":"testmod-AssaultLearning"},{"floor":23.0,"key":"Bag of Preparation"},{"floor":23.0,"key":"Art of War"},{"floor":23.0,"key":"Bottled Lightning"},{"floor":25.0,"key":"AT_BladeRuinedKing"},{"floor":25.0,"key":"AT_ArchangelStaff"},{"floor":25.0,"key":"Replay:Mystery Machine"},{"floor":25.0,"key":"Smiling Mask"},{"floor":25.0,"key":"AT_SpeedBoots"},{"floor":25.0,"key":"PageOfScorchedGirl"},{"floor":25.0,"key":"PageOfTheQueenOfHatred"},{"floor":26.0,"key":"PageOfTheKnightOfDespair"},{"floor":27.0,"key":"aspiration:EnhancedActuators"},{"floor":27.0,"key":"Bronze Scales"},{"floor":27.0,"key":"testmod-Alchemist"},{"floor":27.0,"key":"AT_DeathDance"},{"floor":27.0,"key":"testmod-IndustrialRevolution"},{"floor":27.0,"key":"Thread and Needle"},{"floor":27.0,"key":"PageOfGreed"},{"floor":28.0,"key":"Replay:Accelerometer"},{"floor":28.0,"key":"hubris:BallOfYels"},{"floor":28.0,"key":"AT_MibuBalloonWealth"},{"floor":28.0,"key":"Anchor"},{"floor":28.0,"key":"Vajra"},{"floor":28.0,"key":"Bottled Tornado"},{"floor":30.0,"key":"hubris:ToyBattleship"},{"floor":30.0,"key":"Potion Belt"},{"floor":30.0,"key":"Pantograph"},{"floor":30.0,"key":"Replay:Ringing Soul"},{"floor":30.0,"key":"Ancient Tea Set"},{"floor":30.0,"key":"hubris:RGBLights"},{"floor":31.0,"key":"Nunchaku"},{"floor":31.0,"key":"Pen Nib"},{"floor":31.0,"key":"Gremlin Food"},{"floor":31.0,"key":"REME_HourglassOfDeath"},{"floor":31.0,"key":"hubris:SlimyHat"},{"floor":31.0,"key":"PageOfSpiderBud"},{"floor":31.0,"key":"PageOfWrath"},{"floor":33.0,"key":"AT_LudenTempest"},{"floor":35.0,"key":"MealTicket"},{"floor":35.0,"key":"testmod-Acrobat"},{"floor":35.0,"key":"Juzu Bracelet"},{"floor":35.0,"key":"AT_BellowingDragoncrestRing"},{"floor":35.0,"key":"Bag of Marbles"},{"floor":35.0,"key":"Matryoshka"},{"floor":35.0,"key":"Strawberry"},{"floor":35.0,"key":"Kunai"},{"floor":35.0,"key":"Singing Bowl"},{"floor":35.0,"key":"hubris:DeckOfHolding"},{"floor":35.0,"key":"PageOfWrath"},{"floor":35.0,"key":"PageOfNihil"},{"floor":37,"key":"PageOfGreed"},{"floor":37,"key":"aspiration:HummingbirdHeart"},{"floor":37,"key":"AT_ForceNature"},{"floor":37,"key":"StrikeDummy"},{"floor":37,"key":"Molten Egg 2"},{"floor":38,"key":"Du-Vu Doll"},{"floor":38,"key":"hubris:Reverence"},{"floor":38,"key":"Darkstone Periapt"},{"floor":38,"key":"Blue Candle"},{"floor":38,"key":"Onion Ring"},{"floor":38,"key":"Sundial"},{"floor":39,"key":"testmod-RainbowHikingShoes"},{"floor":39,"key":"aspiration:StickyExplosives_weak"},{"floor":39,"key":"aspiration:FrozenJewel"},{"floor":39,"key":"ImprovedEquipment"},{"floor":39,"key":"The Courier"},{"floor":39,"key":"Replay:Bottled Snecko"},{"floor":43,"key":"Carrot"},{"floor":43,"key":"Eternal Feather"},{"floor":44,"key":"Gremlin Horn"},{"floor":44,"key":"REME_LimitBreaker"},{"floor":44,"key":"Snack Pack"},{"floor":44,"key":"Golden Egg"},{"floor":44,"key":"Replay:WaspNest"},{"floor":44,"key":"AT_SilvercatRing"},{"floor":46,"key":"hubris:PeanutButter"},{"floor":46,"key":"Pear"},{"floor":46,"key":"testmod-ArcanaOfDestiny"},{"floor":46,"key":"hubris:SphereOfDissonance"},{"floor":46,"key":"testmod-Justice"},{"floor":46,"key":"Cables"},{"floor":48,"key":"BionicSphere"},{"floor":48,"key":"TungstenRod"},{"floor":48,"key":"testmod-Muramasa"},{"floor":48,"key":"Calipers"},{"floor":48,"key":"AT_GoldPhoenixTree"},{"floor":49,"key":"AT_Manta"}],"event_choices":[{"damage_healed":0.0,"max_hp_gain":0.0,"max_hp_loss":0.0,"gold_gain":0.0,"event_name":"The Woman in Blue","player_choice":"Bought 2 Potions","floor":3.0,"gold_loss":0.0,"damage_taken":0.0},{"damage_healed":0.0,"max_hp_gain":0.0,"max_hp_loss":0.0,"gold_gain":0.0,"event_name":"Upgrade Shrine","player_choice":"Upgraded","floor":24.0,"gold_loss":0.0,"damage_taken":0.0,"cards_upgraded":["Seek"]},{"damage_healed":0,"gold_gain":0,"player_choice":"Ignored","damage_taken":0,"max_hp_gain":0,"max_hp_loss":0,"event_name":"Transmorgrifier","floor":41,"gold_loss":0}],"is_beta":false,"boss_relics":[{"not_picked":["BloodWine","testmod-SaigiyounoYou"],"picked":"testmod-Fanaticism"},{"not_picked":["Ring of Chaos","aspiration:SecretTechniqueScroll"],"picked":"Black Star"}],"items_purged_floors":[2,2,2,2,2,2,12,12,12,19,19,19,19,19,19,19,22,22,22,22,22,22,22,36,36,36,36,36,36,36,36,36,36],"is_endless":false,"potions_floor_spawned":[5,10,13,16,21,23,25,27,28,30,31,33,35,37,38,39,44,46,48],"killed_by":"Donu and Deca","ascension_level":20}}