{"host":"jscggscbx0p7706o","time":1610620464,"event":{"mods":["AchievementEnabler","BaseMod","Block Reminder","Colored Powertips","Minty Spire (QoL Compilation)","Permanent Neow","Quick Restart","StSLib"],"gold_per_floor":[111,36,111,111,126,144,144,159,159,173,183,183,183,83,83,181,181,197,208,208,208,133,133,8,20,46,46,74,74,92,92,92,189,189,204,224,235,251,271,271,121,133,157,110,123,143,177,192,192,192],"floor_reached":51,"language":"ENG","playtime":1886,"items_purged":["Strike_R","Defend_R","Strike_R","Infernal Blade"],"score":843,"play_id":"adea8e91-98e3-4627-aff3-dbc2fde90b86","local_time":"20210114183424","is_ascension_mode":false,"campfire_choices":[{"data":"Shrug It Off","floor":12.0,"key":"SMITH"},{"data":"Bash","floor":15.0,"key":"SMITH"},{"data":"Defend_R","floor":23.0,"key":"SMITH"},{"data":"Defend_R","floor":29.0,"key":"SMITH"},{"floor":32.0,"key":"RECALL"}],"circlet_count":0,"master_deck":["Defend_R+1","Defend_R+1","Bash+1","Clash+1","Shrug It Off+1","Body Slam+1","Dropkick+1"],"relics":["Burning Blood","Mercury Hourglass","Pantograph","Coffee Dripper","Happy Flower","Blue Candle","Fusion Hammer","Vajra","Whetstone"],"acts_visited":["Exordium","TheCity","TheBeyond"],"potions_floor_usage":[],"damage_taken":[{"damage":4.0,"enemies":"2 Louse","floor":1.0,"turns":3.0},{"damage":1.0,"enemies":"Jaw Worm","floor":5.0,"turns":5.0},{"damage":1.0,"enemies":"Cultist","floor":6.0,"turns":4.0},{"damage":3.0,"enemies":"2 Fungi Beasts","floor":8.0,"turns":3.0},{"damage":6.0,"enemies":"Blue Slaver","floor":10.0,"turns":4.0},{"damage":0.0,"enemies":"Looter","floor":11.0,"turns":3.0},{"damage":71.0,"enemies":"Hexaghost","floor":16.0,"turns":13.0},{"damage":0.0,"enemies":"Chosen","floor":18.0,"turns":3.0},{"damage":0.0,"enemies":"3 Byrds","floor":19.0,"turns":4.0},{"damage":2.0,"enemies":"Snake Plant","floor":25.0,"turns":4.0},{"damage":66.0,"enemies":"Book of Stabbing","floor":28.0,"turns":7.0},{"damage":10.0,"enemies":"Cultist and Chosen","floor":30.0,"turns":7.0},{"damage":19.0,"enemies":"Collector","floor":33.0,"turns":11.0},{"damage":0.0,"enemies":"3 Darklings","floor":35.0,"turns":6.0},{"damage":0.0,"enemies":"3 Shapes","floor":36.0,"turns":5.0},{"damage":0.0,"enemies":"Transient","floor":37.0,"turns":5.0},{"damage":6,"enemies":"3 Darklings","floor":38,"turns":4},{"damage":5,"enemies":"Spire Growth","floor":39,"turns":4},{"damage":0,"enemies":"Sphere and 2 Shapes","floor":42,"turns":6},{"damage":5,"enemies":"Maw","floor":45,"turns":6},{"damage":0,"enemies":"Spire Growth","floor":46,"turns":3},{"damage":22,"enemies":"Giant Head","floor":47,"turns":7},{"damage":6,"enemies":"Sphere and 2 Shapes","floor":48,"turns":4},{"damage":19,"enemies":"Awakened One","floor":50,"turns":11}],"seed_played":"-8843274386506704566","potions_obtained":[{"floor":1.0,"key":"ColorlessPotion"},{"floor":5.0,"key":"SpeedPotion"},{"floor":8.0,"key":"BlessingOfTheForge"},{"floor":16.0,"key":"Strength Potion"},{"floor":35.0,"key":"Energy Potion"}],"is_trial":false,"path_per_floor":["M","$","?","?","M","M","T","M","T","M","M","R","?","$","R","B",null,"M","M","?","?","?","R","$","M","T","?","E","R","M","$","R","B",null,"M","M","M","M","M","?","$","M","T","$","M","M","E","M","R","B",null],"character_chosen":"IRONCLAD","items_purchased":["Body Slam"],"campfire_rested":0,"item_purchase_floors":[44],"current_hp_per_floor":[80,80,69,69,74,79,79,80,80,80,80,80,64,64,64,15,80,80,80,80,80,80,80,80,80,80,80,20,20,16,16,16,28,80,80,80,80,80,80,80,80,80,80,80,80,80,64,64,64,67],"gold":192,"neow_bonus":"REMOVE_CARD","is_daily":false,"chose_seed":false,"campfire_upgraded":4,"win_rate":0.0,"timestamp":1610620464,"path_taken":["M","$","?","?","?","M","?","?","T","M","M","R","?","$","R","BOSS","M","M","?","?","?","R","$","M","T","?","E","R","M","?","R","BOSS","M","M","M","M","?","?","$","M","T","$","M","M","E","?","R","BOSS"],"items_purchased_type":["Card"],"build_version":"2020-12-22","purchased_purges":4,"victory":true,"max_hp_per_floor":[80,80,80,80,80,80,80,80,80,80,80,80,80,80,80,80,80,80,80,80,80,80,80,80,80,80,80,80,80,80,80,80,80,80,80,80,80,80,80,80,80,80,80,80,80,80,80,80,80,80],"card_choices":[{"not_picked":["Evolve","Flame Barrier","Anger"],"picked":"SKIP","floor":1.0},{"not_picked":["Fire Breathing","Spot Weakness","Flame Barrier"],"picked":"SKIP","floor":5.0},{"not_picked":["Dark Embrace","Headbutt","Sword Boomerang"],"picked":"SKIP","floor":6.0},{"not_picked":["Evolve","Clothesline","Iron Wave"],"picked":"SKIP","floor":8.0},{"not_picked":["Iron Wave","Cleave"],"picked":"Clash","floor":10.0},{"not_picked":["Clash","Flex"],"picked":"Shrug It Off","floor":11.0},{"not_picked":["Twin Strike","Power Through","Body Slam"],"picked":"SKIP","floor":18.0},{"not_picked":["Clothesline","Iron Wave","Clash"],"picked":"SKIP","floor":19.0},{"not_picked":["Infernal Blade","Rampage","Second Wind"],"picked":"SKIP","floor":25.0},{"not_picked":["Rage","Twin Strike","Heavy Blade"],"picked":"SKIP","floor":28.0},{"not_picked":["Pommel Strike+1","Combust","Clothesline"],"picked":"SKIP","floor":30.0},{"not_picked":["Dual Wield+1","Dark Embrace+1","Shrug It Off"],"picked":"SKIP","floor":35.0},{"not_picked":["Dual Wield+1","Dark Embrace+1","Shrug It Off"],"picked":"SKIP","floor":35.0},{"not_picked":["Disarm","Armaments+1","True Grit+1"],"picked":"SKIP","floor":36.0},{"not_picked":["Sword Boomerang","Havoc+1","Body Slam"],"picked":"SKIP","floor":37.0},{"not_picked":["Heavy Blade+1","Cleave","Havoc"],"picked":"SKIP","floor":38},{"not_picked":["Shrug It Off","Warcry+1","Heavy Blade"],"picked":"SKIP","floor":39},{"not_picked":["Twin Strike","Uppercut+1","Sword Boomerang"],"picked":"SKIP","floor":42},{"not_picked":["Armaments+1","Sword Boomerang+1","Intimidate"],"picked":"SKIP","floor":45},{"not_picked":["Thunderclap+1","Wild Strike","Flex+1"],"picked":"SKIP","floor":46},{"not_picked":["Havoc+1","Berserk"],"picked":"Dropkick+1","floor":47},{"not_picked":["Havoc","Heavy Blade+1","Twin Strike"],"picked":"SKIP","floor":48}],"player_experience":250323,"relics_obtained":[{"floor":7.0,"key":"Mercury Hourglass"},{"floor":9.0,"key":"Pantograph"},{"floor":26.0,"key":"Happy Flower"},{"floor":28.0,"key":"Blue Candle"},{"floor":43,"key":"Vajra"},{"floor":47,"key":"Whetstone"}],"event_choices":[{"damage_healed":0.0,"max_hp_gain":0.0,"max_hp_loss":0.0,"gold_gain":75.0,"event_name":"World of Goop","player_choice":"Gather Gold","floor":3.0,"gold_loss":0.0,"damage_taken":11.0},{"cards_removed":["Defend_R"],"damage_healed":0.0,"max_hp_gain":0.0,"max_hp_loss":0.0,"gold_gain":0.0,"event_name":"Living Wall","player_choice":"Forget","floor":4.0,"gold_loss":0.0,"damage_taken":0.0},{"damage_healed":0.0,"max_hp_gain":0.0,"max_hp_loss":0.0,"gold_gain":0.0,"event_name":"Shining Light","player_choice":"Entered Light","floor":13.0,"gold_loss":0.0,"damage_taken":16.0,"cards_upgraded":["Strike_R","Clash"]},{"damage_healed":0.0,"max_hp_gain":0.0,"max_hp_loss":0.0,"gold_gain":0.0,"event_name":"The Mausoleum","player_choice":"Ignored","floor":20.0,"gold_loss":0.0,"damage_taken":0.0},{"cards_removed":["Strike_R"],"damage_healed":0.0,"max_hp_gain":0.0,"max_hp_loss":0.0,"gold_gain":0.0,"event_name":"Beggar","player_choice":"Gave Gold","floor":22.0,"gold_loss":75.0,"damage_taken":0.0},{"damage_healed":0.0,"max_hp_gain":0.0,"max_hp_loss":0.0,"gold_gain":0.0,"event_name":"Cursed Tome","player_choice":"Ignored","floor":27.0,"gold_loss":0.0,"damage_taken":0.0},{"damage_healed":0,"gold_gain":0,"cards_transformed":["Strike_R"],"player_choice":"Transformed","damage_taken":0,"max_hp_gain":0,"max_hp_loss":0,"event_name":"Transmorgrifier","floor":40,"gold_loss":0,"cards_obtained":["Infernal Blade"]}],"is_beta":false,"boss_relics":[{"not_picked":["Tiny House","Velvet Choker"],"picked":"Coffee Dripper"},{"not_picked":["SlaversCollar","Runic Pyramid"],"picked":"Fusion Hammer"}],"items_purged_floors":[2,14,24,41],"is_endless":false,"potions_floor_spawned":[1,5,8,16,28,33,35,37,42,47,48],"ascension_level":0}}