{"host":"n0yecwpl2j4u196k","time":1610634185,"event":{"mods":["2.2 Compatiblity","AchievementEnabler","BaseMod","Colored Map","Colored Powertips","Highlight Path","Minty Spire (QoL Compilation)","Quick Restart","Rare Cards Sparkle","Relic Stats","SuperFastMode"],"gold_per_floor":[110,110,10,25,25,55,55,80,105,134,134,167,183,196,196,293,293,305,319,418,432,432,467,467,467,467,480,480,184,184,109,109,205,255,267,13,13,24,41,41,41,75,99,116,116,116,131,161,161,161],"floor_reached":51,"language":"ENG","playtime":2559,"items_purged":["Strike_G"],"score":890,"play_id":"298d2f76-55c9-4f47-a2ce-7545952405e3","local_time":"20210114092305","is_ascension_mode":true,"campfire_choices":[{"data":"Neutralize","floor":7.0,"key":"SMITH"},{"data":"Noxious Fumes","floor":11.0,"key":"SMITH"},{"data":"Wraith Form v2","floor":15.0,"key":"SMITH"},{"data":"Bullet Time","floor":24.0,"key":"SMITH"},{"data":"Burst","floor":28.0,"key":"SMITH"},{"data":"Bouncing Flask","floor":32.0,"key":"SMITH"},{"data":"Acrobatics","floor":40.0,"key":"SMITH"},{"data":"Crippling Poison","floor":46.0,"key":"SMITH"},{"data":"Adrenaline","floor":49,"key":"SMITH"}],"circlet_count":0,"master_deck":["Strike_G+1","Defend_G+1","Defend_G+1","Defend_G+1","Defend_G+1","Defend_G+1","Survivor+1","Neutralize+1","Crippling Poison+1","PiercingWail","Noxious Fumes+1","Backflip","Bane+1","Bouncing Flask+1","Wraith Form v2+1","Burst+1","PiercingWail","Prepared+1","Bullet Time+1","Deadly Poison","Acrobatics+1","Noxious Fumes","Choke","Adrenaline+1","Deadly Poison+1"],"relics":["Ring of the Snake","NeowsBlessing","Boot","Eternal Feather","Art of War","Ornamental Fan","Vajra","Coffee Dripper","Matryoshka","Regal Pillow","Whetstone","StoneCalendar","Tiny House","Bottled Tornado","Happy Flower","Strawberry","Pantograph"],"acts_visited":["Exordium","TheCity","TheBeyond"],"potions_floor_usage":[50,50,50,50,50,50],"damage_taken":[{"damage":0.0,"enemies":"Jaw Worm","floor":1.0,"turns":1.0},{"damage":0.0,"enemies":"2 Louse","floor":4.0,"turns":1.0},{"damage":0.0,"enemies":"Gremlin Nob","floor":6.0,"turns":1.0},{"damage":8.0,"enemies":"Lagavulin","floor":8.0,"turns":10.0},{"damage":22.0,"enemies":"Gremlin Nob","floor":10.0,"turns":5.0},{"damage":2.0,"enemies":"3 Sentries","floor":12.0,"turns":6.0},{"damage":0.0,"enemies":"Small Slimes","floor":13.0,"turns":2.0},{"damage":4.0,"enemies":"Looter","floor":14.0,"turns":2.0},{"damage":0.0,"enemies":"The Guardian","floor":16.0,"turns":8.0},{"damage":5.0,"enemies":"Spheric Guardian","floor":18.0,"turns":4.0},{"damage":6.0,"enemies":"Shell Parasite","floor":19.0,"turns":6.0},{"damage":20.0,"enemies":"Sentry and Sphere","floor":21.0,"turns":5.0},{"damage":8.0,"enemies":"Slavers","floor":23.0,"turns":6.0},{"damage":0.0,"enemies":"Snecko","floor":27.0,"turns":5.0},{"damage":24.0,"enemies":"Collector","floor":33.0,"turns":8.0},{"damage":0.0,"enemies":"Orb Walker","floor":35.0,"turns":3.0},{"damage":0.0,"enemies":"3 Shapes","floor":38.0,"turns":6.0},{"damage":35.0,"enemies":"3 Darklings","floor":39.0,"turns":5.0},{"damage":9.0,"enemies":"Giant Head","floor":42.0,"turns":9.0},{"damage":1.0,"enemies":"Maw","floor":44.0,"turns":6.0},{"damage":15,"enemies":"Sphere and 2 Shapes","floor":47,"turns":4},{"damage":6,"enemies":"Nemesis","floor":48,"turns":7},{"damage":45,"enemies":"Time Eater","floor":50,"turns":9}],"seed_played":"9016095936575897617","potions_obtained":[{"floor":4.0,"key":"Ancient Potion"},{"floor":6.0,"key":"FearPotion"},{"floor":8.0,"key":"Fruit Juice"},{"floor":16.0,"key":"PowerPotion"},{"floor":25.0,"key":"EntropicBrew"},{"floor":25.0,"key":"GamblersBrew"},{"floor":33.0,"key":"DistilledChaos"}],"is_trial":false,"path_per_floor":["M","?","$","M","?","E","R","E","T","E","R","E","M","M","R","B",null,"M","M","?","M","?","E","R","?","T","M","R","$","?","?","R","B",null,"M","$","?","M","M","R","?","E","T","M","$","R","M","E","R","B",null],"character_chosen":"THE_SILENT","items_purchased":["PiercingWail","StoneCalendar","Bottled Tornado"],"campfire_rested":0,"item_purchase_floors":[3,29,36],"current_hp_per_floor":[70,75,75,75,75,75,75,67,67,45,54,52,52,48,57,57,75,70,64,64,44,44,36,48,53,53,53,65,65,65,65,77,53,85,85,85,85,85,50,62,62,53,60,59,59,71,56,50,65,45],"gold":161,"neow_bonus":"THREE_ENEMY_KILL","is_daily":false,"chose_seed":false,"campfire_upgraded":9,"win_rate":0.0,"timestamp":1610634185,"path_taken":["M","?","$","M","?","E","R","E","T","E","R","E","M","M","R","BOSS","M","M","?","M","?","E","R","?","T","?","R","$","?","?","R","BOSS","M","$","?","?","M","R","?","E","T","M","$","R","?","E","R","BOSS"],"items_purchased_type":["Card","Relic","Relic"],"build_version":"2020-12-22","purchased_purges":1,"victory":true,"max_hp_per_floor":[70,75,75,75,75,75,75,75,75,75,75,75,75,75,75,75,75,75,75,75,75,75,75,75,80,80,80,80,80,80,80,80,80,85,85,85,85,85,85,85,85,85,92,92,92,92,92,92,92,92],"relic_stats":{"Regal Pillow":0,"Happy Flower":[8],"counters":[23,119],"Ornamental Fan":[20],"Pantograph":25,"Eternal Feather":93,"StoneCalendar":[242],"Art of War":[30],"Whetstone":["Bane"],"Boot":[46],"obtain_stats":[{"Regal Pillow":26,"Tiny House":34,"NeowsBlessing":0,"Happy Flower":43,"Vajra":12,"Eternal Feather":8,"StoneCalendar":29,"Whetstone":26,"Bottled Tornado":36,"Boot":6,"Matryoshka":23,"Ornamental Fan":10,"Strawberry":43,"Pantograph":48,"Art of War":9,"Coffee Dripper":17,"Ring of the Snake":0},{"Regal Pillow":13,"Tiny House":15,"NeowsBlessing":0,"Happy Flower":19,"Vajra":6,"Eternal Feather":4,"StoneCalendar":14,"Whetstone":13,"Bottled Tornado":16,"Boot":3,"Matryoshka":13,"Ornamental Fan":5,"Strawberry":19,"Pantograph":22,"Art of War":4,"Coffee Dripper":9,"Ring of the Snake":0},{"Regal Pillow":57,"Tiny House":70,"NeowsBlessing":0,"Happy Flower":93,"Vajra":24,"Eternal Feather":13,"StoneCalendar":62,"Whetstone":57,"Bottled Tornado":73,"Boot":3,"Matryoshka":57,"Ornamental Fan":18,"Strawberry":93,"Pantograph":110,"Art of War":13,"Coffee Dripper":36,"Ring of the Snake":0}],"Ring of the Snake":[46]},"card_choices":[{"not_picked":["Poisoned Stab","Leg Sweep"],"picked":"Crippling Poison","floor":1.0},{"not_picked":["Bane","Terror"],"picked":"Noxious Fumes","floor":4.0},{"not_picked":["Calculated Gamble","Backstab"],"picked":"Backflip","floor":6.0},{"not_picked":["Blur","Dagger Spray","PiercingWail"],"picked":"SKIP","floor":8.0},{"not_picked":["Deflect","Dodge and Roll","Outmaneuver"],"picked":"SKIP","floor":10.0},{"not_picked":["Prepared","Acrobatics"],"picked":"Bane","floor":12.0},{"not_picked":["Dagger Throw","Backflip"],"picked":"Bouncing Flask","floor":13.0},{"not_picked":["Sucker Punch","Terror"],"picked":"Wraith Form v2","floor":14.0},{"not_picked":["Night Terror","Adrenaline"],"picked":"Burst","floor":16.0},{"not_picked":["Skewer+1","Slice"],"picked":"PiercingWail","floor":18.0},{"not_picked":["Endless Agony+1","Concentrate+1"],"picked":"Prepared+1","floor":19.0},{"not_picked":["Cloak And Dagger+1","Blade Dance"],"picked":"Bullet Time","floor":21.0},{"not_picked":["Escape Plan","Quick Slash","Blade Dance+1"],"picked":"SKIP","floor":23.0},{"not_picked":["Blade Dance+1","Outmaneuver"],"picked":"Deadly Poison","floor":27.0},{"not_picked":["Cloak And Dagger","Deflect"],"picked":"Noxious Fumes","floor":34.0},{"not_picked":["Setup","Backstab+1","Cloak And Dagger+1"],"picked":"SKIP","floor":35.0},{"not_picked":["Poisoned Stab+1","Blade Dance","Predator"],"picked":"SKIP","floor":38.0},{"not_picked":["Dagger Spray","Masterful Stab","Predator+1"],"picked":"SKIP","floor":39.0},{"not_picked":["Doppelganger","Slice+1","Deflect+1"],"picked":"SKIP","floor":42.0},{"not_picked":["PiercingWail","Prepared","Poisoned Stab"],"picked":"SKIP","floor":44.0},{"not_picked":["Dagger Throw+1","Slice+1"],"picked":"Adrenaline","floor":47},{"not_picked":["Setup+1","Poisoned Stab+1"],"picked":"Deadly Poison+1","floor":48}],"player_experience":262703,"relics_obtained":[{"floor":6.0,"key":"Boot"},{"floor":8.0,"key":"Eternal Feather"},{"floor":9.0,"key":"Art of War"},{"floor":10.0,"key":"Ornamental Fan"},{"floor":12.0,"key":"Vajra"},{"floor":23.0,"key":"Matryoshka"},{"floor":26.0,"key":"Regal Pillow"},{"floor":26.0,"key":"Whetstone"},{"floor":43.0,"key":"Happy Flower"},{"floor":43.0,"key":"Strawberry"},{"floor":48,"key":"Pantograph"}],"event_choices":[{"damage_healed":0.0,"max_hp_gain":5.0,"max_hp_loss":0.0,"gold_gain":0.0,"event_name":"Big Fish","player_choice":"Donut","floor":2.0,"gold_loss":0.0,"damage_taken":0.0},{"damage_healed":0.0,"max_hp_gain":0.0,"max_hp_loss":0.0,"gold_gain":0.0,"event_name":"Liars Game","player_choice":"Ignored","floor":5.0,"gold_loss":0.0,"damage_taken":0.0},{"damage_healed":0.0,"max_hp_gain":0.0,"max_hp_loss":0.0,"gold_gain":99.0,"event_name":"Nest","player_choice":"Stole From Cult","floor":20.0,"gold_loss":0.0,"damage_taken":0.0},{"damage_healed":0.0,"max_hp_gain":0.0,"max_hp_loss":0.0,"gold_gain":0.0,"event_name":"Back to Basics","player_choice":"Simplicity","floor":22.0,"gold_loss":0.0,"damage_taken":0.0,"cards_upgraded":["Strike_G","Strike_G","Strike_G","Strike_G","Defend_G","Defend_G","Defend_G","Defend_G","Defend_G"]},{"damage_healed":0.0,"max_hp_gain":0.0,"max_hp_loss":0.0,"gold_gain":0.0,"event_name":"Lab","player_choice":"Got Potions","floor":25.0,"gold_loss":0.0,"damage_taken":0.0},{"damage_healed":0.0,"max_hp_gain":0.0,"max_hp_loss":0.0,"gold_gain":0.0,"event_name":"The Library","player_choice":"Read","floor":30.0,"gold_loss":0.0,"damage_taken":0.0,"cards_obtained":["Acrobatics"]},{"cards_removed":["Strike_G"],"damage_healed":0.0,"max_hp_gain":0.0,"max_hp_loss":0.0,"gold_gain":0.0,"event_name":"Beggar","player_choice":"Gave Gold","floor":31.0,"gold_loss":75.0,"damage_taken":0.0},{"damage_healed":0.0,"max_hp_gain":0.0,"max_hp_loss":0.0,"gold_gain":0.0,"cards_transformed":["Strike_G"],"event_name":"Transmorgrifier","player_choice":"Transformed","floor":37.0,"gold_loss":0.0,"damage_taken":0.0,"cards_obtained":["Choke"]},{"cards_removed":["Strike_G"],"damage_healed":0.0,"max_hp_gain":0.0,"max_hp_loss":0.0,"gold_gain":0.0,"event_name":"Purifier","player_choice":"Purged","floor":41.0,"gold_loss":0.0,"damage_taken":0.0}],"is_beta":false,"boss_relics":[{"not_picked":["Black Star","Runic Dome"],"picked":"Coffee Dripper"},{"not_picked":["HoveringKite","Empty Cage"],"picked":"Tiny House"}],"items_purged_floors":[3],"is_endless":false,"potions_floor_spawned":[4,6,8,12,16,18,23,33,44,48],"ascension_level":1}}