{"host":"njb27ds59h4j3ikk","time":1610602036,"event":{"mods":["AchievementEnabler","BaseMod","Better Altar","Better Match","Better Note","Better Sensory Stone","Better Skull","Better Third Choice","BetterRewards","Downfall","Hermit","Hubris","Minty Spire (QoL Compilation)","Permanent Neow","Quarter Circle Forward PUNCH!","Quick Restart","Rare Cards Sparkle","Replay The Spire","Shop Mod","StSLib","Trackpad","Transform Curses"],"gold_per_floor":[117,117,132,88,104,136,136,146,173,193,193,29,41,52,52,152,152,163,176,83,102,112,143,163,196,196,1,1,28,28,45,45,141,141,159,174,225,109,17,17,31,31,79,114,114,149,229,264,264,264,264,264,10,35,35],"floor_reached":56,"language":"ENG","playtime":2716,"items_purged":[],"score":1446,"play_id":"fb15d3c0-9785-4bdd-b9af-0d7db2e87ce6","local_time":"20210114002716","is_ascension_mode":true,"campfire_choices":[{"data":"Melter","floor":7.0,"key":"SMITH"},{"floor":15.0,"key":"DIG"},{"data":"Static Discharge","floor":28.0,"key":"SMITH"},{"data":"ReplayGash","floor":32.0,"key":"SMITH"},{"floor":40.0,"key":"REST"},{"data":"Blizzard","floor":42.0,"key":"SMITH"},{"floor":49,"key":"RECALL"},{"data":"Chaos","floor":52,"key":"SMITH"}],"circlet_count":0,"master_deck":["Strike_B+1","Strike_B","Strike_B","Strike_B","Defend_B","Defend_B+1","Defend_B","Defend_B","Zap","Dualcast","BootSequence","Steam","hubris:Ukulele","Pot Of Greed","Pot Of Greed","Melter+1","Steam","Chaos+1","Specialist","Ball Lightning","Cold Snap","FIFO Queue","ReplayRNGCard+1","Stack","Crystallizer+1","Turbo+1","Pot Of Greed","Static Discharge+1","Gash+1","Sweeping Beam+1","Conserve Battery","Good Instincts","FTL","Specialist","ReplayGash+1","Thunder Strike","Gash","Defragment+1","Coolheaded+1","Pot Of Greed","ReplayGash","expansioncontent:TimeRipple","Blizzard+1","Static Discharge","Recycle","Go for the Eyes+1","ReplayTheSpireMod:System Scan+1","Tempest+1","Compile Driver+1","Mirror Shield","Beam Cell+1"],"relics":["FrozenCore","Lantern","Ring of Shattering","Ring of Misfortune","betterThird:SlimedRelic","Grinning Jar","Geode","Membership Card","Pen Nib","m_SnakeBloodCore","Omamori","MerchantsRug","ClockworkSouvenir","Bottled Flame","Kunai","Lee\u0027s Waffle","Gremlin Food","trackpad:AdjectivePendant","Guardian:GemstoneGun","hubris:ToyBattleship","trackpad:Mousetrap","Simple Rune","Bag of Preparation","Boot","FossilizedHelix","Orichalcum"],"acts_visited":["Exordium","TheCity","TheBeyond","TheEnding"],"potions_floor_usage":[50,54,55],"damage_taken":[{"damage":0.0,"enemies":"2 Louse","floor":1.0,"turns":2.0},{"damage":0.0,"enemies":"Jaw Worm","floor":3.0,"turns":2.0},{"damage":0.0,"enemies":"Small Slimes","floor":5.0,"turns":2.0},{"damage":14.0,"enemies":"Lagavulin","floor":6.0,"turns":6.0},{"damage":14.0,"enemies":"Gremlin Gang","floor":8.0,"turns":4.0},{"damage":0.0,"enemies":"Lots of Slimes","floor":10.0,"turns":3.0},{"damage":0.0,"enemies":"Blue Slaver","floor":13.0,"turns":3.0},{"damage":0.0,"enemies":"3 Louse","floor":14.0,"turns":3.0},{"damage":4.0,"enemies":"Hexaghost","floor":16.0,"turns":9.0},{"damage":0.0,"enemies":"3 Byrds","floor":18.0,"turns":3.0},{"damage":6.0,"enemies":"Shell Parasite","floor":19.0,"turns":3.0},{"damage":1.0,"enemies":"Snake Plant","floor":21.0,"turns":4.0},{"damage":0.0,"enemies":"3 Cultists","floor":22.0,"turns":4.0},{"damage":10.0,"enemies":"Book of Stabbing","floor":23.0,"turns":4.0},{"damage":0.0,"enemies":"Centurion and Healer","floor":24.0,"turns":6.0},{"damage":13.0,"enemies":"Replay:Snechameleon","floor":25.0,"turns":3.0},{"damage":18.0,"enemies":"Slavers","floor":29.0,"turns":3.0},{"damage":0.0,"enemies":"Snake Plant","floor":31.0,"turns":3.0},{"damage":17.0,"enemies":"Automaton","floor":33.0,"turns":9.0},{"damage":8.0,"enemies":"Orb Walker","floor":35.0,"turns":2.0},{"damage":31.0,"enemies":"3 Shapes","floor":36.0,"turns":8.0},{"damage":5.0,"enemies":"2 Orb Walkers","floor":37.0,"turns":8.0},{"damage":0.0,"enemies":"Spire Growth","floor":41.0,"turns":6.0},{"damage":33.0,"enemies":"Nemesis","floor":44.0,"turns":7.0},{"damage":15.0,"enemies":"R_Hoarder","floor":46.0,"turns":7.0},{"damage":11.0,"enemies":"Reptomancer","floor":48.0,"turns":6.0},{"damage":9,"enemies":"Time Eater","floor":50,"turns":11},{"damage":6,"enemies":"Shield and Spear","floor":54,"turns":6},{"damage":28,"enemies":"The Heart","floor":55,"turns":12}],"seed_played":"-2736006322550042068","potions_obtained":[{"floor":1.0,"key":"Dexterity Potion"},{"floor":5.0,"key":"champ:CounterPotion"},{"floor":10.0,"key":"SteroidPotion"},{"floor":13.0,"key":"sneckomod:MuddlingPotion"},{"floor":16.0,"key":"Ancient Potion"},{"floor":18.0,"key":"BlessingOfTheForge"},{"floor":21.0,"key":"PowerPotion"},{"floor":22.0,"key":"EssenceOfSteel"},{"floor":25.0,"key":"EntropicBrew"},{"floor":29.0,"key":"Adrenaline Potion"},{"floor":31.0,"key":"Dexterity Potion"},{"floor":36.0,"key":"Adrenaline Potion"},{"floor":37.0,"key":"Regen Potion"},{"floor":48.0,"key":"SneckoOil"}],"is_trial":false,"path_per_floor":["M","?","M","?","M","E","R","M","T","M","?","$","M","M","R","B",null,"M","M","$","M","M","E","M","E","T","$","R","E","?","M","R","B",null,"M","M","?","$","?","R","M","R","T","E","?","E","?","E","R","B",null,"R","$","E","B",null],"character_chosen":"DEFECT","items_purchased":["Membership Card","Ball Lightning","Omamori","MerchantsRug","ClockworkSouvenir","Lee\u0027s Waffle","Gremlin Food","Good Instincts","ReplayGash","LiquidMemories","expansioncontent:TimeRipple","FossilizedHelix","Mirror Shield","Strength Potion"],"campfire_rested":1,"item_purchase_floors":[12,12,20,20,20,27,27,27,38,38,38,53,53,53],"current_hp_per_floor":[75,75,75,64,64,50,50,36,36,36,36,36,36,36,36,32,75,75,72,72,74,75,68,71,61,61,82,82,67,67,70,70,56,82,77,49,47,47,47,71,74,74,74,44,47,50,50,42,42,36,85,85,85,82,57],"gold":35,"neow_bonus":"RANDOM_COMMON_RELIC","is_daily":false,"chose_seed":false,"campfire_upgraded":5,"win_rate":0.0,"timestamp":1610602036,"path_taken":["M","?","M","?","M","E","R","M","T","M","?","$","M","M","R","BOSS","M","?","$","M","M","E","M","E","T","?","R","E","?","M","R","BOSS","M","M","?","$","?","R","?","R","T","E","?","E","?","E","R","BOSS","R","$","E","BOSS"],"items_purchased_type":["Relic","Card","Relic","Relic","Relic","Relic","Relic","Card","Card","Potion","Card","Relic","Card","Potion"],"build_version":"2020-12-22","purchased_purges":0,"victory":true,"max_hp_per_floor":[75,75,75,75,75,75,75,75,75,75,75,75,75,75,75,75,75,75,75,75,75,75,75,75,75,75,82,82,82,82,82,82,82,82,82,82,82,82,82,82,82,82,82,82,85,85,85,85,85,85,85,85,85,85,85],"card_choices":[{"not_picked":["Hologram","Barrage"],"picked":"BootSequence","floor":1.0},{"not_picked":["Go for the Eyes","Hologram"],"picked":"Steam","floor":3.0},{"not_picked":["BootSequence","Redo"],"picked":"hubris:Ukulele","floor":5.0},{"not_picked":["Stack","Redo"],"picked":"Melter","floor":6.0},{"not_picked":["Melter","Streamline"],"picked":"Steam","floor":8.0},{"not_picked":["ReplaySolidLightProjector","Compile Driver"],"picked":"Chaos","floor":10.0},{"not_picked":["expansioncontent:QuickStudy","Purity"],"picked":"Specialist","floor":11.0},{"not_picked":["Gash","Panic Button"],"picked":"Cold Snap","floor":13.0},{"not_picked":["Doom and Gloom","Turbo"],"picked":"FIFO Queue","floor":14.0},{"not_picked":["Meteor Strike","hubris:SpecializedCircuitry"],"picked":"ReplayRNGCard","floor":16.0},{"not_picked":["Rebound","Hologram"],"picked":"Stack","floor":18.0},{"not_picked":["ReplayTheSpireMod:Repulse","Ball Lightning"],"picked":"Crystallizer+1","floor":19.0},{"not_picked":["Steam Power","Gash"],"picked":"Turbo+1","floor":21.0},{"not_picked":["Leap","Stack"],"picked":"Static Discharge","floor":22.0},{"not_picked":["Panic Button","ReplayRNGCard"],"picked":"Gash+1","floor":23.0},{"not_picked":["Steam","ReplayTheSpireMod:Calculation Training"],"picked":"Sweeping Beam+1","floor":24.0},{"not_picked":["Stack","Storm"],"picked":"Conserve Battery","floor":25.0},{"not_picked":["Coolheaded","BasicCrystalCard"],"picked":"FTL","floor":29.0},{"not_picked":["Compile Driver+1","Barrage"],"picked":"ReplayGash","floor":31.0},{"not_picked":["ReplayRNGCard","Creative AI"],"picked":"Thunder Strike","floor":33.0},{"not_picked":["Rip and Tear","Beam Cell"],"picked":"Gash","floor":35.0},{"not_picked":["White Noise","Time Bomb+1"],"picked":"Defragment+1","floor":36.0},{"not_picked":["Heatsinks","Undo+1"],"picked":"Coolheaded+1","floor":37.0},{"not_picked":["Undo","Panic Button"],"picked":"Blizzard","floor":41.0},{"not_picked":["Cold Snap","Stack"],"picked":"Static Discharge","floor":44.0},{"not_picked":["Conserve Battery","Heatsinks"],"picked":"Recycle","floor":46.0},{"not_picked":["Conserve Battery","FIFO Queue+1"],"picked":"Go for the Eyes+1","floor":47.0},{"not_picked":["Rebound","Amplify"],"picked":"ReplayTheSpireMod:System Scan+1","floor":47.0},{"not_picked":["Compile Driver","Stack"],"picked":"Tempest+1","floor":47.0},{"not_picked":["ReplayTheSpireMod:Calculation Training","Panic Button+1"],"picked":"Compile Driver+1","floor":48.0},{"not_picked":["FIFO Queue","Sweeping Beam"],"picked":"Beam Cell+1","floor":54}],"player_experience":1242786,"relics_obtained":[{"floor":2.0,"key":"Ring of Shattering"},{"floor":2.0,"key":"Ring of Misfortune"},{"floor":6.0,"key":"Grinning Jar"},{"floor":9.0,"key":"Geode"},{"floor":15.0,"key":"Pen Nib"},{"floor":23.0,"key":"Bottled Flame"},{"floor":25.0,"key":"Kunai"},{"floor":29.0,"key":"trackpad:AdjectivePendant"},{"floor":37.0,"key":"Guardian:GemstoneGun"},{"floor":43.0,"key":"trackpad:Mousetrap"},{"floor":44.0,"key":"Simple Rune"},{"floor":46.0,"key":"Bag of Preparation"},{"floor":48.0,"key":"Boot"},{"floor":54,"key":"Orichalcum"}],"event_choices":[{"damage_healed":0.0,"max_hp_gain":0.0,"max_hp_loss":0.0,"gold_gain":0.0,"event_name":"betterThird:BetterGoop","player_choice":"Slimed","floor":4.0,"gold_loss":44.0,"damage_taken":11.0},{"damage_healed":0.0,"max_hp_gain":0.0,"max_hp_loss":0.0,"gold_gain":1.0,"event_name":"betterStone:BetterStone","player_choice":"1","floor":11.0,"gold_loss":0.0,"damage_taken":0.0},{"cards_removed":["Static Discharge"],"damage_healed":0.0,"max_hp_gain":0.0,"max_hp_loss":0.0,"gold_gain":0.0,"event_name":"betterNote:BetterNote","player_choice":"Take \u0026 Give","floor":30.0,"gold_loss":0.0,"damage_taken":0.0,"cards_obtained":["Specialist"]},{"damage_healed":0.0,"max_hp_gain":0.0,"max_hp_loss":0.0,"gold_gain":0.0,"event_name":"Mysterious Sphere","player_choice":"Fight","floor":37.0,"gold_loss":0.0,"damage_taken":0.0},{"damage_healed":0.0,"max_hp_gain":0.0,"max_hp_loss":0.0,"gold_gain":0.0,"event_name":"WeMeetAgain","player_choice":"Paid Gold","floor":39.0,"gold_loss":92.0,"damage_taken":0.0,"relics_obtained":["hubris:ToyBattleship"]}],"is_beta":false,"boss_relics":[{"not_picked":["trackpad:StolenKidneys","trackpad:Trackpad"],"picked":"hubris:Backtick"},{"not_picked":["hubris:Stopwatch","Philosopher\u0027s Stone"],"picked":"FrozenCore"}],"items_purged_floors":[],"is_endless":false,"potions_floor_spawned":[1,5,10,13,16,18,21,22,25,29,31,36,37,48],"ascension_level":1}}