{"host":"k67zwea37tbl4jhz","time":1610610902,"event":{"mods":["AchievementEnabler","Aspiration","BaseMod","Better Altar","Better Match","Better Sensory Stone","Better Skull","Better Third Choice","BetterRewards","CCEM","Clawfect","Colored Map","Conspire","Downfall","GifTheSpireLib","Googly Eyes","Halation","Highlight Path","Mimic Mod","Minty Spire (QoL Compilation)","Permanent Neow","Replay The Spire","Shop Mod","Spicy Shops","StSLib","Stuff the Spire","The Hierophant","The Runesmith","Unceasing Turn Reminder","everything is the same but u backflip on backflip"],"gold_per_floor":[99,114,114,114,52,69,69,169,169,19,47,62,74,74,86,183,183,183,203,218,218,229,260,285,90,105,139,156,26,26,26,41,143,143,163,173,193,204,204,44,44,44,430,449,449,479,503,528,551,557],"floor_reached":51,"language":"ENG","playtime":4448,"items_purged":["Overencumbered"],"score":896,"play_id":"4451c8ea-0489-4078-80d6-8cf6fe17cdcd","local_time":"20210114025502","is_ascension_mode":false,"campfire_choices":[{"floor":1,"key":"RECALL"},{"data":"StuffTheSpire:Innocence","floor":10,"key":"SMITH"},{"data":"Slimebound:MassFeed","floor":18,"key":"SMITH"},{"data":"Crow Ritual","floor":30,"key":"SMITH"},{"data":"Slimebound:SelfFormingGoo","floor":45,"key":"SMITH"}],"circlet_count":0,"master_deck":["Slimebound:Strike_Slimebound","Slimebound:Strike_Slimebound","Slimebound:Strike_Slimebound","Slimebound:Tackle","Slimebound:Defend_Slimebound+1","Slimebound:Defend_Slimebound","Slimebound:Defend_Slimebound","Slimebound:Defend_Slimebound+1","Slimebound:Split+1","Slimebound:CorrosiveSpit","Slimebound:SplitAcid+1","StuffTheSpire:Innocence+1","Slimebound:SplitLeeching+1","Slimebound:SlimeTap","Slimebound:TagTeam","Slimebound:SplitMire","Slimebound:ProtectTheBoss+1","Crow Ritual+1","Slimebound:LeechLife","Slimebound:GrowthPunch+1","Slimebound:LevelUp","RitualDagger","Slimebound:Recollect","Slimebound:SelfFormingGoo+1","Slimebound:GoopSpray+1","Slimebound:Darklings","Slimebound:Replication","Replay:Hysterical Blindness","conspire:NecroticWound","Slimebound:MassFeed+1","Slimebound:SplitSpecialist+1","Slimebound:RainOfGoop","Spreading Infection","Slimebound:LivingWall+1"],"relics":["Slimebound:AbsorbEndCombat","downfall:HeartBlessingRed","downfall:HeartBlessingBlue","aspiration:HatOfInfinitePower","Gambling Chip","Replay:Bronze Core","StuffTheSpire:Nightcore","War Paint","Replay:Bottled Flurry","Slimebound:TarBlob","downfall:HeartBlessingGreen","ReplayTheSpireMod:Ring of Collecting","Ring of Fury","Thread and Needle","Ring of Peace","CCEMRelics:SpiritsEdge","StuffTheSpire:Expresso","Ring of Greed","Old Coin","Replay:Bandana","StuffTheSpire:Mouthbags"],"acts_visited":["Exordium","TheCity","TheBeyond"],"potions_floor_usage":[27,27,33,33,43,50],"damage_taken":[{"damage":8,"enemies":"Small Slimes","floor":2,"turns":4},{"damage":13,"enemies":"downfall:FleeingMerchant","floor":5,"turns":4},{"damage":1,"enemies":"2 Louse","floor":6,"turns":2},{"damage":24,"enemies":"3 Sentries","floor":11,"turns":5},{"damage":4,"enemies":"conspire:RoseBush","floor":12,"turns":2},{"damage":13,"enemies":"Exordium Thugs","floor":13,"turns":3},{"damage":2,"enemies":"Exordium Wildlife","floor":15,"turns":2},{"damage":31,"enemies":"downfall:Watcher","floor":16,"turns":9},{"damage":19,"enemies":"Spheric Guardian","floor":19,"turns":4},{"damage":42,"enemies":"Chosen and Byrds","floor":20,"turns":6},{"damage":17,"enemies":"Centurion and Healer","floor":22,"turns":5},{"damage":14,"enemies":"Slavers","floor":23,"turns":5},{"damage":24,"enemies":"downfall:FleeingMerchant","floor":25,"turns":4},{"damage":32,"enemies":"Snecko","floor":26,"turns":6},{"damage":47,"enemies":"Book of Stabbing","floor":27,"turns":6},{"damage":20,"enemies":"Cultist and Chosen","floor":28,"turns":4},{"damage":20,"enemies":"downfall:FleeingMerchant","floor":29,"turns":4},{"damage":11,"enemies":"Centurion and Healer","floor":32,"turns":4},{"damage":31,"enemies":"downfall:Defect","floor":33,"turns":7},{"damage":29,"enemies":"3 Darklings","floor":36,"turns":3},{"damage":13,"enemies":"3 Shapes","floor":37,"turns":2},{"damage":35,"enemies":"Jaw Worm Horde","floor":38,"turns":2},{"damage":31,"enemies":"downfall:FleeingMerchant","floor":40,"turns":4},{"damage":50,"enemies":"Spire Growth","floor":43,"turns":9},{"damage":18,"enemies":"Spire Growth","floor":44,"turns":2},{"damage":44,"enemies":"Nemesis","floor":46,"turns":7},{"damage":6,"enemies":"4 Shapes","floor":47,"turns":2},{"damage":30,"enemies":"Maw","floor":48,"turns":6},{"damage":36,"enemies":"Transient","floor":49,"turns":5},{"damage":72,"enemies":"downfall:Ironclad","floor":50,"turns":11}],"seed_played":"2035949191848375747","potions_obtained":[{"floor":2,"key":"Regen Potion"},{"floor":6,"key":"Guardian:BlockOnCardUsePotion"},{"floor":12,"key":"Reflective Coating"},{"floor":22,"key":"BlessingOfTheForge"},{"floor":32,"key":"champ:CounterPotion"},{"floor":33,"key":"Dexterity Potion"},{"floor":38,"key":"FairyPotion"},{"floor":46,"key":"Elixir"}],"is_trial":false,"path_per_floor":["R","M","?","?","$","M","T","?","?","R","E","M","M","T","M","B",null,"R","M","M","?","M","E","T","$","M","E","M","$","R","?","M","B",null,"R_BF","M","M","M","?","$","T","?","MIM","M","R","E","M","M","M","B",null],"character_chosen":"SLIMEBOUND","items_purchased":["Slimebound:SplitLeeching","Crow Ritual","Slimebound:LevelUp","Thread and Needle"],"campfire_rested":0,"item_purchase_floors":[5,25,29,40],"current_hp_per_floor":[60,60,53,53,56,59,59,59,59,69,65,65,70,70,70,51,70,70,58,57,64,70,70,70,70,67,52,74,74,74,68,78,82,82,82,77,70,59,59,70,70,70,86,86,86,90,106,106,106,110],"gold":557,"neow_bonus":"UPGRADE_CARD","is_daily":false,"chose_seed":false,"campfire_upgraded":4,"win_rate":0.0,"timestamp":1610610902,"path_taken":["R","M","?","?","$","M","T","?","?","R","E","M","?","?","M","BOSS","R","M","M","?","M","E","T","?","M","E","?","$","R","?","M","BOSS","R_BF","M","M","M","?","$","T","?","?","?","R","E","M","M","M","BOSS"],"items_purchased_type":["Card","Card","Card","Relic"],"build_version":"2020-12-22","purchased_purges":1,"victory":true,"max_hp_per_floor":[60,60,60,60,60,60,60,60,60,70,70,70,70,70,70,70,70,70,70,70,70,70,70,70,70,70,70,74,74,74,74,78,82,82,82,82,82,82,82,82,82,82,86,86,86,90,106,106,106,110],"card_choices":[{"not_picked":["Slimebound:FirmFortitude","Slimebound:ServeAndProtect"],"picked":"Slimebound:SplitAcid","floor":2},{"not_picked":["Slimebound:Schlurp","Slimebound:AcidTongue","Slimebound:ComboTackle"],"picked":"SKIP","floor":5},{"not_picked":["Slimebound:GrowthPunch","Slimebound:LeechEnergy"],"picked":"Slimebound:SlimeTap","floor":6},{"not_picked":["Slimebound:FirmFortitude","Slimebound:RejuvenatingLick"],"picked":"Slimebound:TagTeam","floor":11},{"not_picked":["Slimebound:GrowthPunch","Slimebound:ComboTackle","Slimebound:SamplingLick"],"picked":"SKIP","floor":12},{"not_picked":["Slimebound:SplitLeeching","Slimebound:DivideAndConquer","Slimebound:ItLooksTasty"],"picked":"SKIP","floor":13},{"not_picked":["Slimebound:Gluttony","Slimebound:SamplingLick","Slimebound:Chomp"],"picked":"SKIP","floor":15},{"not_picked":["Slimebound:Teamwork","Slimebound:OneTwoCombo"],"picked":"Slimebound:MassFeed","floor":16},{"not_picked":["Slimebound:ComboTackle","Slimebound:GrowthPunch"],"picked":"Slimebound:SplitMire","floor":19},{"not_picked":["Slimebound:Grow+1","Slimebound:GoopTackle","Slimebound:SplitLeeching"],"picked":"SKIP","floor":20},{"not_picked":["Slimebound:GrowthPunch","Slimebound:SplitAcid+1","Slimebound:SamplingLick"],"picked":"SKIP","floor":22},{"not_picked":["Slimebound:FormOfPuddle","Slimebound:SplitLeeching","Slimebound:Schlurp"],"picked":"SKIP","floor":23},{"not_picked":["Slimebound:LeechEnergy+1","Slimebound:SplitAcid"],"picked":"Slimebound:ProtectTheBoss+1","floor":25},{"not_picked":["Slimebound:GrowthPunch","Slimebound:SlimeSpikes","Slimebound:MegaLick+1"],"picked":"SKIP","floor":26},{"not_picked":["Slimebound:GrowthPunch","Slimebound:Dissolve+1"],"picked":"Slimebound:LeechLife","floor":27},{"not_picked":["Slimebound:ComboTackle+1","Slimebound:PressTheAttack"],"picked":"Slimebound:GrowthPunch+1","floor":28},{"not_picked":["Slimebound:PressTheAttack","Slimebound:Replication","Slimebound:ViciousTackle+1"],"picked":"SKIP","floor":29},{"not_picked":["Slimebound:SamplingLick","Slimebound:PressTheAttack"],"picked":"Slimebound:Recollect","floor":32},{"not_picked":["Slimebound:PrepareCrush","Slimebound:Teamwork"],"picked":"Slimebound:SelfFormingGoo","floor":33},{"not_picked":["Slimebound:LeechEnergy+1","Slimebound:PressTheAttack+1","Slimebound:LeechingTouch"],"picked":"SKIP","floor":36},{"not_picked":["Slimebound:Nibble+1","Slimebound:DivideAndConquer+1"],"picked":"Slimebound:GoopSpray+1","floor":37},{"not_picked":["Slimebound:SplitLeeching","Slimebound:GrowthPunch+1","Slimebound:RollThrough"],"picked":"SKIP","floor":38},{"not_picked":["Slimebound:ComboTackle","Slimebound:SplitMire","Slimebound:GrowthPunch+1"],"picked":"SKIP","floor":40},{"not_picked":["Slimebound:CheckThePlaybook","Slimebound:SplitMire"],"picked":"Slimebound:Replication","floor":43},{"not_picked":["Slimebound:Prepare+1","Slimebound:SamplingLick+1","Slimebound:LevelUp"],"picked":"SKIP","floor":44},{"not_picked":["Slimebound:SplitAcid","Slimebound:CheckThePlaybook"],"picked":"Slimebound:SplitSpecialist+1","floor":46},{"not_picked":["Slimebound:SplitSpecialist","Slimebound:ServeAndProtect+1","Slimebound:SamplingLick+1"],"picked":"SKIP","floor":47},{"not_picked":["Slimebound:SamplingLick","Slimebound:ViciousTackle"],"picked":"Slimebound:RainOfGoop","floor":48},{"not_picked":["Slimebound:GoopTackle+1","Slimebound:LevelUp+1"],"picked":"Slimebound:LivingWall+1","floor":49}],"player_experience":242897,"relics_obtained":[{"floor":11,"key":"aspiration:HatOfInfinitePower"},{"floor":14,"key":"Gambling Chip"},{"floor":23,"key":"StuffTheSpire:Nightcore"},{"floor":24,"key":"War Paint"},{"floor":27,"key":"Replay:Bottled Flurry"},{"floor":39,"key":"ReplayTheSpireMod:Ring of Collecting"},{"floor":39,"key":"Ring of Fury"},{"floor":41,"key":"Ring of Peace"},{"floor":41,"key":"CCEMRelics:SpiritsEdge"},{"floor":43,"key":"StuffTheSpire:Expresso"},{"floor":43,"key":"Ring of Greed"},{"floor":43,"key":"Old Coin"},{"floor":43,"key":"Replay:Bandana"},{"floor":46,"key":"StuffTheSpire:Mouthbags"}],"event_choices":[{"damage_healed":0,"gold_gain":0,"player_choice":"Forge","damage_taken":0,"max_hp_gain":0,"max_hp_loss":0,"event_name":"Accursed Blacksmith","floor":9,"gold_loss":0,"cards_upgraded":["Slimebound:SplitLeeching"]}],"is_beta":false,"boss_relics":[{"not_picked":["halation:SmartPhone","StuffTheSpire:Kangaroo"],"picked":"Replay:Bronze Core"},{"not_picked":["aspiration:RitualDagger","CCEMRelics:TransientCore"],"picked":"Slimebound:TarBlob"}],"items_purged_floors":[40],"is_endless":false,"potions_floor_spawned":[2,6,12,16,20,22,26,32,33,38,46,48,49],"ascension_level":0}}