{"host":"njruw0b0uprlitpx","time":1610656627,"event":{"mods":["2.2 Compatiblity","Bartender","BaseMod","Better Altar","Better Match","Better Note","Better Sensory Stone","Better Skull","Better Third Choice","BetterRewards","Block Reminder","Colored Map","Colored Powertips","Energized Spire","Jedi Mod","Keyboard Shortcuts","Minty Spire (QoL Compilation)","Quick Restart","Rare Cards Sparkle","Relic Stats","Replay The Spire","SacredBarkPlus","Spicy Shops","StSLib","SuperFastMode","The Construct","The Dragon Tamer","The Hierophant","The Marked","The Mystic","Wandering Minibosses"],"gold_per_floor":[111,123,13,30,30,63,63,78,102,102,102,149,209,278,278,402,402,450,506,506,43,43,43,148,148,148,234,234,234,335,421,496,561,561,688,688,761,761,866,86,145,145,229,304,304,304,304,382,382,4,4,4],"floor_reached":53,"language":"ENG","playtime":2984,"items_purged":["mysticmod:Strike_Mystic","Pain"],"score":1288,"play_id":"53d8d785-784c-47c4-b8c5-a16291bdc3f9","local_time":"20210114143707","is_ascension_mode":true,"campfire_choices":[{"floor":7.0,"key":"REST"},{"data":"mysticmod:Spellstrike","floor":11.0,"key":"SMITH"},{"floor":15.0,"key":"REST"},{"floor":23.0,"key":"REST"},{"floor":29.0,"key":"REST"},{"floor":34,"key":"REST"},{"data":"mysticmod:Natural20","floor":42,"key":"SMITH"},{"data":"mysticmod:PreparedCaster","floor":51,"key":"SMITH"}],"circlet_count":0,"master_deck":["AscendersBane","mysticmod:Strike_Mystic","mysticmod:Strike_Mystic","mysticmod:Strike_Mystic","mysticmod:Defend_Mystic","mysticmod:Defend_Mystic","mysticmod:Defend_Mystic","mysticmod:Defend_Mystic","mysticmod:ArcaneDodge","mysticmod:ShockingGrasp","mysticmod:LightningBolt","mysticmod:PowerSlash","mysticmod:HeavyStrike+1","mysticmod:Flurry","mysticmod:Snowball","mysticmod:Fly","mysticmod:Spellstrike+1","mysticmod:Riposte","mysticmod:EbbAndFlow","mysticmod:Haste","mysticmod:MagicWeapon+1","mysticmod:Momentum","mysticmod:BladedDash","mysticmod:ComponentsPouch","Bullet Time","mysticmod:GeminiForm","Pain","mysticmod:MagicWeapon+1","mysticmod:Flourish","mysticmod:Grease","mysticmod:PureInstinct+1","mysticmod:MirrorEntity","mysticmod:Sideswipe+1","mysticmod:VorpalThrust","mysticmod:IllusionOfCalm","mysticmod:Natural20+1","mysticmod:ComponentsPouch+1","mysticmod:Flourish","mysticmod:Daze","mysticmod:SpellCombat+1","mysticmod:DiviningBlow","mysticmod:DiviningBlow+1","mysticmod:GreaterInvisibility","mysticmod:Daze","mysticmod:PreparedCaster+1","mysticmod:Riposte"],"relics":["mysticmod:SpellBook","Shuriken","Dream Catcher","Replay:Bandana","Tiny Chest","jedi:paperlyon","Mummified Hand","WarpedTongs","Boot","Cleaning_Rag","Replay:Bottled Snecko","Honey Jar","Replay:Multitool","Du-Vu Doll","Lee\u0027s Waffle","Ancient Tea Set","War Paint","Regal Pillow","Simple Rune","HornCleat","jedi:ominousloannote","Dead Branch","Bag of Preparation","Quantum Egg","Toolbox"],"acts_visited":["Exordium","TheCity","TheBeyond"],"potions_floor_usage":[35,35,37],"damage_taken":[{"damage":0.0,"enemies":"2 Louse","floor":1.0,"turns":2.0},{"damage":1.0,"enemies":"Cultist","floor":2.0,"turns":3.0},{"damage":4.0,"enemies":"Jaw Worm","floor":4.0,"turns":4.0},{"damage":30.0,"enemies":"3 Sentries","floor":6.0,"turns":7.0},{"damage":8.0,"enemies":"Lots of Slimes","floor":8.0,"turns":3.0},{"damage":2.0,"enemies":"Looter","floor":12.0,"turns":3.0},{"damage":1.0,"enemies":"Exordium Wildlife","floor":13.0,"turns":3.0},{"damage":0.0,"enemies":"Gremlin Nob","floor":14.0,"turns":2.0},{"damage":35.0,"enemies":"Hexaghost","floor":16.0,"turns":8.0},{"damage":9.0,"enemies":"Chosen","floor":18.0,"turns":4.0},{"damage":26.0,"enemies":"3 Byrds","floor":19.0,"turns":5.0},{"damage":20.0,"enemies":"Gremlin Leader","floor":24.0,"turns":6.0},{"damage":21.0,"enemies":"3 Cultists","floor":27.0,"turns":4.0},{"damage":17.0,"enemies":"Slavers","floor":30.0,"turns":5.0},{"damage":33,"enemies":"Centurion and Healer","floor":31,"turns":5},{"damage":4,"enemies":"Snake Plant","floor":32,"turns":3},{"damage":3,"enemies":"Snecko","floor":33,"turns":3},{"damage":10,"enemies":"Champ","floor":35,"turns":7},{"damage":19,"enemies":"3 Darklings","floor":37,"turns":3},{"damage":31,"enemies":"Mind Bloom Boss Battle","floor":39,"turns":4},{"damage":8,"enemies":"Orb Walker","floor":41,"turns":2},{"damage":0,"enemies":"Transient","floor":43,"turns":5},{"damage":18,"enemies":"3 Darklings","floor":44,"turns":3},{"damage":0,"enemies":"Sphere and 2 Shapes","floor":48,"turns":3},{"damage":19,"enemies":"Awakened One","floor":52,"turns":5}],"seed_played":"-491317464865618865","potions_obtained":[{"floor":4.0,"key":"CultistPotion"},{"floor":13.0,"key":"Strength Potion"},{"floor":16.0,"key":"jedi:StrikingPotion"},{"floor":18.0,"key":"PowerPotion"},{"floor":27.0,"key":"Energy Potion"},{"floor":32,"key":"PowerPotion"},{"floor":35,"key":"Fire Potion"},{"floor":41,"key":"BlessingOfTheForge"}],"is_trial":false,"path_per_floor":["M","M","$","M","$","E","R","M","T","?","R","M","M","E","R","B",null,"M","M","?","$","?","R","E","PTL","PTL","M","T","R","E","M","M","M","R","B",null,"M","T","?","$","M","R","M","M","T","R","?","M","T","$","R","B",null],"character_chosen":"MYSTIC_CLASS","items_purchased":["mysticmod:HeavyStrike","Shuriken","mysticmod:GeminiForm","Mummified Hand","SkillPotion","Lee\u0027s Waffle","mysticmod:Daze","Ancient Tea Set","War Paint","PowerPotion","FearPotion","Regal Pillow","jedi:ominousloannote","Dead Branch","Bag of Preparation","Quantum Egg","mysticmod:PreparedCaster","Toolbox","mysticmod:Riposte"],"campfire_rested":5,"item_purchase_floors":[3,5,21,21,21,40,40,40,40,40,40,40,50,50,50,50,50,50,50],"current_hp_per_floor":[76,75,75,71,71,41,66,58,58,50,50,48,47,47,72,37,72,63,37,37,37,37,62,42,42,42,21,21,46,29,26,22,19,44,34,72,53,53,22,91,83,83,83,65,65,91,91,91,91,91,91,72],"gold":4,"neow_bonus":"TEN_PERCENT_HP_BONUS","is_daily":false,"chose_seed":false,"campfire_upgraded":3,"win_rate":0.0,"timestamp":1610656627,"path_taken":["M","M","$","M","$","E","R","M","T","?","R","M","M","E","R","BOSS","M","M","?","$","?","R","E","PTL","PTL","M","T","R","E","M","?","M","R","BOSS","M","?","?","$","?","R","M","M","T","R","?","M","?","$","R","BOSS"],"items_purchased_type":["Card","Relic","Card","Relic","Potion","Relic","Card","Relic","Relic","Potion","Potion","Relic","Relic","Relic","Relic","Relic","Card","Relic","Card"],"build_version":"2020-12-22","purchased_purges":2,"victory":true,"max_hp_per_floor":[84,84,84,84,84,84,84,84,84,84,84,84,84,84,84,84,84,84,84,84,84,84,84,84,84,84,84,84,84,84,84,84,84,84,84,84,84,84,84,91,91,91,91,91,91,91,91,91,91,91,91,91],"relic_stats":{"Lee\u0027s Waffle":69,"Regal Pillow":0,"counters":[64,287],"Dead Branch":[9],"Bag of Preparation":[2],"War Paint":["mysticmod:MagicWeapon","mysticmod:PureInstinct"],"Boot":[37],"WarpedTongs":[58],"Dream Catcher":6,"Shuriken":[49],"Mummified Hand":[33],"Tiny Chest":2,"obtain_stats":[{"Calipers":47,"Gremlin Horn":22,"Ginger":41,"Boot":24,"Sozu":0,"HornCleat":49,"jedi:paperlyon":17,"Honey Jar":36,"Philosopher\u0027s Stone":17,"Kunai":26,"ReplayTheSpireMod:CursedCoin":3,"Dead Branch":50,"HollowMod:JonisBlessing":12,"Oddly Smooth Stone":2,"Velvet Choker":17,"Pen Nib":25,"War Paint":40,"WarpedTongs":22,"Du-Vu Doll":39,"Shuriken":5,"Bronze Scales":40,"Simple Rune":45,"ReplayTheSpireMod:TigerMarble":47,"ReplayTheSpireMod:DimensionalGlitch":0,"Mirror":8,"Regal Pillow":40,"Mango":39,"mysticmod:SpellBook":0,"Juzu Bracelet":43,"Replay:Multitool":38,"Bag of Preparation":50,"Mythril_Glove":23,"jedi:archwizardhat":8,"Ancient Tea Set":7,"Replay:Rubber Ducky":39,"ClockworkSouvenir":47,"Cleaning_Rag":28,"Nunchaku":39,"Dream Catcher":6,"Replay:Bandana":9,"Mummified Hand":21,"Toolbox":50,"Tiny Chest":14,"astrologer:SkyMirror":0,"Replay:Bottled Snecko":30,"Lee\u0027s Waffle":40,"Golden Idol":2,"Quantum Egg":50,"Thread and Needle":6,"Omamori":14,"Replay:Arrowhead":30,"Busted Crown":34,"jedi:ominousloannote":3,"Ornamental Fan":45,"Art of War":9,"Bag of Marbles":28,"Membership Card":39},{"Calipers":36,"Gremlin Horn":9,"Ginger":34,"Boot":51,"Sozu":21,"HornCleat":63,"jedi:paperlyon":48,"Honey Jar":57,"Philosopher\u0027s Stone":8,"Kunai":12,"ReplayTheSpireMod:CursedCoin":1,"Dead Branch":63,"HollowMod:JonisBlessing":6,"Oddly Smooth Stone":22,"Velvet Choker":28,"Pen Nib":12,"War Paint":59,"WarpedTongs":50,"Du-Vu Doll":59,"Shuriken":42,"Bronze Scales":33,"Simple Rune":62,"ReplayTheSpireMod:TigerMarble":36,"ReplayTheSpireMod:DimensionalGlitch":21,"Mirror":24,"Regal Pillow":59,"Mango":32,"mysticmod:SpellBook":0,"Juzu Bracelet":35,"Replay:Multitool":58,"Bag of Preparation":63,"Mythril_Glove":10,"jedi:archwizardhat":4,"Ancient Tea Set":23,"Replay:Rubber Ducky":32,"ClockworkSouvenir":36,"Cleaning_Rag":52,"Nunchaku":20,"Dream Catcher":43,"Replay:Bandana":44,"Mummified Hand":50,"Toolbox":63,"Tiny Chest":47,"astrologer:SkyMirror":0,"Replay:Bottled Snecko":53,"Lee\u0027s Waffle":59,"Golden Idol":1,"Quantum Egg":63,"Thread and Needle":3,"Omamori":27,"Replay:Arrowhead":15,"Busted Crown":17,"jedi:ominousloannote":1,"Ornamental Fan":35,"Art of War":4,"Bag of Marbles":14,"Membership Card":32},{"Calipers":174,"Gremlin Horn":36,"Ginger":170,"Boot":235,"Sozu":105,"HornCleat":282,"jedi:paperlyon":220,"Honey Jar":262,"Philosopher\u0027s Stone":32,"Kunai":53,"ReplayTheSpireMod:CursedCoin":4,"Dead Branch":282,"HollowMod:JonisBlessing":21,"Oddly Smooth Stone":109,"Velvet Choker":142,"Pen Nib":53,"War Paint":269,"WarpedTongs":229,"Du-Vu Doll":269,"Shuriken":194,"Bronze Scales":165,"Simple Rune":279,"ReplayTheSpireMod:TigerMarble":174,"ReplayTheSpireMod:DimensionalGlitch":105,"Mirror":121,"Regal Pillow":269,"Mango":162,"mysticmod:SpellBook":0,"Juzu Bracelet":173,"Replay:Multitool":265,"Bag of Preparation":282,"Mythril_Glove":41,"jedi:archwizardhat":16,"Ancient Tea Set":113,"Replay:Rubber Ducky":162,"ClockworkSouvenir":174,"Cleaning_Rag":239,"Nunchaku":101,"Dream Catcher":201,"Replay:Bandana":204,"Mummified Hand":229,"Toolbox":282,"Tiny Chest":212,"astrologer:SkyMirror":0,"Replay:Bottled Snecko":244,"Lee\u0027s Waffle":269,"Golden Idol":4,"Quantum Egg":282,"Thread and Needle":12,"Omamori":130,"Replay:Arrowhead":69,"Busted Crown":88,"jedi:ominousloannote":4,"Ornamental Fan":173,"Art of War":16,"Bag of Marbles":65,"Membership Card":162}]},"card_choices":[{"not_picked":["mysticmod:RapidCaster","mysticmod:ChargedParry"],"picked":"mysticmod:LightningBolt","floor":1.0},{"not_picked":["mysticmod:Alacrity","mysticmod:FloatingDisk"],"picked":"mysticmod:PowerSlash","floor":2.0},{"not_picked":["mysticmod:SuddenClarity","mysticmod:ComponentsPouch"],"picked":"mysticmod:Flurry","floor":4.0},{"not_picked":["mysticmod:Sideswipe","mysticmod:TomeOfSpells"],"picked":"mysticmod:Snowball","floor":6.0},{"not_picked":["mysticmod:BladedDash","mysticmod:Feint"],"picked":"mysticmod:Fly","floor":7.0},{"not_picked":["mysticmod:HeavyStrike","mysticmod:KeenEdge"],"picked":"mysticmod:Spellstrike","floor":8.0},{"not_picked":["mysticmod:PowerSlash","mysticmod:BladeMaster"],"picked":"mysticmod:Riposte","floor":12.0},{"not_picked":["mysticmod:Snowball","mysticmod:FiveFootStep"],"picked":"mysticmod:EbbAndFlow","floor":13.0},{"not_picked":["mysticmod:TomeOfSpells","mysticmod:BulkUp"],"picked":"mysticmod:Haste","floor":14.0},{"not_picked":["mysticmod:Flurry","mysticmod:Daze"],"picked":"mysticmod:MagicWeapon","floor":15.0},{"not_picked":["mysticmod:Natural20","mysticmod:Lunge"],"picked":"mysticmod:Momentum","floor":16.0},{"not_picked":["mysticmod:PowerSlash","mysticmod:Disengage"],"picked":"mysticmod:BladedDash","floor":18.0},{"not_picked":["mysticmod:Shield+1","mysticmod:Momentum"],"picked":"mysticmod:ComponentsPouch","floor":19.0},{"not_picked":["mysticmod:Dedication","mysticmod:ComboCaster"],"picked":"mysticmod:MagicWeapon+1","floor":23.0},{"not_picked":["mysticmod:SpontaneousCaster","mysticmod:Sideswipe"],"picked":"mysticmod:Flourish","floor":24.0},{"not_picked":["mysticmod:RapidCaster+1","mysticmod:Snowball"],"picked":"mysticmod:Grease","floor":27.0},{"not_picked":["mysticmod:Fly","mysticmod:Fireball"],"picked":"mysticmod:PureInstinct","floor":29.0},{"not_picked":["mysticmod:ChargedParry","mysticmod:CorrosiveTouch"],"picked":"mysticmod:MirrorEntity","floor":30.0},{"not_picked":["mysticmod:LightningBolt","mysticmod:PunishingArmor"],"picked":"mysticmod:Sideswipe+1","floor":31},{"not_picked":["mysticmod:Shield+1","mysticmod:PowerAttack"],"picked":"mysticmod:VorpalThrust","floor":32},{"not_picked":["mysticmod:Shield","mysticmod:BulkUp"],"picked":"mysticmod:IllusionOfCalm","floor":33},{"not_picked":["mysticmod:Spellstrike","mysticmod:Lunge"],"picked":"mysticmod:Natural20","floor":35},{"not_picked":["mysticmod:CorrosiveTouch","mysticmod:Probe","mysticmod:PowerSlash"],"picked":"mysticmod:ComponentsPouch+1","floor":37},{"not_picked":["mysticmod:BulkUp","mysticmod:ChargedParry","mysticmod:Disengage+1"],"picked":"mysticmod:Flourish","floor":39},{"not_picked":["mysticmod:Disengage","mysticmod:BulkUp+1","mysticmod:Flourish+1"],"picked":"mysticmod:SpellCombat+1","floor":41},{"not_picked":["mysticmod:EnergizedRift","mysticmod:RapidCaster","mysticmod:TomeOfSpells+1"],"picked":"mysticmod:DiviningBlow","floor":43},{"not_picked":["mysticmod:Alacrity","mysticmod:CorrosiveTouch","mysticmod:ComponentsPouch+1"],"picked":"mysticmod:DiviningBlow+1","floor":44},{"not_picked":["mysticmod:PowerAttack","mysticmod:RapidCaster","mysticmod:PreparedCaster"],"picked":"mysticmod:GreaterInvisibility","floor":46},{"not_picked":["mysticmod:Shield+1","mysticmod:Alacrity+1","mysticmod:MightyMagic+1"],"picked":"mysticmod:Daze","floor":48}],"player_experience":1477182,"relics_obtained":[{"floor":6.0,"key":"Dream Catcher"},{"floor":9.0,"key":"Replay:Bandana"},{"floor":14.0,"key":"Tiny Chest"},{"floor":24.0,"key":"Boot"},{"floor":28.0,"key":"Cleaning_Rag"},{"floor":30.0,"key":"Replay:Bottled Snecko"},{"floor":38,"key":"Replay:Multitool"},{"floor":39,"key":"Du-Vu Doll"},{"floor":45,"key":"Simple Rune"},{"floor":49,"key":"HornCleat"}],"event_choices":[{"damage_healed":0.0,"max_hp_gain":0.0,"max_hp_loss":0.0,"gold_gain":0.0,"event_name":"Wheel of Change","player_choice":"Damaged","floor":10.0,"gold_loss":0.0,"damage_taken":8.0},{"cards_removed":["mysticmod:MagicWeapon"],"damage_healed":0.0,"max_hp_gain":0.0,"max_hp_loss":0.0,"gold_gain":0.0,"event_name":"betterNote:BetterNote","player_choice":"Take \u0026 Give","floor":20.0,"gold_loss":0.0,"damage_taken":0.0,"cards_obtained":["Bullet Time"]},{"damage_healed":0.0,"max_hp_gain":0.0,"max_hp_loss":0.0,"gold_gain":0.0,"event_name":"Accursed Blacksmith","player_choice":"Rummage","floor":22.0,"gold_loss":0.0,"damage_taken":0.0,"relics_obtained":["WarpedTongs"],"cards_obtained":["Pain"]},{"damage_healed":0,"gold_gain":0,"player_choice":"Fight","damage_taken":0,"max_hp_gain":0,"max_hp_loss":0,"event_name":"MindBloom","floor":39,"gold_loss":0},{"damage_healed":0,"gold_gain":0,"player_choice":"Ignored","damage_taken":0,"max_hp_gain":0,"max_hp_loss":0,"event_name":"Mysterious Sphere","floor":47,"gold_loss":0}],"is_beta":false,"boss_relics":[{"not_picked":["SlaversCollar","energizedSpire:OgreHead"],"picked":"jedi:paperlyon"},{"not_picked":["jedi:hotpepper","Silver_Glasses"],"picked":"Honey Jar"}],"items_purged_floors":[3,40],"is_endless":false,"potions_floor_spawned":[4,13,16,18,27,32,35,41],"ascension_level":11}}