{"host":"3a1ypf1irl30q4k8","time":1610665157,"event":{"mods":["AchievementEnabler","BaseMod","Bestiary","Colored Map","Minty Spire (QoL Compilation)","Relic Stats"],"gold_per_floor":[112,129,79,90,90,122,122,122,122,155,55,55,70,98,98,200,200,210,210,309,309,135,135,160,160,160,172,47,82,82,82,82,177,177,192,192,192,15,32,62,62,88,115,0,0,0,0,19,19,19,19],"floor_reached":50,"language":"ENG","playtime":2311,"items_purged":["Strike_P","Strike_P","Strike_P","Eruption"],"score":683,"play_id":"1198719d-bb6f-434a-aa3b-e14c66e90290","local_time":"20210114225917","is_ascension_mode":true,"campfire_choices":[{"data":"SignatureMove","floor":7,"key":"SMITH"},{"data":"CutThroughFate","floor":12,"key":"SMITH"},{"data":"FollowUp","floor":15,"key":"SMITH"},{"data":"Judgement","floor":23,"key":"SMITH"},{"floor":32,"key":"REST"},{"floor":41,"key":"REST"},{"floor":46,"key":"RECALL"},{"floor":49,"key":"REST"}],"circlet_count":0,"master_deck":["Defend_P","Defend_P","Vigilance","SignatureMove+1","CutThroughFate+1","PathToVictory","Sanctity","Crescendo","PathToVictory","EmptyBody","FollowUp+1","Judgement+1","Evaluate","Study+1","Wish","CutThroughFate","Brilliance","Wallop+1","Swift Strike","Halt","CutThroughFate+1","ThirdEye+1","ClearTheMind+1"],"relics":["SlaversCollar","Juzu Bracelet","Bag of Marbles","InkBottle","Darkstone Periapt","Frozen Egg 2","Busted Crown","Yang","Bottled Tornado","Blood Vial","Mummified Hand","Meat on the Bone","Empty Cage","Matryoshka","TeardropLocket","Pear","Red Mask"],"acts_visited":["Exordium","TheCity","TheBeyond"],"potions_floor_usage":[6,16,18,18,40,40,48,50],"damage_taken":[{"damage":12,"enemies":"Jaw Worm","floor":1,"turns":5},{"damage":2,"enemies":"Cultist","floor":2,"turns":4},{"damage":0,"enemies":"2 Louse","floor":4,"turns":2},{"damage":9,"enemies":"3 Sentries","floor":6,"turns":8},{"damage":17,"enemies":"Lagavulin","floor":10,"turns":4},{"damage":11,"enemies":"Looter","floor":13,"turns":2},{"damage":2,"enemies":"3 Sentries","floor":14,"turns":3},{"damage":21,"enemies":"Hexaghost","floor":16,"turns":5},{"damage":0,"enemies":"3 Byrds","floor":18,"turns":2},{"damage":13,"enemies":"Slavers","floor":24,"turns":4},{"damage":16,"enemies":"2 Thieves","floor":27,"turns":3},{"damage":0,"enemies":"Book of Stabbing","floor":29,"turns":4},{"damage":9,"enemies":"Collector","floor":33,"turns":6},{"damage":8,"enemies":"3 Shapes","floor":35,"turns":2},{"damage":0,"enemies":"Orb Walker","floor":39,"turns":1},{"damage":30,"enemies":"Reptomancer","floor":40,"turns":4},{"damage":14,"enemies":"Giant Head","floor":42,"turns":7},{"damage":6,"enemies":"Spire Growth","floor":48,"turns":3},{"damage":81,"enemies":"Time Eater","floor":50,"turns":10}],"seed_played":"-4723827041161039001","potions_obtained":[{"floor":1,"key":"StancePotion"},{"floor":2,"key":"BlessingOfTheForge"},{"floor":14,"key":"SteroidPotion"},{"floor":16,"key":"Explosive Potion"},{"floor":18,"key":"Ancient Potion"},{"floor":24,"key":"FearPotion"},{"floor":39,"key":"Fire Potion"},{"floor":42,"key":"EssenceOfSteel"},{"floor":48,"key":"Dexterity Potion"}],"is_trial":false,"path_per_floor":["M","M","?","M","T","E","R","?","T","E","$","R","M","E","R","B",null,"M","?","?","?","$","R","E","T","T","M","$","E","?","?","R","B",null,"M","?","?","$","M","E","R","E","T","?","?","R","?","M","R","B"],"character_chosen":"WATCHER","items_purchased":["PathToVictory","Study+1","Halt"],"campfire_rested":3,"item_purchase_floors":[11,22,38],"current_hp_per_floor":[60,58,58,58,58,49,49,67,67,50,50,50,39,37,37,16,72,72,72,72,78,78,78,65,65,65,51,51,53,53,53,76,69,75,67,67,67,67,69,41,63,51,61,61,61,61,61,57,81,0,0],"gold":19,"neow_bonus":"BOSS_RELIC","is_daily":false,"chose_seed":false,"campfire_upgraded":4,"win_rate":0.0,"timestamp":1610665157,"path_taken":["M","M","?","M","?","E","R","?","T","E","$","R","M","E","R","BOSS","M","?","?","?","$","R","E","?","T","M","?","E","?","?","R","BOSS","M","?","?","$","M","E","R","E","T","?","?","R","?","M","R","BOSS"],"items_purchased_type":["Card","Card","Card"],"build_version":"2020-12-22","purchased_purges":4,"victory":false,"max_hp_per_floor":[72,72,72,72,72,72,72,72,72,72,72,72,72,72,72,72,72,72,72,72,78,78,78,78,78,78,78,78,78,78,78,78,78,75,75,75,75,75,75,75,75,75,85,85,85,85,81,81,81,81,81],"relic_stats":{"Darkstone Periapt":6,"Blood Vial":14,"Busted Crown":22,"counters":[19,79],"Mummified Hand":[11],"Yang":[89],"Juzu Bracelet":3,"obtain_stats":[{"Darkstone Periapt":10,"Pear":43,"Yang":21,"Juzu Bracelet":5,"TeardropLocket":42,"Frozen Egg 2":14,"Bottled Tornado":24,"Empty Cage":34,"Blood Vial":25,"SlaversCollar":0,"Busted Crown":17,"Matryoshka":40,"Mummified Hand":26,"Bag of Marbles":6,"Red Mask":44,"PureWater":0,"InkBottle":9,"Meat on the Bone":29},{"Darkstone Periapt":5,"Pear":17,"Yang":9,"Juzu Bracelet":3,"TeardropLocket":17,"Frozen Egg 2":7,"Bottled Tornado":10,"Empty Cage":13,"Blood Vial":10,"SlaversCollar":0,"Busted Crown":8,"Matryoshka":16,"Mummified Hand":10,"Bag of Marbles":4,"Red Mask":17,"PureWater":0,"InkBottle":4,"Meat on the Bone":12},{"Darkstone Periapt":23,"Pear":66,"Yang":35,"Juzu Bracelet":11,"TeardropLocket":66,"Frozen Egg 2":28,"Bottled Tornado":39,"Empty Cage":52,"Blood Vial":39,"SlaversCollar":0,"Busted Crown":33,"Matryoshka":59,"Mummified Hand":39,"Bag of Marbles":19,"Red Mask":66,"PureWater":0,"InkBottle":19,"Meat on the Bone":46}],"InkBottle":[26],"Meat on the Bone":0},"card_choices":[{"not_picked":["FlurryOfBlows","Consecrate"],"picked":"SignatureMove","floor":1},{"not_picked":["FlyingSleeves","JustLucky"],"picked":"CutThroughFate","floor":2},{"not_picked":["Wireheading","SandsOfTime"],"picked":"PathToVictory","floor":4},{"not_picked":["Consecrate","Vengeance"],"picked":"Sanctity","floor":6},{"not_picked":["Conclude","CarveReality"],"picked":"Crescendo","floor":10},{"not_picked":["JustLucky","SashWhip"],"picked":"EmptyBody","floor":13},{"not_picked":["WheelKick","CarveReality"],"picked":"FollowUp","floor":14},{"not_picked":["ConjureBlade","Alpha"],"picked":"Judgement","floor":16},{"not_picked":["WaveOfTheHand+1"],"picked":"SKIP","floor":18},{"not_picked":[],"picked":"Wish","floor":24},{"not_picked":["PathToVictory"],"picked":"SKIP","floor":27},{"not_picked":["SashWhip"],"picked":"SKIP","floor":29},{"not_picked":[],"picked":"Wallop","floor":35},{"not_picked":[],"picked":"Swift Strike","floor":37},{"not_picked":[],"picked":"CutThroughFate+1","floor":39},{"not_picked":[],"picked":"ThirdEye+1","floor":40},{"not_picked":["Collect"],"picked":"SKIP","floor":42},{"not_picked":[],"picked":"ClearTheMind+1","floor":48}],"player_experience":1067246,"relics_obtained":[{"floor":5,"key":"Juzu Bracelet"},{"floor":6,"key":"Bag of Marbles"},{"floor":9,"key":"InkBottle"},{"floor":10,"key":"Darkstone Periapt"},{"floor":14,"key":"Frozen Egg 2"},{"floor":24,"key":"Bottled Tornado"},{"floor":25,"key":"Blood Vial"},{"floor":26,"key":"Mummified Hand"},{"floor":29,"key":"Meat on the Bone"},{"floor":40,"key":"Matryoshka"},{"floor":42,"key":"TeardropLocket"},{"floor":43,"key":"Pear"}],"event_choices":[{"cards_removed":["Strike_P"],"damage_healed":0,"gold_gain":0,"player_choice":"Card Removal","damage_taken":0,"max_hp_gain":0,"max_hp_loss":0,"event_name":"The Cleric","floor":3,"gold_loss":50},{"damage_healed":18,"gold_gain":0,"player_choice":"Healed and dodged fight","damage_taken":0,"max_hp_gain":0,"max_hp_loss":0,"event_name":"Mushrooms","floor":8,"gold_loss":0,"cards_obtained":["Parasite"]},{"damage_healed":0,"gold_gain":0,"player_choice":"Read","damage_taken":0,"max_hp_gain":0,"max_hp_loss":0,"event_name":"The Library","floor":19,"gold_loss":0,"cards_obtained":["Evaluate"]},{"damage_healed":0,"gold_gain":99,"player_choice":"Stole From Cult","damage_taken":0,"max_hp_gain":0,"max_hp_loss":0,"event_name":"Nest","floor":20,"gold_loss":0},{"damage_healed":0,"gold_gain":0,"player_choice":"Opened","damage_taken":0,"relics_obtained":["Yang"],"max_hp_gain":0,"max_hp_loss":0,"event_name":"The Mausoleum","floor":21,"gold_loss":0,"cards_obtained":["Writhe"]},{"damage_healed":0,"gold_gain":0,"player_choice":"Ignored","damage_taken":0,"max_hp_gain":0,"max_hp_loss":0,"event_name":"Vampires","floor":30,"gold_loss":0},{"damage_healed":0,"gold_gain":0,"cards_transformed":["Defend_P","Defend_P"],"player_choice":"Became Test Subject","damage_taken":0,"max_hp_gain":0,"max_hp_loss":0,"event_name":"Drug Dealer","floor":31,"gold_loss":0,"cards_obtained":["CutThroughFate","Brilliance"]},{"damage_healed":0,"gold_gain":0,"player_choice":"Ignored","damage_taken":0,"max_hp_gain":0,"max_hp_loss":0,"event_name":"Mysterious Sphere","floor":36,"gold_loss":0},{"damage_healed":0,"gold_gain":0,"player_choice":"Memory 1","damage_taken":0,"max_hp_gain":0,"max_hp_loss":0,"event_name":"SensoryStone","floor":37,"gold_loss":0},{"damage_healed":0,"gold_gain":0,"player_choice":"Paid","damage_taken":0,"relics_obtained":["Red Mask"],"max_hp_gain":0,"max_hp_loss":0,"event_name":"Tomb of Lord Red Mask","floor":44,"gold_loss":115},{"damage_healed":0,"gold_gain":0,"player_choice":"Forge","damage_taken":0,"max_hp_gain":0,"max_hp_loss":0,"event_name":"Accursed Blacksmith","floor":45,"gold_loss":0,"cards_upgraded":["Wallop"]},{"damage_healed":0,"gold_gain":0,"player_choice":"Max HP","damage_taken":0,"max_hp_gain":0,"max_hp_loss":4,"event_name":"Winding Halls","floor":47,"gold_loss":0}],"is_beta":false,"boss_relics":[{"not_picked":["Snecko Eye","Runic Dome"],"picked":"Busted Crown"},{"not_picked":["Black Star","Coffee Dripper"],"picked":"Empty Cage"}],"items_purged_floors":[11,22,28,38],"is_endless":false,"potions_floor_spawned":[1,2,14,16,18,24,39,42,48],"killed_by":"Time Eater","ascension_level":2}}