{"host":"amnup8uv961nil3y","time":1610591559,"event":{"mods":["Act Like it!","Aspiration","BaseMod","Bestiary","Better Altar","Better Match","Better Sensory Stone","Better Synergies","Better Third Choice","Block Reminder","Challenge The Spire","Colored Map","Colored Powertips","Colorless Booster Pack","Conspire","DeckTracker","Disable Question Mark Monsters","Elementarium","Energized Spire","Evolution","GifTheSpireLib","Halation","HexUI Lib","Highlight Path","Hubris","Infinite Spire","Lotus Mark","Menagerie","Minty Spire (QoL Compilation)","Pale of the Ancients","Potion Indicator Mod","Quarter Circle Forward PUNCH!","Relic Stats","Replay The Spire","Reworked Bosses","Shop Mod","Small Relic Pack","Spicy Shops","Spikes Relics","StSLib","Stuff the Spire","Swap Starting Deck Mod","Trackpad","Useless Jewels Mod","Wandering Minibosses","vexMod"],"gold_per_floor":[119,139,139,155,171,196,196,471,471,497,511,511,521,521,521,625,625,640,640,640,640,654,654,686,161,211,239,239,252,265,300,300,404,404,420,440,455,455,467,467,501,518,518,568,578,604,617,645,645,645],"floor_reached":51,"language":"ENG","playtime":5859,"items_purged":["Regret"],"score":1353,"play_id":"b3fa6e29-12a7-46a9-b9bd-777e981eda3d","local_time":"20210114023239","is_ascension_mode":true,"campfire_choices":[{"data":"Eruption","floor":7.0,"key":"SMITH"},{"floor":12.0,"key":"REST"},{"floor":15.0,"key":"REST"},{"floor":23.0,"key":"REST"},{"data":"TalkToTheHand","floor":28,"key":"SMITH"},{"data":"TalkToTheHand","floor":32,"key":"SMITH"},{"data":"Replay:Cycle","floor":40,"key":"SMITH"},{"data":"Replay:Cycle","floor":49,"key":"SMITH"},{"floor":49,"key":"DIG"}],"circlet_count":0,"master_deck":["Eruption+1","Vigilance","Crescendo","Replay:Cycle+1","FlurryOfBlows","ThirdEye","CutThroughFate","Replay:Cycle+1","Nirvana","TalkToTheHand+1","Reaper","CutThroughFate","Perseverance+1","Perseverance+1","FlurryOfBlows","TalkToTheHand+1","Wallop+1","Halt","JustLucky","Vault","FlurryOfBlows+1","TalkToTheHand+1","Establishment","hubris:DuctTapeCard","JustLucky+1","SandsOfTime+1","JustLucky"],"relics":["PureWater","EVO:Axolotl","aspiration:Nostalgia","Replay:M_SmolderingBlood","The Courier","conspire:BottledYoYo","vexMod:FocusSash","conspire:RunicOctahedron","Bloody Idol","Blood Vial","StuffTheSpire:EmeraldSignet","Snack Pack","SnailShell","HandDrill","halation:PromiseList","Damaru","StuffTheSpire:DarkSteelAnvil","Philosopher\u0027s Stone","trackpad:Mousetrap","hubris:DuctTape","halation:PenCase","Shovel","qcfpunch:Broken_Tusk"],"acts_visited":["Exordium","TheCity","TheBeyond"],"potions_floor_usage":[33,39,50],"damage_taken":[{"damage":0.0,"enemies":"Small Slimes","floor":1.0,"turns":2.0},{"damage":0.0,"enemies":"Cultist","floor":2.0,"turns":2.0},{"damage":0.0,"enemies":"Jaw Worm","floor":4.0,"turns":3.0},{"damage":1.0,"enemies":"Red Slaver","floor":5.0,"turns":3.0},{"damage":34.0,"enemies":"Gremlin Nob","floor":6.0,"turns":4.0},{"damage":27.0,"enemies":"Lagavulin","floor":10.0,"turns":5.0},{"damage":0.0,"enemies":"Blue Slaver","floor":11.0,"turns":2.0},{"damage":10.0,"enemies":"Looter","floor":13.0,"turns":3.0},{"damage":20.0,"enemies":"Fading Forest","floor":16.0,"turns":11.0},{"damage":3.0,"enemies":"Spheric Guardian","floor":18.0,"turns":3.0},{"damage":7.0,"enemies":"Shell Parasite","floor":22.0,"turns":3.0},{"damage":32.0,"enemies":"Book of Stabbing","floor":24.0,"turns":6.0},{"damage":19.0,"enemies":"Slavers","floor":27.0,"turns":11.0},{"damage":0,"enemies":"Centurion and Healer","floor":29,"turns":3},{"damage":0,"enemies":"Shelled Parasite and Fungi","floor":30,"turns":2},{"damage":0,"enemies":"Book of Stabbing","floor":31,"turns":4},{"damage":0,"enemies":"Automaton","floor":33,"turns":5},{"damage":0,"enemies":"3 Darklings","floor":35,"turns":4},{"damage":0,"enemies":"Orb Walker","floor":36,"turns":3},{"damage":0,"enemies":"4 Shapes","floor":37,"turns":4},{"damage":0,"enemies":"Transient","floor":39,"turns":6},{"damage":0,"enemies":"Reptomancer","floor":41,"turns":4},{"damage":0,"enemies":"3 Darklings","floor":42,"turns":3},{"damage":0,"enemies":"Mind Bloom Boss Battle","floor":44,"turns":2},{"damage":0,"enemies":"Maw","floor":45,"turns":4},{"damage":0,"enemies":"Nemesis","floor":46,"turns":4},{"damage":0,"enemies":"Jaw Worm Horde","floor":47,"turns":2},{"damage":0,"enemies":"Reptomancer","floor":48,"turns":3},{"damage":0,"enemies":"bossMod:newShapes","floor":50,"turns":4}],"seed_played":"-6159550222602474219","potions_obtained":[{"floor":2.0,"key":"Strength Potion"},{"floor":5.0,"key":"DuplicationPotion"},{"floor":6.0,"key":"FearPotion"},{"floor":11.0,"key":"PowerPotion"},{"floor":14.0,"key":"Adrenaline Potion"},{"floor":14.0,"key":"LiquidMemories"},{"floor":22.0,"key":"ColorlessPotion"},{"floor":24.0,"key":"Adrenaline Potion"},{"floor":27.0,"key":"FairyPotion"},{"floor":29,"key":"Death Potion"},{"floor":35,"key":"Adrenaline Potion"},{"floor":39,"key":"Elixir"},{"floor":45,"key":"BlessingOfTheForge"},{"floor":46,"key":"Ancient Potion"}],"is_trial":false,"path_per_floor":["M","M","?","M","M","E","R","?","T","E","M","R","M","?","R","B",null,"M","?","?","?","M","R","E","$","T","E","R","M","M","E","R","B",null,"M","M","M","?","M","R","E","M","T","?","M","E","M","E","R","B",null],"character_chosen":"WATCHER","items_purchased":["FlurryOfBlows","Snack Pack","SnailShell","HandDrill","TalkToTheHand"],"campfire_rested":3,"item_purchase_floors":[25,25,25,25,25],"current_hp_per_floor":[65,65,65,65,64,30,30,30,30,3,3,24,14,14,35,23,60,65,65,10,10,18,39,14,14,19,30,30,43,54,71,71,72,72,72,72,72,72,72,72,72,72,72,72,72,72,72,72,72,72],"gold":645,"neow_bonus":"NOSTALGIA","is_daily":false,"chose_seed":false,"campfire_upgraded":5,"win_rate":0.0,"timestamp":1610591559,"path_taken":["M","M","?","M","?","E","R","?","T","E","?","R","M","?","R","BOSS","M","?","?","?","M","R","E","$","T","E","R","M","M","E","R","BOSS","M","M","M","?","?","R","E","M","T","?","M","E","M","E","R","BOSS"],"items_purchased_type":["Card","Relic","Relic","Relic","Card"],"build_version":"2020-12-22","purchased_purges":1,"victory":true,"max_hp_per_floor":[72,72,72,72,72,72,72,72,72,72,72,72,72,72,72,72,72,72,72,72,72,72,72,72,72,72,72,72,72,72,72,72,72,72,72,72,72,72,72,72,72,72,72,72,72,72,72,72,72,72],"relic_stats":{"Blood Vial":13,"Shovel":1,"counters":[29,115],"Bloody Idol":35,"HandDrill":[16],"obtain_stats":[{"trackpad:Mousetrap":41,"SnailShell":25,"hubris:DuctTape":43,"aspiration:Nostalgia":0,"Damaru":27,"conspire:RunicOctahedron":17,"The Courier":6,"StuffTheSpire:EmeraldSignet":24,"EVO:Axolotl":0,"vexMod:FocusSash":10,"Blood Vial":20,"Shovel":46,"qcfpunch:Broken_Tusk":48,"Replay:M_SmolderingBlood":0,"Bloody Idol":20,"halation:PenCase":44,"StuffTheSpire:DarkSteelAnvil":31,"Philosopher\u0027s Stone":34,"conspire:BottledYoYo":9,"Snack Pack":25,"HandDrill":25,"halation:PromiseList":26,"PureWater":0},{"trackpad:Mousetrap":22,"SnailShell":12,"hubris:DuctTape":23,"aspiration:Nostalgia":0,"Damaru":13,"conspire:RunicOctahedron":9,"The Courier":5,"StuffTheSpire:EmeraldSignet":12,"EVO:Axolotl":0,"vexMod:FocusSash":6,"Blood Vial":10,"Shovel":26,"qcfpunch:Broken_Tusk":28,"Replay:M_SmolderingBlood":0,"Bloody Idol":10,"halation:PenCase":24,"StuffTheSpire:DarkSteelAnvil":16,"Philosopher\u0027s Stone":17,"conspire:BottledYoYo":5,"Snack Pack":12,"HandDrill":12,"halation:PromiseList":12,"PureWater":0},{"trackpad:Mousetrap":93,"SnailShell":47,"hubris:DuctTape":96,"aspiration:Nostalgia":0,"Damaru":58,"conspire:RunicOctahedron":35,"The Courier":14,"StuffTheSpire:EmeraldSignet":47,"EVO:Axolotl":0,"vexMod:FocusSash":19,"Blood Vial":38,"Shovel":106,"qcfpunch:Broken_Tusk":111,"Replay:M_SmolderingBlood":0,"Bloody Idol":38,"halation:PenCase":98,"StuffTheSpire:DarkSteelAnvil":67,"Philosopher\u0027s Stone":72,"conspire:BottledYoYo":14,"Snack Pack":47,"HandDrill":47,"halation:PromiseList":47,"PureWater":0}]},"card_choices":[{"not_picked":["MentalFortress","ThirdEye"],"picked":"Crescendo","floor":1.0},{"not_picked":["Halt","Uppercut"],"picked":"Replay:Cycle","floor":2.0},{"not_picked":["Protect","Collect"],"picked":"FlurryOfBlows","floor":4.0},{"not_picked":["PathToVictory","DeceiveReality"],"picked":"ThirdEye","floor":5.0},{"not_picked":["DevaForm","Protect"],"picked":"CutThroughFate","floor":6.0},{"not_picked":["Adaptation","JustLucky"],"picked":"Replay:Cycle","floor":10.0},{"not_picked":["Replay:BluntJabs","Replay:AtTheReady"],"picked":"Nirvana","floor":11.0},{"not_picked":["Protect","WreathOfFlame"],"picked":"TalkToTheHand","floor":13.0},{"not_picked":["Judgement","SpiritShield"],"picked":"Reaper","floor":16.0},{"not_picked":["SashWhip","Replay:Cycle"],"picked":"CutThroughFate","floor":18.0},{"not_picked":["PathToVictory","Consecrate"],"picked":"Perseverance+1","floor":22.0},{"not_picked":["Study","CrushJoints"],"picked":"Perseverance+1","floor":24.0},{"not_picked":["Protect","EmptyMind"],"picked":"Wallop+1","floor":27.0},{"not_picked":["Headbutt","Searing Blow"],"picked":"Halt","floor":29},{"not_picked":["WindmillStrike","EmptyFist"],"picked":"JustLucky","floor":30},{"not_picked":["Replay:Battleflow","Blasphemy","Replay:BluntJabs+1"],"picked":"SKIP","floor":31},{"not_picked":["Omniscience","MasterReality"],"picked":"Vault","floor":33},{"not_picked":["Sanctity","Replay:Anticipation+1","CutThroughFate"],"picked":"SKIP","floor":35},{"not_picked":["Replay:BluntJabs","CrushJoints","Consecrate"],"picked":"SKIP","floor":36},{"not_picked":["Halt+1","Meditate"],"picked":"FlurryOfBlows+1","floor":37},{"not_picked":["FlyingSleeves+1","Evaluate"],"picked":"Weave+1","floor":39},{"not_picked":["Worship","Protect"],"picked":"Establishment","floor":41},{"not_picked":["Wallop+1","Worship"],"picked":"Replay:ManipulateFuture","floor":42},{"not_picked":["Consecrate","BowlingBash+1"],"picked":"JustLucky+1","floor":44},{"not_picked":["BowlingBash+1","InnerPeace+1"],"picked":"SandsOfTime+1","floor":45},{"not_picked":["Fasting2","EmptyFist"],"picked":"JustLucky","floor":46},{"not_picked":["BowlingBash","Worship+1","LikeWater+1"],"picked":"SKIP","floor":47},{"not_picked":["Swivel+1","MasterReality","Adaptation"],"picked":"SKIP","floor":48}],"player_experience":366259,"relics_obtained":[{"floor":6.0,"key":"The Courier"},{"floor":9.0,"key":"conspire:BottledYoYo"},{"floor":10.0,"key":"vexMod:FocusSash"},{"floor":24.0,"key":"StuffTheSpire:EmeraldSignet"},{"floor":26.0,"key":"halation:PromiseList"},{"floor":27.0,"key":"Damaru"},{"floor":31,"key":"StuffTheSpire:DarkSteelAnvil"},{"floor":41,"key":"trackpad:Mousetrap"},{"floor":43,"key":"hubris:DuctTape"},{"floor":44,"key":"halation:PenCase"},{"floor":46,"key":"Shovel"},{"floor":48,"key":"qcfpunch:Broken_Tusk"}],"event_choices":[{"cards_removed":["Defend_P"],"damage_healed":0.0,"max_hp_gain":0.0,"max_hp_loss":0.0,"gold_gain":0.0,"event_name":"Bonfire Elementals","player_choice":"Offered Basic","floor":3.0,"gold_loss":0.0,"damage_taken":0.0},{"damage_healed":0.0,"max_hp_gain":0.0,"max_hp_loss":0.0,"gold_gain":275.0,"event_name":"Golden Shrine","player_choice":"Desecrate","floor":8.0,"gold_loss":0.0,"damage_taken":0.0,"cards_obtained":["Regret"]},{"damage_healed":0.0,"max_hp_gain":0.0,"max_hp_loss":0.0,"gold_gain":0.0,"event_name":"Lab","player_choice":"Got Potions","floor":14.0,"gold_loss":0.0,"damage_taken":0.0},{"damage_healed":0.0,"max_hp_gain":0.0,"max_hp_loss":7.0,"gold_gain":0.0,"event_name":"betterThird:BetterWriting","player_choice":"Materialism","floor":19.0,"gold_loss":0.0,"damage_taken":0.0},{"damage_healed":0.0,"max_hp_gain":65.0,"max_hp_loss":10.0,"gold_gain":0.0,"event_name":"betterAltar:BetterAltar","player_choice":" Idol Vial ","floor":20.0,"potions_obtained":[],"relics_lost":[],"gold_loss":0.0,"damage_taken":55.0,"relics_obtained":["Bloody Idol","Blood Vial"]},{"damage_healed":0,"gold_gain":0,"player_choice":"Copied","damage_taken":0,"max_hp_gain":0,"max_hp_loss":0,"event_name":"Duplicator","floor":38,"gold_loss":0,"cards_obtained":["TalkToTheHand"]},{"damage_healed":0,"gold_gain":0,"player_choice":"Fight","damage_taken":0,"max_hp_gain":0,"max_hp_loss":0,"event_name":"MindBloom","floor":44,"gold_loss":0}],"is_beta":false,"boss_relics":[{"not_picked":["qcfpunch:Crimson_Sash","relicPack:StarArrow"],"picked":"conspire:RunicOctahedron"},{"not_picked":["halation:Prosthetics","ReplayTheSpireMod:DimensionalGlitch"],"picked":"Philosopher\u0027s Stone"}],"items_purged_floors":[25],"is_endless":false,"potions_floor_spawned":[2,5,6,11,22,24,27,29,35,39,42,45,46],"ascension_level":7}}