{"host":"2okas1s8lto464g9","time":1610613536,"event":{"mods":["BaseMod","Minty Spire (QoL Compilation)","StSLib","The Marked"],"gold_per_floor":[117,292,312,329,98,133,144,171,171,171,184,184,202,232,232,335,335,351,362,362,372,119,150,150,179,179,198,198,231,250,284,284,383,383,395,395,93,104,122,122,148,190,202,239,251,291,303,341,353,365],"floor_reached":51,"language":"ZHS","playtime":1682,"items_purged":["Doubt","Strike_P","Strike_P+1"],"score":1279,"play_id":"78f32685-a044-4d62-ba31-9d40e69b038d","local_time":"20210114163856","is_ascension_mode":true,"campfire_choices":[{"floor":12.0,"key":"REST"},{"data":"1","floor":15.0,"key":"LIFT"},{"data":"2","floor":24.0,"key":"LIFT"},{"floor":28.0,"key":"REST"},{"data":"3","floor":32.0,"key":"LIFT"},{"floor":40.0,"key":"REST"},{"floor":49,"key":"REST"}],"circlet_count":0,"master_deck":["Strike_P+1","Defend_P+1","Defend_P+1","Defend_P+1","Defend_P+1","Eruption+1","Vigilance+1","LessonLearned+1","Adaptation+1","Tantrum+1","DevaForm+1","Wallop+1","LikeWater+1","DeusExMachina+1","Ragnarok+1","Halt","Blasphemy+1","Violence","Vengeance+1","Purity"],"relics":["PureWater","Vajra","Girya","TungstenRod","White Beast Statue","StrikeDummy","Fusion Hammer","ClockworkSouvenir","Blood Vial","Kunai","Du-Vu Doll","Strawberry","MealTicket","Black Star","MawBank","Anchor","Bottled Tornado","Mercury Hourglass","Pantograph","Prayer Wheel","Mango","Torii","Thread and Needle","GoldenEye"],"acts_visited":["Exordium","TheCity","TheBeyond"],"potions_floor_usage":[50,50,50,50,50],"damage_taken":[{"damage":0.0,"enemies":"Jaw Worm","floor":1.0,"turns":3.0},{"damage":0.0,"enemies":"Small Slimes","floor":3.0,"turns":6.0},{"damage":0.0,"enemies":"Cultist","floor":4.0,"turns":2.0},{"damage":32.0,"enemies":"Lagavulin","floor":6.0,"turns":6.0},{"damage":12.0,"enemies":"Gremlin Gang","floor":7.0,"turns":4.0},{"damage":0.0,"enemies":"3 Sentries","floor":8.0,"turns":4.0},{"damage":6.0,"enemies":"3 Louse","floor":11.0,"turns":2.0},{"damage":1.0,"enemies":"Lots of Slimes","floor":13.0,"turns":3.0},{"damage":0.0,"enemies":"Gremlin Nob","floor":14.0,"turns":2.0},{"damage":5.0,"enemies":"The Guardian","floor":16.0,"turns":7.0},{"damage":3.0,"enemies":"Chosen","floor":18.0,"turns":2.0},{"damage":0.0,"enemies":"3 Byrds","floor":19.0,"turns":3.0},{"damage":14.0,"enemies":"Snake Plant","floor":21.0,"turns":5.0},{"damage":0.0,"enemies":"Gremlin Leader","floor":23.0,"turns":2.0},{"damage":26.0,"enemies":"Book of Stabbing","floor":25.0,"turns":2.0},{"damage":0.0,"enemies":"Cultist and Chosen","floor":27.0,"turns":3.0},{"damage":9.0,"enemies":"Gremlin Leader","floor":29.0,"turns":3.0},{"damage":0.0,"enemies":"Sentry and Sphere","floor":30.0,"turns":5.0},{"damage":0.0,"enemies":"Book of Stabbing","floor":31.0,"turns":3.0},{"damage":5.0,"enemies":"Automaton","floor":33.0,"turns":5.0},{"damage":15.0,"enemies":"Orb Walker","floor":35.0,"turns":5.0},{"damage":0.0,"enemies":"3 Darklings","floor":38.0,"turns":2.0},{"damage":3.0,"enemies":"4 Shapes","floor":39.0,"turns":3.0},{"damage":36.0,"enemies":"Nemesis","floor":42.0,"turns":3.0},{"damage":0.0,"enemies":"Giant Head","floor":44.0,"turns":3.0},{"damage":38.0,"enemies":"Nemesis","floor":46.0,"turns":7.0},{"damage":5,"enemies":"Giant Head","floor":48,"turns":5},{"damage":47,"enemies":"Time Eater","floor":50,"turns":4}],"seed_played":"-3541149837746345993","potions_obtained":[{"floor":1.0,"key":"Weak Potion"},{"floor":7.0,"key":"EntropicBrew"},{"floor":11.0,"key":"Ancient Potion"},{"floor":13.0,"key":"Explosive Potion"},{"floor":14.0,"key":"StancePotion"},{"floor":16.0,"key":"Fire Potion"},{"floor":18.0,"key":"Explosive Potion"},{"floor":19.0,"key":"PowerPotion"},{"floor":20.0,"key":"BottledMiracle"},{"floor":23.0,"key":"Explosive Potion"},{"floor":25.0,"key":"GamblersBrew"},{"floor":27.0,"key":"StancePotion"},{"floor":30.0,"key":"Strength Potion"},{"floor":31.0,"key":"Weak Potion"},{"floor":33.0,"key":"Explosive Potion"},{"floor":39.0,"key":"Fire Potion"},{"floor":42.0,"key":"ColorlessPotion"},{"floor":46.0,"key":"LiquidBronze"},{"floor":48,"key":"StancePotion"}],"is_trial":false,"path_per_floor":["M","?","M","M","$","E","M","E","T","?","M","R","M","E","R","B",null,"M","M","?","M","$","E","R","E","T","M","R","E","M","E","R","B",null,"M","?","$","M","M","R","T","E","T","E","?","E","?","E","R","B",null],"character_chosen":"WATCHER","items_purchased":["Vajra","ClockworkSouvenir","Violence"],"campfire_rested":4,"item_purchase_floors":[5,22,37],"current_hp_per_floor":[72,72,72,72,72,40,28,28,28,28,22,43,42,42,42,37,72,69,69,69,55,55,55,55,31,31,33,54,54,56,58,58,55,79,64,64,79,79,76,79,79,43,43,45,45,23,23,20,47,27],"gold":377,"neow_bonus":"ONE_RANDOM_RARE_CARD","is_daily":false,"chose_seed":false,"campfire_upgraded":0,"win_rate":0.0,"timestamp":1610613536,"path_taken":["M","?","M","M","$","E","M","E","T","?","?","R","?","E","R","BOSS","M","M","?","?","$","E","R","E","T","M","R","E","M","E","R","BOSS","M","?","$","M","M","R","?","E","T","E","?","E","?","E","R","BOSS"],"items_purchased_type":["Relic","Relic","Card"],"build_version":"2020-12-22","purchased_purges":3,"victory":true,"max_hp_per_floor":[72,72,72,72,72,72,72,72,72,72,72,72,72,72,72,72,72,72,72,72,72,72,72,72,72,72,72,72,79,79,79,79,79,79,79,79,79,79,79,79,79,79,79,79,79,93,93,93,93,93],"card_choices":[{"not_picked":["Weave","PathToVictory"],"picked":"Adaptation","floor":1.0},{"not_picked":["ThirdEye","Halt"],"picked":"Tantrum","floor":3.0},{"not_picked":["Halt","Evaluate","WheelKick"],"picked":"SKIP","floor":4.0},{"not_picked":["Crescendo","FlurryOfBlows","ThirdEye"],"picked":"SKIP","floor":6.0},{"not_picked":["BowlingBash","EmptyFist","ReachHeaven"],"picked":"SKIP","floor":7.0},{"not_picked":["CarveReality","WaveOfTheHand"],"picked":"DevaForm","floor":8.0},{"not_picked":["PathToVictory","Crescendo"],"picked":"Wallop","floor":11.0},{"not_picked":["EmptyFist","WreathOfFlame","FlurryOfBlows"],"picked":"SKIP","floor":13.0},{"not_picked":["Weave","JustLucky"],"picked":"LikeWater","floor":14.0},{"not_picked":["Wish","Devotion"],"picked":"DeusExMachina","floor":16.0},{"not_picked":["BattleHymn+1","BowlingBash","SashWhip"],"picked":"SKIP","floor":18.0},{"not_picked":["Halt","EmptyFist+1","Crescendo"],"picked":"SKIP","floor":19.0},{"not_picked":["SashWhip","DeceiveReality","Evaluate"],"picked":"SKIP","floor":21.0},{"not_picked":["Devotion","CarveReality"],"picked":"Ragnarok","floor":23.0},{"not_picked":["Worship","Crescendo","Protect+1"],"picked":"SKIP","floor":25.0},{"not_picked":["ClearTheMind","CutThroughFate","ForeignInfluence"],"picked":"SKIP","floor":27.0},{"not_picked":["JustLucky+1","ClearTheMind","ReachHeaven"],"picked":"SKIP","floor":29.0},{"not_picked":["PathToVictory","FearNoEvil+1","Halt"],"picked":"SKIP","floor":30.0},{"not_picked":["Protect","Perseverance"],"picked":"Halt","floor":31.0},{"not_picked":["Judgement","Brilliance"],"picked":"Blasphemy","floor":33.0},{"not_picked":["Wireheading+1","ThirdEye+1","FollowUp"],"picked":"SKIP","floor":35.0},{"not_picked":["Conclude+1","Wireheading","Prostrate"],"picked":"SKIP","floor":38.0},{"not_picked":["Swivel","SandsOfTime"],"picked":"Vengeance+1","floor":39.0},{"not_picked":["EmptyFist","Tantrum","CrushJoints+1"],"picked":"SKIP","floor":42.0},{"not_picked":["BowlingBash","CrushJoints","EmptyFist"],"picked":"SKIP","floor":44.0},{"not_picked":["Conclude+1","JustLucky","PathToVictory"],"picked":"SKIP","floor":46.0},{"not_picked":["Secret Technique","Apotheosis"],"picked":"Purity","floor":47},{"not_picked":["FlurryOfBlows","Protect","SandsOfTime+1"],"picked":"SKIP","floor":48}],"player_experience":471601,"relics_obtained":[{"floor":6.0,"key":"Girya"},{"floor":8.0,"key":"TungstenRod"},{"floor":9.0,"key":"White Beast Statue"},{"floor":14.0,"key":"StrikeDummy"},{"floor":23.0,"key":"Blood Vial"},{"floor":25.0,"key":"Kunai"},{"floor":26.0,"key":"Du-Vu Doll"},{"floor":29.0,"key":"Strawberry"},{"floor":31.0,"key":"MealTicket"},{"floor":41.0,"key":"MawBank"},{"floor":42.0,"key":"Anchor"},{"floor":42.0,"key":"Bottled Tornado"},{"floor":43.0,"key":"Mercury Hourglass"},{"floor":44.0,"key":"Pantograph"},{"floor":44.0,"key":"Prayer Wheel"},{"floor":46.0,"key":"Mango"},{"floor":46.0,"key":"Torii"},{"floor":48,"key":"Thread and Needle"},{"floor":48,"key":"GoldenEye"}],"event_choices":[{"damage_healed":0.0,"max_hp_gain":0.0,"max_hp_loss":0.0,"gold_gain":175.0,"event_name":"Liars Game","player_choice":"AGREE","floor":2.0,"gold_loss":0.0,"damage_taken":0.0,"cards_obtained":["Doubt"]},{"damage_healed":0.0,"max_hp_gain":0.0,"max_hp_loss":0.0,"gold_gain":0.0,"event_name":"Upgrade Shrine","player_choice":"Upgraded","floor":10.0,"gold_loss":0.0,"damage_taken":0.0,"cards_upgraded":["Eruption"]},{"damage_healed":0.0,"max_hp_gain":0.0,"max_hp_loss":0.0,"gold_gain":0.0,"event_name":"Lab","player_choice":"Got Potions","floor":20.0,"gold_loss":0.0,"damage_taken":0.0},{"damage_healed":0.0,"max_hp_gain":0.0,"max_hp_loss":0.0,"gold_gain":0.0,"event_name":"Tomb of Lord Red Mask","player_choice":"Ignored","floor":36.0,"gold_loss":0.0,"damage_taken":0.0},{"cards_removed":["Strike_P"],"damage_healed":0.0,"max_hp_gain":0.0,"max_hp_loss":0.0,"gold_gain":0.0,"event_name":"Falling","player_choice":"Removed Attack","floor":45.0,"gold_loss":0.0,"damage_taken":0.0},{"damage_healed":0,"gold_gain":0,"player_choice":"Memory 1","damage_taken":0,"max_hp_gain":0,"max_hp_loss":0,"event_name":"SensoryStone","floor":47,"gold_loss":0}],"is_beta":false,"boss_relics":[{"not_picked":["Cursed Key","HolyWater"],"picked":"Fusion Hammer"},{"not_picked":["Empty Cage","Runic Pyramid"],"picked":"Black Star"}],"items_purged_floors":[5,22,37],"is_endless":false,"potions_floor_spawned":[1,7,11,13,14,16,18,19,21,23,25,27,29,30,31,33,35,38,39,42,44,46,48],"ascension_level":3}}