{"host":"lcnwkjlokfwcnxxu","time":1610594645,"event":{"mods":["BaseMod","Colored Map","Downfall","GifTheSpireLib","Marisa????????","Minty Spire (QoL Compilation)","Quick Restart","Replay The Spire","StSLib","The Disciple","The Mystic","The Servant 0.9.4"],"gold_per_floor":[115,14,25,100,100,111,286,296,296,141,141,153,171,182,182,284,284,284,284],"floor_reached":18,"language":"ENG","playtime":757,"items_purged":["Strike_P","CommonCold"],"score":154,"play_id":"c3292479-e3a2-4dbb-8680-9ce98af761d7","local_time":"20210113192405","is_ascension_mode":false,"campfire_choices":[{"data":"Eruption","floor":11,"key":"SMITH"},{"data":"Vigilance","floor":15,"key":"SMITH"}],"circlet_count":0,"master_deck":["Strike_P","Strike_P","Strike_P","Defend_P","Defend_P","Defend_P","Defend_P","Eruption+1","Vigilance+1","Omniscience","Replay:Vibes","Protect","FlyingSleeves","Conclude","Doubt","Perseverance","BattleHymn+1","Replay:DivineShield"],"relics":["PureWater","ReplayTheSpireMod:Ring of Addiction","Potion Belt","White Beast Statue","Darkstone Periapt","SacredBark"],"acts_visited":["Exordium","TheCity"],"potions_floor_usage":[12,16,16,18],"damage_taken":[{"damage":0,"enemies":"2 Louse","floor":1,"turns":3},{"damage":2,"enemies":"Jaw Worm","floor":3,"turns":6},{"damage":7,"enemies":"Small Slimes","floor":6,"turns":3},{"damage":0,"enemies":"Exordium Wildlife","floor":8,"turns":2},{"damage":7,"enemies":"Blue Slaver","floor":12,"turns":2},{"damage":2,"enemies":"Looter","floor":13,"turns":4},{"damage":0,"enemies":"Lots of Slimes","floor":14,"turns":2},{"damage":2,"enemies":"Hexaghost","floor":16,"turns":8},{"damage":22,"enemies":"Spheric Guardian","floor":18,"turns":5}],"seed_played":"-7480323970887609833","potions_obtained":[{"floor":3,"key":"SteroidPotion"},{"floor":5,"key":"Ambrosia"},{"floor":5,"key":"hexamod:EctoCoolerPotion"},{"floor":5,"key":"BlessingOfTheForge"},{"floor":6,"key":"Regen Potion"},{"floor":8,"key":"Elixir"},{"floor":12,"key":"Ancient Potion"},{"floor":16,"key":"FearPotion"}],"is_trial":false,"path_per_floor":["M","$","M","?","?","M","?","M","T","$","R","M","M","M","R","B",null,"M"],"character_chosen":"WATCHER","items_purchased":["Protect","BattleHymn+1"],"campfire_rested":0,"item_purchase_floors":[2,10],"current_hp_per_floor":[72,72,70,59,59,52,52,52,52,52,52,45,43,43,43,41,66,44,44],"gold":284,"neow_bonus":"ONE_RANDOM_RARE_CARD","is_daily":false,"chose_seed":false,"campfire_upgraded":2,"win_rate":0.0,"timestamp":1610594645,"path_taken":["M","$","M","?","?","?","?","M","T","?","R","M","M","M","R","BOSS","M"],"items_purchased_type":["Card","Card"],"build_version":"2020-12-22","purchased_purges":2,"victory":false,"max_hp_per_floor":[72,72,72,72,72,72,72,72,70,70,70,68,68,68,68,66,66,66,66],"card_choices":[{"not_picked":["FlurryOfBlows","Protect"],"picked":"Replay:Vibes","floor":1},{"not_picked":["Crescendo","Replay:ManipulateFuture"],"picked":"FlyingSleeves","floor":3},{"not_picked":["ReachHeaven","SashWhip"],"picked":"Conclude","floor":6},{"not_picked":["CutThroughFate","Collect"],"picked":"Perseverance","floor":8},{"not_picked":["Fasting2","Adaptation","CrushJoints"],"picked":"SKIP","floor":12},{"not_picked":["Vengeance","EmptyFist"],"picked":"Replay:DivineShield","floor":13},{"not_picked":["Sanctity","EmptyBody","DeceiveReality"],"picked":"SKIP","floor":14}],"player_experience":72293,"relics_obtained":[{"floor":5,"key":"ReplayTheSpireMod:Ring of Addiction"},{"floor":5,"key":"Potion Belt"},{"floor":5,"key":"White Beast Statue"},{"floor":9,"key":"Darkstone Periapt"}],"event_choices":[{"damage_healed":0,"gold_gain":75,"player_choice":"Gather Gold","damage_taken":11,"max_hp_gain":0,"max_hp_loss":0,"event_name":"World of Goop","floor":4,"gold_loss":0},{"damage_healed":0,"gold_gain":175,"player_choice":"AGREE","damage_taken":0,"max_hp_gain":0,"max_hp_loss":0,"event_name":"Liars Game","floor":7,"gold_loss":0,"cards_obtained":["Doubt"]}],"is_beta":false,"boss_relics":[{"not_picked":["Pandora\u0027s Box","Tiny House"],"picked":"SacredBark"}],"items_purged_floors":[2,10],"is_endless":false,"potions_floor_spawned":[3,6,8,12,13,14,16],"killed_by":"Spheric Guardian","ascension_level":0}}