{"host":"boha5gfllk8aong2","time":1610625102,"event":{"mods":["BaseMod","DeckTracker","Minty Spire (QoL Compilation)"],"gold_per_floor":[119,44,44,60,60,60,86,99,99,99,99,99,128,28,28,28,28],"floor_reached":16,"language":"ENG","playtime":613,"items_purged":["Strike_B","Defend_B"],"score":121,"play_id":"c15a5bb2-6644-46a8-8a29-4c57f6b0514f","local_time":"20210114045142","is_ascension_mode":false,"campfire_choices":[{"data":"Double Energy","floor":6,"key":"SMITH"},{"data":"Dualcast","floor":10,"key":"SMITH"},{"data":"Zap","floor":12,"key":"SMITH"},{"data":"Barrage","floor":15,"key":"SMITH"}],"circlet_count":0,"master_deck":["Strike_B","Strike_B","Strike_B","Defend_B","Defend_B","Defend_B","Zap+1","Dualcast+1","Double Energy+1","Barrage+1","Leap","Self Repair"],"relics":["Cracked Core","NeowsBlessing","PreservedInsect","Matryoshka","Golden Idol","Odd Mushroom"],"acts_visited":["Exordium"],"potions_floor_usage":[],"damage_taken":[{"damage":0,"enemies":"Jaw Worm","floor":1,"turns":1},{"damage":0,"enemies":"Cultist","floor":4,"turns":1},{"damage":0,"enemies":"Lagavulin","floor":7,"turns":1},{"damage":0,"enemies":"2 Louse","floor":8,"turns":2},{"damage":12,"enemies":"The Mushroom Lair","floor":13,"turns":5},{"damage":57,"enemies":"Slime Boss","floor":16,"turns":5}],"seed_played":"6150689690279183750","potions_obtained":[{"floor":3,"key":"PowerPotion"},{"floor":3,"key":"Fire Potion"},{"floor":3,"key":"Swift Potion"}],"is_trial":false,"path_per_floor":["M","$","?","M","$","R","E","M","T","R","?","R","?","$","R","B"],"character_chosen":"DEFECT","items_purchased":[],"campfire_rested":0,"item_purchase_floors":[],"current_hp_per_floor":[75,75,75,75,75,75,75,75,75,75,57,57,45,45,45,0,0],"gold":28,"neow_bonus":"THREE_ENEMY_KILL","is_daily":false,"chose_seed":false,"campfire_upgraded":4,"win_rate":0.0,"timestamp":1610625102,"path_taken":["M","$","?","?","$","R","E","M","T","R","?","R","?","$","R","BOSS"],"items_purchased_type":[],"build_version":"2020-12-22","purchased_purges":2,"victory":false,"max_hp_per_floor":[75,75,75,75,75,75,75,75,75,75,75,75,75,75,75,75,75],"card_choices":[{"not_picked":["Gash","Leap"],"picked":"Double Energy","floor":1},{"not_picked":["Steam","Streamline"],"picked":"Barrage","floor":4},{"not_picked":["Cold Snap","Coolheaded","Gash"],"picked":"SKIP","floor":7},{"not_picked":["Coolheaded","Glacier"],"picked":"Leap","floor":8},{"not_picked":["Leap","Beam Cell"],"picked":"Self Repair","floor":13}],"player_experience":120171,"relics_obtained":[{"floor":7,"key":"PreservedInsect"},{"floor":9,"key":"Matryoshka"},{"floor":13,"key":"Odd Mushroom"}],"event_choices":[{"damage_healed":0,"gold_gain":0,"player_choice":"Got Potions","damage_taken":0,"max_hp_gain":0,"max_hp_loss":0,"event_name":"Lab","floor":3,"gold_loss":0},{"damage_healed":0,"gold_gain":0,"player_choice":"Take Damage","damage_taken":18,"relics_obtained":["Golden Idol"],"max_hp_gain":0,"max_hp_loss":0,"event_name":"Golden Idol","floor":11,"gold_loss":0},{"damage_healed":0,"gold_gain":0,"player_choice":"Fought Mushrooms","damage_taken":0,"max_hp_gain":0,"max_hp_loss":0,"event_name":"Mushrooms","floor":13,"gold_loss":0}],"is_beta":false,"boss_relics":[],"items_purged_floors":[2,14],"is_endless":false,"potions_floor_spawned":[7,8],"killed_by":"Slime Boss","ascension_level":0}}