{"host":"x8gxsinbf7j7wbos","time":1610624511,"event":{"mods":["AchievementEnabler","BaseMod","Better Note","BetterRewards","Colored Powertips","Curses Come First","Minty Spire (QoL Compilation)","Permanent Neow","Poor People Problems","Robot Space Explorer","StSLib"],"gold_per_floor":[112,112,16,27,43,73,73,108,108,108,125,125,125,125,125,221,221,237,237,249,268,268,297,316,231,258,288,288,302,334,369,369,464,464,474,474,484,205,255,255,285,285,285,319,334,334,361,132,132,132,132,132,44,72,72],"floor_reached":56,"language":"ENG","playtime":5552,"items_purged":["RobotSpaceExplorer:Strike","RobotSpaceExplorer:Strike","RobotSpaceExplorer:Defend","RobotSpaceExplorer:Electropulse","RobotSpaceExplorer:HighVoltage"],"score":1814,"play_id":"f38b64ac-acae-4e50-9c59-bb7dbd04357f","local_time":"20210114194151","is_ascension_mode":true,"campfire_choices":[{"data":"Apotheosis","floor":7,"key":"SMITH"},{"data":"RobotSpaceExplorer:Pulsar","floor":10,"key":"SMITH"},{"floor":12,"key":"REST"},{"floor":15,"key":"RECALL"},{"floor":28,"key":"REST"},{"data":"RobotSpaceExplorer:Discharger","floor":32,"key":"SMITH"},{"floor":40,"key":"REST"},{"floor":42,"key":"REST"},{"floor":46,"key":"REST"},{"floor":49,"key":"REST"},{"floor":52,"key":"REST"}],"circlet_count":0,"master_deck":["RobotSpaceExplorer:Strike+1","RobotSpaceExplorer:Defend","RobotSpaceExplorer:Defend","RobotSpaceExplorer:Defend","RobotSpaceExplorer:Scan","RobotSpaceExplorer:Pulsar+1","Apotheosis+1","RobotSpaceExplorer:Pulsar","RobotSpaceExplorer:Counterblock+1","RobotSpaceExplorer:Reload","RobotSpaceExplorer:DoubleBlock","RobotSpaceExplorer:Asteroid","RobotSpaceExplorer:BlastShield","RobotSpaceExplorer:FrostMissile+1","RobotSpaceExplorer:PlasmaMissile","RobotSpaceExplorer:ShockKick+1","RobotSpaceExplorer:Reload","RobotSpaceExplorer:Discharger+1","RobotSpaceExplorer:Pulsar+1","RobotSpaceExplorer:FreezingShield+1","RobotSpaceExplorer:Blaster"],"relics":["RobotSpaceExplorer:RoboCore","RobotSpaceExplorer:PlasmaHourglass","Medical Kit","Enchiridion","Turnip","Bottled Lightning","Singing Bowl","Velvet Choker","Toy Ornithopter","Ice Cream","Potion Belt","Regal Pillow","StrikeDummy","Darkstone Periapt","Red Mask","Fusion Hammer","Juzu Bracelet","Du-Vu Doll","Calipers","PreservedInsect","FossilizedHelix","Nunchaku","Membership Card","Art of War"],"acts_visited":["Exordium","TheCity","TheBeyond","TheEnding"],"potions_floor_usage":[3,8,16,16,55,55,55,55,55],"damage_taken":[{"damage":0,"enemies":"2 Louse","floor":1,"turns":2},{"damage":0,"enemies":"Cultist","floor":4,"turns":4},{"damage":5,"enemies":"Small Slimes","floor":5,"turns":2},{"damage":3,"enemies":"3 Sentries","floor":6,"turns":5},{"damage":7,"enemies":"Gremlin Nob","floor":8,"turns":4},{"damage":0,"enemies":"2 Fungi Beasts","floor":11,"turns":3},{"damage":0,"enemies":"Slime Boss","floor":16,"turns":5},{"damage":13,"enemies":"2 Thieves","floor":18,"turns":5},{"damage":0,"enemies":"3 Byrds","floor":20,"turns":4},{"damage":0,"enemies":"Snecko","floor":21,"turns":3},{"damage":6,"enemies":"Gremlin Leader","floor":23,"turns":6},{"damage":2,"enemies":"Snake Plant","floor":24,"turns":4},{"damage":28,"enemies":"Slavers","floor":27,"turns":5},{"damage":1,"enemies":"Centurion and Healer","floor":29,"turns":4},{"damage":0,"enemies":"Book of Stabbing","floor":30,"turns":6},{"damage":10,"enemies":"Masked Bandits","floor":31,"turns":4},{"damage":10,"enemies":"Champ","floor":33,"turns":8},{"damage":1,"enemies":"Orb Walker","floor":35,"turns":3},{"damage":0,"enemies":"3 Shapes","floor":37,"turns":2},{"damage":0,"enemies":"Mind Bloom Boss Battle","floor":39,"turns":5},{"damage":13,"enemies":"Nemesis","floor":41,"turns":7},{"damage":0,"enemies":"Giant Head","floor":44,"turns":8},{"damage":0,"enemies":"Maw","floor":45,"turns":7},{"damage":0,"enemies":"Nemesis","floor":47,"turns":5},{"damage":4,"enemies":"Awakened One","floor":50,"turns":11},{"damage":1,"enemies":"Shield and Spear","floor":54,"turns":6},{"damage":0,"enemies":"The Heart","floor":55,"turns":12}],"seed_played":"7296926357299965132","potions_obtained":[{"floor":1,"key":"Strength Potion"},{"floor":5,"key":"DistilledChaos"},{"floor":8,"key":"Fire Potion"},{"floor":11,"key":"DistilledChaos"},{"floor":18,"key":"RobotSpaceExplorer:LiquidFusion"},{"floor":24,"key":"Weak Potion"},{"floor":30,"key":"FearPotion"},{"floor":37,"key":"EssenceOfSteel"},{"floor":45,"key":"RobotSpaceExplorer:PlasmaFlask"}],"is_trial":false,"path_per_floor":["M","?","$","M","M","E","R","E","T","R","M","R","?","?","R","B",null,"M","?","M","M","T","E","M","?","T","E","R","M","E","?","R","B",null,"M","?","M","$","?","R","E","R","T","E","M","R","E","$","R","B",null,"R","$","E","B",null],"character_chosen":"RobotSpaceExplorer","items_purchased":["RobotSpaceExplorer:PlasmaHourglass","RobotSpaceExplorer:Pulsar","Medical Kit","Apotheosis","RobotSpaceExplorer:Electropulse","Fruit Juice","Juzu Bracelet","Membership Card"],"campfire_rested":7,"item_purchase_floors":[0,0,0,0,0,3,38,48],"current_hp_per_floor":[59,59,64,64,59,56,56,49,49,49,49,73,57,62,62,62,85,72,72,72,72,72,68,68,68,68,40,81,82,82,72,72,62,91,92,92,94,94,96,97,86,99,99,101,101,101,101,101,101,97,101,101,101,102,103],"gold":72,"neow_bonus":"","is_daily":false,"chose_seed":false,"campfire_upgraded":3,"win_rate":0.0,"timestamp":1610624511,"path_taken":["M","?","?","M","M","E","R","E","T","R","M","R","?","?","R","BOSS","M","?","M","?","?","E","?","?","T","E","R","M","E","?","R","BOSS","M","?","M","$","?","R","E","R","T","E","M","R","E","$","R","BOSS","R","$","E","BOSS"],"items_purchased_type":["Relic","Card","Relic","Card","Card","Potion","Relic","Relic"],"build_version":"2020-12-22","purchased_purges":5,"victory":true,"max_hp_per_floor":[75,75,80,80,80,80,80,80,80,80,80,80,80,85,85,85,85,85,85,85,85,85,87,89,89,89,89,89,91,91,91,91,91,91,93,93,95,95,97,97,99,99,99,101,101,101,101,101,101,101,101,101,101,103,103],"card_choices":[{"not_picked":["RobotSpaceExplorer:FranticSearch","RobotSpaceExplorer:SurgingStrike"],"picked":"RobotSpaceExplorer:Pulsar","floor":1},{"not_picked":["RobotSpaceExplorer:FranticSearch","RobotSpaceExplorer:SlimeMissile"],"picked":"RobotSpaceExplorer:Counterblock","floor":4},{"not_picked":["RobotSpaceExplorer:FrostMissile","RobotSpaceExplorer:Counterblock","RobotSpaceExplorer:RigExplosive"],"picked":"SKIP","floor":5},{"not_picked":["RobotSpaceExplorer:Accelerator","RobotSpaceExplorer:SurgingStrike"],"picked":"RobotSpaceExplorer:Reload","floor":6},{"not_picked":["RobotSpaceExplorer:Pulsar","RobotSpaceExplorer:SurgingStrike"],"picked":"RobotSpaceExplorer:DoubleBlock","floor":8},{"not_picked":["RobotSpaceExplorer:SlimeMissile","RobotSpaceExplorer:StunGrenade"],"picked":"RobotSpaceExplorer:Asteroid","floor":11},{"not_picked":["RobotSpaceExplorer:Scanner","RobotSpaceExplorer:Accelerator"],"picked":"RobotSpaceExplorer:BlastShield","floor":16},{"not_picked":["RobotSpaceExplorer:Discharger","RobotSpaceExplorer:ScrapMissile+1"],"picked":"RobotSpaceExplorer:FrostMissile+1","floor":18},{"not_picked":["RobotSpaceExplorer:ShockKick","RobotSpaceExplorer:Probe"],"picked":"RobotSpaceExplorer:PlasmaMissile","floor":20},{"not_picked":["RobotSpaceExplorer:Ammunition","RobotSpaceExplorer:SurgingStrike+1"],"picked":"RobotSpaceExplorer:ShockKick+1","floor":21},{"not_picked":["RobotSpaceExplorer:Electroshield","RobotSpaceExplorer:Smokescreen+1","RobotSpaceExplorer:Counterblock"],"picked":"Singing Bowl","floor":23},{"not_picked":["RobotSpaceExplorer:ScrapMissile","RobotSpaceExplorer:MakeshiftVolley","RobotSpaceExplorer:Probe"],"picked":"Singing Bowl","floor":24},{"not_picked":["RobotSpaceExplorer:Blitz","RobotSpaceExplorer:MiniDrones+1"],"picked":"RobotSpaceExplorer:Reload","floor":27},{"not_picked":["RobotSpaceExplorer:GlueShot","RobotSpaceExplorer:ImprovisedAttack","RobotSpaceExplorer:ScrapMissile"],"picked":"Singing Bowl","floor":29},{"not_picked":["RobotSpaceExplorer:DualCore+1","RobotSpaceExplorer:Multitool"],"picked":"RobotSpaceExplorer:Discharger","floor":30},{"not_picked":["RobotSpaceExplorer:MiniDrones+1","RobotSpaceExplorer:ScrapToss"],"picked":"RobotSpaceExplorer:Pulsar+1","floor":31},{"not_picked":["RobotSpaceExplorer:Explosion","RobotSpaceExplorer:BlastShield"],"picked":"RobotSpaceExplorer:HighVoltage","floor":33},{"not_picked":["RobotSpaceExplorer:ScrapMissile","RobotSpaceExplorer:Counterblock","RobotSpaceExplorer:GlueShot"],"picked":"Singing Bowl","floor":35},{"not_picked":["RobotSpaceExplorer:ScrapShield","RobotSpaceExplorer:JunkDive","RobotSpaceExplorer:MiniDrones"],"picked":"Singing Bowl","floor":37},{"not_picked":["RobotSpaceExplorer:Ammunition","RobotSpaceExplorer:ImprovisedAttack","RobotSpaceExplorer:SlimeMissile+1"],"picked":"Singing Bowl","floor":39},{"not_picked":["RobotSpaceExplorer:LaserBurst","RobotSpaceExplorer:SlimeMissile","RobotSpaceExplorer:ImprovisedAttack"],"picked":"Singing Bowl","floor":41},{"not_picked":["RobotSpaceExplorer:PowerGlove+1","RobotSpaceExplorer:MiniDrones+1","RobotSpaceExplorer:DualCore"],"picked":"Singing Bowl","floor":44},{"not_picked":["RobotSpaceExplorer:FrostMissile","RobotSpaceExplorer:ShockKick+1"],"picked":"RobotSpaceExplorer:FreezingShield+1","floor":45},{"not_picked":["RobotSpaceExplorer:FrostMissile","RobotSpaceExplorer:PowerCollector+1"],"picked":"RobotSpaceExplorer:Blaster","floor":47},{"not_picked":["RobotSpaceExplorer:Pulsar+1","RobotSpaceExplorer:FrostMissile","RobotSpaceExplorer:ShovelStrike+1"],"picked":"Singing Bowl","floor":54}],"player_experience":1039901,"relics_obtained":[{"floor":6,"key":"Turnip"},{"floor":8,"key":"Bottled Lightning"},{"floor":9,"key":"Singing Bowl"},{"floor":22,"key":"Ice Cream"},{"floor":23,"key":"Potion Belt"},{"floor":27,"key":"StrikeDummy"},{"floor":30,"key":"Darkstone Periapt"},{"floor":31,"key":"Red Mask"},{"floor":39,"key":"Du-Vu Doll"},{"floor":41,"key":"Calipers"},{"floor":43,"key":"PreservedInsect"},{"floor":44,"key":"FossilizedHelix"},{"floor":47,"key":"Nunchaku"},{"floor":54,"key":"Art of War"}],"event_choices":[{"cards_removed":["RobotSpaceExplorer:MiniLasers"],"damage_healed":0,"gold_gain":0,"player_choice":"Offered Basic","damage_taken":0,"max_hp_gain":0,"max_hp_loss":0,"event_name":"Bonfire Elementals","floor":2,"gold_loss":0},{"damage_healed":0,"gold_gain":0,"player_choice":"Entered Light","damage_taken":16,"max_hp_gain":0,"max_hp_loss":0,"event_name":"Shining Light","floor":13,"gold_loss":0,"cards_upgraded":["RobotSpaceExplorer:Strike","RobotSpaceExplorer:Counterblock"]},{"damage_healed":0,"gold_gain":0,"player_choice":"Donut","damage_taken":0,"max_hp_gain":5,"max_hp_loss":0,"event_name":"Big Fish","floor":14,"gold_loss":0},{"damage_healed":0,"gold_gain":0,"player_choice":"Gave Potion","damage_taken":0,"relics_obtained":["Toy Ornithopter"],"max_hp_gain":0,"max_hp_loss":0,"event_name":"WeMeetAgain","floor":19,"gold_loss":0},{"damage_healed":0,"gold_gain":0,"player_choice":"Obtained Relic","damage_taken":0,"relics_obtained":["Regal Pillow"],"max_hp_gain":0,"max_hp_loss":0,"event_name":"Addict","floor":25,"gold_loss":85},{"damage_healed":0,"gold_gain":0,"player_choice":"Fought Bandits","damage_taken":0,"max_hp_gain":0,"max_hp_loss":0,"event_name":"Masked Bandits","floor":31,"gold_loss":0},{"cards_removed":["RobotSpaceExplorer:Strike"],"damage_healed":0,"gold_gain":0,"player_choice":"Removed Attack","damage_taken":0,"max_hp_gain":0,"max_hp_loss":0,"event_name":"Falling","floor":36,"gold_loss":0},{"damage_healed":0,"gold_gain":0,"player_choice":"Fight","damage_taken":0,"max_hp_gain":0,"max_hp_loss":0,"event_name":"MindBloom","floor":39,"gold_loss":0}],"is_beta":false,"boss_relics":[{"not_picked":["Busted Crown","Calling Bell"],"picked":"Velvet Choker"},{"not_picked":["RobotSpaceExplorer:Reprocessor","Coffee Dripper"],"picked":"Fusion Hammer"}],"items_purged_floors":[0,0,38,48,53],"is_endless":false,"potions_floor_spawned":[1,5,8,11,18,24,30,37,45,47],"ascension_level":2}}