{"host":"h0xw20cia6ppa69g","time":1610620829,"event":{"mods":["AchievementEnabler","BaseMod","Colored Map","Filter the Spire","Googly Eyes","Minty Spire (QoL Compilation)","Relic Stats","StSLib","The Awakened One except there are too many feathers","everything is the same but u backflip on backflip"],"gold_per_floor":[113,15,34,34,45,45,61,61,61,73,107,107,134,150,150,247,247,257,1,21,40,4,31,51,77,77,100,129,159,159,190,190,292,292,311,123,174,192,209,238,255,255,279,291,291,316,331,356,356,356,356,356,23,55,55],"floor_reached":56,"language":"ENG","playtime":3874,"items_purged":["Decay","Pain","Rampage"],"score":1482,"play_id":"585b508b-511b-4a80-a3a3-830cbcfe9ce9","local_time":"20210114044029","is_ascension_mode":true,"campfire_choices":[{"data":"Immolate","floor":8.0,"key":"SMITH"},{"data":"Bash","floor":12.0,"key":"SMITH"},{"data":"Disarm","floor":15.0,"key":"SMITH"},{"data":"Feed","floor":30.0,"key":"SMITH"},{"data":"Dual Wield","floor":32.0,"key":"SMITH"},{"floor":42,"key":"RECALL"},{"data":"True Grit","floor":45,"key":"SMITH"},{"data":"Feel No Pain","floor":49,"key":"SMITH"},{"data":"Burning Pact","floor":52,"key":"SMITH"}],"circlet_count":0,"master_deck":["Bash+1","Immolate+1","True Grit","Shrug It Off","Dual Wield+1","Offering","Impervious","Battle Trance","Disarm+1","Feed+1","Berserk","Double Tap","Brutality","True Grit+1","Bludgeon","Clash","Rampage","Twin Strike","Shrug It Off","Spot Weakness+1","Burning Pact+1","Pummel","Battle Trance","Barricade","Bloodletting+1","Berserk","Corruption","Headbutt","Shrug It Off","Second Wind","Sentinel+1","Feel No Pain+1","True Grit","Flex+1","Disarm","Thunderclap","Shockwave+1","Shockwave+1","Limit Break","Exhume"],"relics":["Burning Blood","WarpedTongs","HornCleat","Torii","StoneCalendar","Pandora\u0027s Box","OrangePellets","Bag of Preparation","Question Card","Centennial Puzzle","Juzu Bracelet","Letter Opener","Red Mask","Orichalcum","Mark of Pain","Orrery","Turnip","Bag of Marbles","Regal Pillow","Meat on the Bone","Calipers"],"acts_visited":["Exordium","TheCity","TheBeyond","TheEnding"],"potions_floor_usage":[33,55,55,55],"damage_taken":[{"damage":6.0,"enemies":"Cultist","floor":1.0,"turns":3.0},{"damage":3.0,"enemies":"Jaw Worm","floor":3.0,"turns":3.0},{"damage":0.0,"enemies":"2 Louse","floor":5.0,"turns":3.0},{"damage":10.0,"enemies":"Exordium Wildlife","floor":7.0,"turns":4.0},{"damage":9.0,"enemies":"Blue Slaver","floor":10.0,"turns":2.0},{"damage":43.0,"enemies":"Lagavulin","floor":11.0,"turns":7.0},{"damage":8.0,"enemies":"Gremlin Nob","floor":13.0,"turns":3.0},{"damage":0.0,"enemies":"3 Louse","floor":14.0,"turns":1.0},{"damage":15.0,"enemies":"Hexaghost","floor":16.0,"turns":10.0},{"damage":8.0,"enemies":"Spheric Guardian","floor":18.0,"turns":3.0},{"damage":6.0,"enemies":"2 Thieves","floor":20.0,"turns":3.0},{"damage":9.0,"enemies":"Snake Plant","floor":21.0,"turns":3.0},{"damage":27.0,"enemies":"Book of Stabbing","floor":23.0,"turns":4.0},{"damage":28.0,"enemies":"Sentry and Sphere","floor":24.0,"turns":7.0},{"damage":34.0,"enemies":"Slavers","floor":25.0,"turns":6.0},{"damage":9.0,"enemies":"Gremlin Leader","floor":28.0,"turns":5.0},{"damage":6.0,"enemies":"Masked Bandits","floor":29.0,"turns":3.0},{"damage":9.0,"enemies":"Slavers","floor":31.0,"turns":4.0},{"damage":19,"enemies":"Automaton","floor":33,"turns":7},{"damage":9,"enemies":"Orb Walker","floor":35,"turns":4},{"damage":3,"enemies":"2 Orb Walkers","floor":37,"turns":3},{"damage":8,"enemies":"3 Shapes","floor":38,"turns":7},{"damage":0,"enemies":"Sphere and 2 Shapes","floor":39,"turns":9},{"damage":34,"enemies":"Giant Head","floor":40,"turns":9},{"damage":18,"enemies":"Jaw Worm Horde","floor":41,"turns":5},{"damage":20,"enemies":"Maw","floor":44,"turns":7},{"damage":20,"enemies":"Nemesis","floor":46,"turns":11},{"damage":13,"enemies":"3 Darklings","floor":47,"turns":6},{"damage":9,"enemies":"Reptomancer","floor":48,"turns":7},{"damage":16,"enemies":"Awakened One","floor":50,"turns":24},{"damage":10,"enemies":"Shield and Spear","floor":54,"turns":11},{"damage":46,"enemies":"The Heart","floor":55,"turns":8}],"seed_played":"5886586592317182498","potions_obtained":[{"floor":1.0,"key":"GamblersBrew"},{"floor":5.0,"key":"Ancient Potion"},{"floor":10.0,"key":"DuplicationPotion"},{"floor":18.0,"key":"SteroidPotion"},{"floor":24.0,"key":"AttackPotion"},{"floor":25.0,"key":"Weak Potion"},{"floor":31.0,"key":"SteroidPotion"},{"floor":38,"key":"SteroidPotion"},{"floor":39,"key":"SteroidPotion"}],"is_trial":false,"path_per_floor":["M","$","M","?","M","$","M","R","T","M","E","R","E","M","R","B",null,"M","$","M","M","$","E","M","E","T","T","E","?","R","E","R","B",null,"M","$","?","M","M","E","M","R","T","M","R","E","M","E","R","B",null,"R","$","E","B",null],"character_chosen":"IRONCLAD","items_purchased":["Shrug It Off","OrangePellets","Pummel","Orrery","Feel No Pain","Limit Break","SpeedPotion"],"campfire_rested":0,"item_purchase_floors":[2,19,22,36,36,53,53],"current_hp_per_floor":[80,80,80,80,80,80,76,76,76,73,36,36,34,40,40,31,80,81,81,85,85,85,67,48,29,29,29,26,29,29,30,30,17,112,113,113,116,114,120,96,88,88,88,74,74,64,61,58,58,64,140,140,140,144,104],"gold":55,"neow_bonus":"THREE_RARE_CARDS","is_daily":false,"chose_seed":false,"campfire_upgraded":8,"win_rate":0.0,"timestamp":1610620829,"path_taken":["M","$","M","?","?","?","M","R","T","M","E","R","E","M","R","BOSS","M","$","M","M","?","E","M","E","T","?","E","?","R","E","R","BOSS","M","$","?","M","M","E","M","R","T","M","R","E","M","E","R","BOSS","R","$","E","BOSS"],"items_purchased_type":["Card","Relic","Card","Relic","Card","Card","Potion"],"build_version":"2020-12-22","purchased_purges":3,"victory":true,"max_hp_per_floor":[80,80,80,80,80,80,80,80,80,80,80,80,80,80,80,80,80,83,83,87,90,90,93,96,105,105,105,105,108,108,112,112,112,112,116,116,116,116,120,124,128,128,128,128,128,132,136,136,136,140,140,140,140,148,148],"relic_stats":{"Regal Pillow":0,"Torii":45,"counters":[32,192],"StoneCalendar":[395],"Bag of Preparation":[38],"Juzu Bracelet":1,"Letter Opener":[502],"Orichalcum":[48],"Question Card":20,"Burning Blood":179,"WarpedTongs":[178],"OrangePellets":[64],"Centennial Puzzle":[47],"Pandora\u0027s Box":["Berserk","Double Tap","Brutality","True Grit","Rampage","Bludgeon","Clash","Rampage","Twin Strike"],"Turnip":[10],"obtain_stats":[{"Regal Pillow":46,"Calipers":54,"Torii":11,"StoneCalendar":13,"Bag of Preparation":23,"Juzu Bracelet":27,"Letter Opener":28,"Orichalcum":31,"Question Card":25,"Burning Blood":0,"WarpedTongs":4,"OrangePellets":19,"Centennial Puzzle":26,"HornCleat":9,"Orrery":36,"Pandora\u0027s Box":17,"Mark of Pain":34,"Turnip":37,"Red Mask":29,"Bag of Marbles":40,"Meat on the Bone":48},{"Regal Pillow":27,"Calipers":31,"Torii":6,"StoneCalendar":7,"Bag of Preparation":13,"Juzu Bracelet":15,"Letter Opener":16,"Orichalcum":18,"Question Card":15,"Burning Blood":0,"WarpedTongs":2,"OrangePellets":10,"Centennial Puzzle":15,"HornCleat":4,"Orrery":20,"Pandora\u0027s Box":9,"Mark of Pain":19,"Turnip":21,"Red Mask":17,"Bag of Marbles":24,"Meat on the Bone":29},{"Regal Pillow":136,"Calipers":184,"Torii":22,"StoneCalendar":25,"Bag of Preparation":49,"Juzu Bracelet":62,"Letter Opener":67,"Orichalcum":74,"Question Card":62,"Burning Blood":0,"WarpedTongs":6,"OrangePellets":39,"Centennial Puzzle":62,"HornCleat":13,"Orrery":85,"Pandora\u0027s Box":36,"Mark of Pain":81,"Turnip":88,"Red Mask":70,"Bag of Marbles":113,"Meat on the Bone":149}],"Meat on the Bone":12},"card_choices":[{"not_picked":["Corruption","Fiend Fire"],"picked":"Immolate","floor":0.0},{"not_picked":["Thunderclap","Wild Strike"],"picked":"True Grit","floor":1.0},{"not_picked":["Combust","Shrug It Off"],"picked":"Dual Wield","floor":3.0},{"not_picked":["Carnage","Twin Strike","Sentinel"],"picked":"SKIP","floor":5.0},{"not_picked":["Seeing Red","Wild Strike"],"picked":"Offering","floor":7.0},{"not_picked":["Uppercut","Entrench","Wild Strike"],"picked":"SKIP","floor":10.0},{"not_picked":["Anger","Wild Strike"],"picked":"Impervious","floor":11.0},{"not_picked":["Warcry","Bloodletting"],"picked":"Battle Trance","floor":13.0},{"not_picked":["Twin Strike","Thunderclap"],"picked":"Disarm","floor":14.0},{"not_picked":["Corruption","Fiend Fire"],"picked":"Feed","floor":16.0},{"not_picked":["Uppercut","Rage"],"picked":"Shrug It Off","floor":18.0},{"not_picked":["Pummel","Warcry"],"picked":"Spot Weakness+1","floor":20.0},{"not_picked":["Hemokinesis","Uppercut"],"picked":"Burning Pact","floor":21.0},{"not_picked":["Flex","Hemokinesis+1"],"picked":"Battle Trance","floor":23.0},{"not_picked":["Wild Strike","Armaments","Sever Soul"],"picked":"SKIP","floor":24.0},{"not_picked":["Flex","Havoc","Warcry"],"picked":"SKIP","floor":25.0},{"not_picked":["Metallicize","Cleave","Feel No Pain+1"],"picked":"Barricade","floor":28.0},{"not_picked":["Fire Breathing","Fiend Fire","Havoc"],"picked":"Bloodletting+1","floor":31.0},{"not_picked":["Double Tap","Feed","Corruption"],"picked":"Berserk","floor":33},{"not_picked":["Havoc","Anger","Hemokinesis+1","Sentinel"],"picked":"SKIP","floor":35},{"not_picked":["Blood for Blood","Sword Boomerang","Cleave"],"picked":"Corruption","floor":36},{"not_picked":["Warcry","Pommel Strike","Brutality"],"picked":"Headbutt","floor":36},{"not_picked":["Twin Strike","Rampage+1","Warcry+1"],"picked":"Shrug It Off","floor":36},{"not_picked":["Cleave+1","Twin Strike","Heavy Blade"],"picked":"Second Wind","floor":36},{"not_picked":["Heavy Blade+1","Headbutt","Havoc"],"picked":"Sentinel+1","floor":36},{"not_picked":["Intimidate","Sever Soul+1","Pommel Strike"],"picked":"True Grit","floor":37},{"not_picked":["Clash","Clothesline","Pummel+1","Infernal Blade+1"],"picked":"SKIP","floor":38},{"not_picked":["Perfected Strike","Body Slam+1","Dropkick"],"picked":"Flex+1","floor":39},{"not_picked":["Double Tap","True Grit+1","Infernal Blade+1"],"picked":"Disarm","floor":40},{"not_picked":["Anger","Battle Trance","Armaments"],"picked":"Thunderclap","floor":41},{"not_picked":["Rage+1","Reckless Charge","Warcry"],"picked":"Shockwave+1","floor":44},{"not_picked":["Iron Wave+1","Anger+1","Armaments","Wild Strike"],"picked":"SKIP","floor":46},{"not_picked":["Wild Strike+1","Body Slam","Intimidate","Warcry"],"picked":"SKIP","floor":47},{"not_picked":["Carnage","Second Wind","Clash"],"picked":"Shockwave+1","floor":48},{"not_picked":["Headbutt+1","Iron Wave","Seeing Red"],"picked":"Exhume","floor":54}],"player_experience":3697540,"relics_obtained":[{"floor":9.0,"key":"HornCleat"},{"floor":11.0,"key":"Torii"},{"floor":13.0,"key":"StoneCalendar"},{"floor":23.0,"key":"Bag of Preparation"},{"floor":25.0,"key":"Question Card"},{"floor":26.0,"key":"Centennial Puzzle"},{"floor":27.0,"key":"Juzu Bracelet"},{"floor":28.0,"key":"Letter Opener"},{"floor":29.0,"key":"Red Mask"},{"floor":31.0,"key":"Orichalcum"},{"floor":37,"key":"Turnip"},{"floor":40,"key":"Bag of Marbles"},{"floor":46,"key":"Regal Pillow"},{"floor":48,"key":"Meat on the Bone"},{"floor":54,"key":"Calipers"}],"event_choices":[{"damage_healed":0.0,"max_hp_gain":0.0,"max_hp_loss":0.0,"gold_gain":0.0,"event_name":"Accursed Blacksmith","player_choice":"Rummage","floor":4.0,"gold_loss":0.0,"damage_taken":0.0,"relics_obtained":["WarpedTongs"],"cards_obtained":["Pain"]},{"damage_healed":0.0,"max_hp_gain":0.0,"max_hp_loss":0.0,"gold_gain":0.0,"event_name":"Masked Bandits","player_choice":"Fought Bandits","floor":29.0,"gold_loss":0.0,"damage_taken":0.0},{"damage_healed":0,"gold_gain":0,"player_choice":"Fight","damage_taken":0,"max_hp_gain":0,"max_hp_loss":0,"event_name":"Mysterious Sphere","floor":37,"gold_loss":0}],"is_beta":false,"boss_relics":[{"not_picked":["Astrolabe","Velvet Choker"],"picked":"Pandora\u0027s Box"},{"not_picked":["Coffee Dripper","Cursed Key"],"picked":"Mark of Pain"}],"items_purged_floors":[2,19,53],"is_endless":false,"potions_floor_spawned":[1,5,10,13,14,18,21,24,25,31,38,39,41,46,47,54],"ascension_level":1}}