{"host":"q9718omregw4er46","time":1610633741,"event":{"mods":["BaseMod","Bestiary","Colored Powertips","Minty Spire (QoL Compilation)","Quick Restart","Relic Stats"],"gold_per_floor":[115,133,25,36,54,85,85,126,126,126,126],"floor_reached":10,"language":"ENG","playtime":385,"items_purged":[],"score":156,"play_id":"8ca89a9c-8b77-4a13-8dff-263515d381c4","local_time":"20210114191541","is_ascension_mode":true,"campfire_choices":[{"floor":7,"key":"REST"}],"circlet_count":0,"master_deck":["AscendersBane","Strike_B","Strike_B","Strike_B","Strike_B","Defend_B","Defend_B","Defend_B","Defend_B","Zap","Dualcast","Chill","Go for the Eyes","Sunder","Compile Driver","Loop","Recycle","Cold Snap"],"relics":["Black Star","Anchor","Centennial Puzzle","Shovel","CeramicFish","The Courier"],"acts_visited":["Exordium"],"potions_floor_usage":[6,8,8,8],"damage_taken":[{"damage":6,"enemies":"Cultist","floor":1,"turns":4},{"damage":3,"enemies":"2 Louse","floor":2,"turns":3},{"damage":0,"enemies":"Small Slimes","floor":4,"turns":3},{"damage":11,"enemies":"Blue Slaver","floor":5,"turns":5},{"damage":14,"enemies":"3 Sentries","floor":6,"turns":6},{"damage":17,"enemies":"Lagavulin","floor":8,"turns":8},{"damage":38,"enemies":"Gremlin Nob","floor":10,"turns":4}],"seed_played":"-1657793379813816434","potions_obtained":[{"floor":2,"key":"Explosive Potion"},{"floor":6,"key":"EntropicBrew"}],"is_trial":false,"path_per_floor":["M","M","$","M","M","E","R","E","T","E"],"character_chosen":"DEFECT","items_purchased":["Sunder","Compile Driver"],"campfire_rested":1,"item_purchase_floors":[3,3],"current_hp_per_floor":[58,55,55,55,44,30,51,34,34,0,0],"gold":126,"neow_bonus":"BOSS_RELIC","is_daily":false,"chose_seed":false,"campfire_upgraded":0,"win_rate":0.0,"timestamp":1610633741,"path_taken":["M","?","$","M","M","E","R","E","T","E"],"items_purchased_type":["Card","Card"],"build_version":"2020-12-22","purchased_purges":0,"victory":false,"max_hp_per_floor":[71,71,71,71,71,71,71,71,71,71,71],"relic_stats":{"Centennial Puzzle":[6],"Shovel":0,"counters":[7,33],"CeramicFish":9,"Black Star":2,"obtain_stats":[{"Anchor":6,"Centennial Puzzle":6,"Shovel":8,"CeramicFish":8,"The Courier":9,"Black Star":0,"Cracked Core":0},{"Anchor":5,"Centennial Puzzle":5,"Shovel":6,"CeramicFish":6,"The Courier":6,"Black Star":0,"Cracked Core":0},{"Anchor":21,"Centennial Puzzle":21,"Shovel":29,"CeramicFish":29,"The Courier":29,"Black Star":0,"Cracked Core":0}]},"card_choices":[{"not_picked":["Beam Cell","Lockon"],"picked":"Chill","floor":1},{"not_picked":["Redo","Streamline"],"picked":"Go for the Eyes","floor":2},{"not_picked":["Turbo","Rebound"],"picked":"Loop","floor":4},{"not_picked":["Storm","Amplify","Streamline"],"picked":"SKIP","floor":5},{"not_picked":["Go for the Eyes","Tempest"],"picked":"Recycle","floor":6},{"not_picked":["Steam Power","Reinforced Body"],"picked":"Cold Snap","floor":8}],"player_experience":1206112,"relics_obtained":[{"floor":6,"key":"Anchor"},{"floor":6,"key":"Centennial Puzzle"},{"floor":8,"key":"Shovel"},{"floor":8,"key":"CeramicFish"},{"floor":9,"key":"The Courier"}],"event_choices":[],"is_beta":false,"boss_relics":[],"items_purged_floors":[],"is_endless":false,"potions_floor_spawned":[2,6],"killed_by":"Gremlin Nob","ascension_level":20}}