{"host":"q98mp5s7e93e1jw5","time":1610663866,"event":{"mods":["BaseMod","Minty Spire (QoL Compilation)","StSLib","The Cursed","??????REMEMod"],"gold_per_floor":[118,130,142,217,217,217,247,247,247,263,263,263,287,287,287,408,408,622,622,144,104,329,329,549,549,549,770,970,1185,1284,1298,1298,1418,1618,1638,3037,2296,2320,2320,2320],"floor_reached":39,"language":"ENG","playtime":1554,"items_purged":["Normality"],"score":606,"play_id":"ec684138-56b5-47a5-87c3-982e7588c976","local_time":"20210114143746","is_ascension_mode":false,"campfire_choices":[{"data":"TheCursedMod:SpitefulPlan","floor":6,"key":"SMITH"},{"floor":11,"key":"REST"},{"data":"TheCursedMod:Hemoplague","floor":15,"key":"SMITH"},{"floor":23,"key":"REST"},{"data":"TheCursedMod:VoidForm","floor":25,"key":"SMITH"},{"floor":32,"key":"REST"}],"circlet_count":0,"master_deck":["TheCursedMod:Strike_TheCursed+1","TheCursedMod:Strike_TheCursed","TheCursedMod:Strike_TheCursed","TheCursedMod:Strike_TheCursed+1","TheCursedMod:Defend_TheCursed","TheCursedMod:Defend_TheCursed","TheCursedMod:Defend_TheCursed","TheCursedMod:Defend_TheCursed","TheCursedMod:CursedWand","TheCursedMod:CleanUpWorkshop","TheCursedMod:Dregs","TheCursedMod:Obscuration+1","REME_HeartOfCthun","TheCursedMod:VitalStrike+1","TheCursedMod:SpitefulPlan+1","TheCursedMod:CircleOfFlame","TheCursedMod:FleshFromBone+1","TheCursedMod:CursedBoomerang","Injury","TheCursedMod:Hemoplague+1","TheCursedMod:VoidForm+1","Decay","TheCursedMod:LuckyCharm","TheCursedMod:Dregs","Doubt","Parasite","Writhe","Decay","TheCursedMod:DemonicPact","CurseOfTheBell","Normality","TheCursedMod:FleshFromBone"],"relics":["TheCursedMod:BlackMagic101","REME_ComplimentaryCards","TheCursedMod:MagicCandle","TheCursedMod:DemonicMark","Calipers","Golden Idol","REME_DemonsWealth","Regal Pillow","Eternal Feather","Bottled Lightning","Vajra","Calling Bell","Oddly Smooth Stone","HornCleat","TheCursedMod:CrystalBall","Strawberry","Sling","Matryoshka"],"acts_visited":["Exordium","TheCity","TheBeyond"],"potions_floor_usage":[7,16,18,22,24,33,35,38,38,38,39],"damage_taken":[{"damage":2,"enemies":"Cultist","floor":1,"turns":5},{"damage":0,"enemies":"2 Louse","floor":2,"turns":2},{"damage":1,"enemies":"Jaw Worm","floor":3,"turns":3},{"damage":8,"enemies":"3 Sentries","floor":7,"turns":4},{"damage":5,"enemies":"Looter","floor":10,"turns":3},{"damage":0,"enemies":"Large Slime","floor":13,"turns":4},{"damage":0,"enemies":"Slime Boss","floor":16,"turns":6},{"damage":39,"enemies":"3 Byrds","floor":18,"turns":5},{"damage":8,"enemies":"Spheric Guardian","floor":22,"turns":6},{"damage":18,"enemies":"Shelled Parasite and Fungi","floor":24,"turns":5},{"damage":16,"enemies":"Snecko","floor":27,"turns":6},{"damage":20,"enemies":"Snake Plant","floor":29,"turns":7},{"damage":28,"enemies":"Cultist and Chosen","floor":31,"turns":6},{"damage":49,"enemies":"Collector","floor":33,"turns":6},{"damage":76,"enemies":"3 Darklings","floor":35,"turns":7},{"damage":8,"enemies":"Orb Walker","floor":38,"turns":4},{"damage":5,"enemies":"Jaw Worm Horde","floor":39,"turns":1}],"seed_played":"-6408495472946832019","potions_obtained":[{"floor":2,"key":"SteroidPotion"},{"floor":13,"key":"PowerPotion"},{"floor":16,"key":"SpeedPotion"},{"floor":18,"key":"Fruit Juice"},{"floor":22,"key":"Block Potion"},{"floor":31,"key":"CultistPotion"},{"floor":33,"key":"FearPotion"},{"floor":35,"key":"Energy Potion"},{"floor":38,"key":"Dexterity Potion"}],"is_trial":false,"path_per_floor":["M","M","M","?","?","R","E","?","T","M","R","?","M","?","R","B",null,"M","?","$","?","M","R","M","R","T","M","?","M","?","M","R","B",null,"M","?","$","M","M"],"character_chosen":"THE_CURSED","items_purchased":["Regal Pillow","TheCursedMod:LuckyCharm","Eternal Feather","Strawberry","Sling","Matryoshka","BlessingOfTheForge","SpeedPotion"],"campfire_rested":3,"item_purchase_floors":[20,20,20,37,37,37,37,37],"current_hp_per_floor":[73,73,72,61,58,58,50,35,35,30,52,52,52,52,52,52,75,36,36,36,36,33,80,62,77,77,61,61,41,41,13,67,18,80,4,4,11,3,0,0],"gold":2320,"neow_bonus":"THREE_CARDS","is_daily":false,"chose_seed":false,"campfire_upgraded":3,"win_rate":0.0,"timestamp":1610663866,"path_taken":["M","M","?","?","?","R","E","?","T","M","R","?","M","?","R","BOSS","M","?","$","?","M","R","?","R","T","M","?","M","?","M","R","BOSS","M","?","$","M","M"],"items_purchased_type":["Relic","Card","Relic","Relic","Relic","Relic","Potion","Potion"],"build_version":"2020-12-22","purchased_purges":1,"victory":false,"max_hp_per_floor":[75,75,75,75,75,75,75,75,75,75,75,75,75,75,75,75,75,75,75,75,75,80,80,80,80,80,80,80,80,80,80,80,80,80,80,80,87,87,87,87],"card_choices":[{"not_picked":["TheCursedMod:CircleOfFlame","TheCursedMod:SpitefulStrike"],"picked":"TheCursedMod:Obscuration","floor":0},{"not_picked":["TheCursedMod:Obscuration","TheCursedMod:RapidMovement"],"picked":"TheCursedMod:VitalStrike","floor":1},{"not_picked":["TheCursedMod:RavingStaff","TheCursedMod:Wield"],"picked":"TheCursedMod:SpitefulPlan","floor":2},{"not_picked":["TheCursedMod:RavingStaff","TheCursedMod:Neurasthenia"],"picked":"TheCursedMod:CircleOfFlame","floor":3},{"not_picked":["TheCursedMod:ManaBullet","TheCursedMod:StingEye"],"picked":"TheCursedMod:FleshFromBone","floor":7},{"not_picked":["TheCursedMod:CircleOfWindfury","TheCursedMod:SpreadPlague"],"picked":"TheCursedMod:CursedBoomerang","floor":10},{"not_picked":["TheCursedMod:EmpowerCircles","TheCursedMod:SurpriseAttack"],"picked":"TheCursedMod:Hemoplague","floor":13},{"not_picked":["TheCursedMod:StunningStrike","TheCursedMod:OutForBlood"],"picked":"TheCursedMod:VoidForm","floor":16},{"not_picked":["TheCursedMod:CursedAmulet","TheCursedMod:ReleasedStrength","TheCursedMod:SmokeScreen+1"],"picked":"Decay","floor":18},{"not_picked":["TheCursedMod:VitalStrike+1","TheCursedMod:Stretching","TheCursedMod:CursedSpellbook"],"picked":"TheCursedMod:Dregs","floor":22},{"not_picked":["TheCursedMod:WearCloak+1","TheCursedMod:SoulCrush","TheCursedMod:CursedArmor"],"picked":"Doubt","floor":24},{"not_picked":["TheCursedMod:FleshFromBone","TheCursedMod:SoulReap+1","TheCursedMod:TacticalStrike+1"],"picked":"Parasite","floor":27},{"not_picked":["TheCursedMod:Grudge","TheCursedMod:SmokeScreen+1","TheCursedMod:CursedAmulet"],"picked":"Decay","floor":29},{"not_picked":["TheCursedMod:OutForBlood","TheCursedMod:CursedStaff","TheCursedMod:CursedBlade","Decay"],"picked":"SKIP","floor":31},{"not_picked":["TheCursedMod:StunningStrike","TheCursedMod:VoidForm","Pain"],"picked":"TheCursedMod:DemonicPact","floor":33},{"not_picked":["TheCursedMod:CursedAmulet+1","TheCursedMod:CursedBlade","TheCursedMod:Hemoplague+1","Doubt"],"picked":"SKIP","floor":35},{"not_picked":["TheCursedMod:Obscuration+1","TheCursedMod:TacticalStrike+1","Shame"],"picked":"TheCursedMod:FleshFromBone","floor":38}],"player_experience":379801,"relics_obtained":[{"floor":7,"key":"TheCursedMod:DemonicMark"},{"floor":9,"key":"Calipers"},{"floor":26,"key":"Bottled Lightning"},{"floor":34,"key":"Oddly Smooth Stone"},{"floor":34,"key":"HornCleat"},{"floor":34,"key":"TheCursedMod:CrystalBall"}],"event_choices":[{"damage_healed":0,"gold_gain":75,"player_choice":"Gather Gold","damage_taken":11,"max_hp_gain":0,"max_hp_loss":0,"event_name":"World of Goop","floor":4,"gold_loss":0},{"damage_healed":0,"gold_gain":0,"player_choice":"Success","damage_taken":3,"relics_obtained":["TheCursedMod:MagicCandle"],"max_hp_gain":0,"max_hp_loss":0,"event_name":"Scrap Ooze","floor":5,"gold_loss":0},{"damage_healed":0,"gold_gain":0,"player_choice":"Entered Light","damage_taken":15,"max_hp_gain":0,"max_hp_loss":0,"event_name":"Shining Light","floor":8,"gold_loss":0,"cards_upgraded":["TheCursedMod:Strike_TheCursed","TheCursedMod:VitalStrike"]},{"damage_healed":0,"gold_gain":0,"player_choice":"Take Wound","damage_taken":0,"relics_obtained":["Golden Idol"],"max_hp_gain":0,"max_hp_loss":0,"event_name":"Golden Idol","floor":12,"gold_loss":0,"cards_obtained":["Injury"]},{"damage_healed":0,"gold_gain":0,"player_choice":"Grow","damage_taken":0,"max_hp_gain":0,"max_hp_loss":0,"event_name":"Living Wall","floor":14,"gold_loss":0,"cards_upgraded":["TheCursedMod:FleshFromBone"]},{"damage_healed":0,"gold_gain":0,"player_choice":"Ignored","damage_taken":0,"max_hp_gain":0,"max_hp_loss":0,"event_name":"Beggar","floor":19,"gold_loss":0},{"damage_healed":0,"gold_gain":0,"player_choice":"Upgraded Two","damage_taken":0,"max_hp_gain":0,"max_hp_loss":0,"event_name":"Designer","floor":21,"gold_loss":40,"cards_upgraded":["TheCursedMod:Strike_TheCursed","TheCursedMod:Obscuration"]},{"damage_healed":0,"gold_gain":0,"player_choice":"Opened","damage_taken":0,"relics_obtained":["Vajra"],"max_hp_gain":0,"max_hp_loss":0,"event_name":"The Mausoleum","floor":28,"gold_loss":0,"cards_obtained":["Writhe"]},{"damage_healed":0,"gold_gain":99,"player_choice":"Stole From Cult","damage_taken":0,"max_hp_gain":0,"max_hp_loss":0,"event_name":"Nest","floor":30,"gold_loss":0},{"damage_healed":0,"gold_gain":999,"player_choice":"Gold","damage_taken":0,"max_hp_gain":0,"max_hp_loss":0,"event_name":"MindBloom","floor":36,"gold_loss":0,"cards_obtained":["Normality","Normality"]}],"is_beta":false,"boss_relics":[{"not_picked":["Black Star","Runic Pyramid"],"picked":"REME_DemonsWealth"},{"not_picked":["REME_ChargedStone","Tiny House"],"picked":"Calling Bell"}],"items_purged_floors":[37],"is_endless":false,"potions_floor_spawned":[2,13,16,18,22,31,33,35,38],"killed_by":"Jaw Worm Horde","ascension_level":0}}