{"host":"h5acbxt0wmjo1kpm","time":1610623948,"event":{"mods":["2.2 Compatiblity","Act Like it!","AlwaysNeverKeys","Aspiration","Bard","Bartender","BaseMod","Better Third Choice","Colored Map","Elementarium","Gensokyo","GifTheSpireLib","Hallownest","Marisa????????","Menagerie","Minty Spire (QoL Compilation)","Permanent Neow","Potionbrewer","Relic Filter","Replay The Spire","Robot Space Explorer","RumiaBox-????????","Shade Mod","Spicy Shops","StSLib","Strawberry Spire","The Blackbeard","The Dragon Tamer","The Gatherer","The Hayseed","The Problem Sleuth","The Servant 0.9.4","Wandering Minibosses","vexMod"],"gold_per_floor":[115,21,21,36,36,36,68,68,68,79,92,92,92,92,92,92,92,92],"floor_reached":16,"language":"ENG","playtime":576,"items_purged":[],"score":171,"play_id":"ec4088fc-0936-4609-b4ba-4912acddd440","local_time":"20210114033228","is_ascension_mode":true,"campfire_choices":[{"data":"blackbeard:CatONineTails","floor":6,"key":"SMITH"},{"data":"blackbeard:Cutlass","floor":13,"key":"SMITH"},{"data":"blackbeard:IntimidatingStrike","floor":15,"key":"SMITH"}],"circlet_count":0,"master_deck":["AscendersBane","blackbeard:BlackbeardStrike","blackbeard:BlackbeardStrike","blackbeard:BlackbeardStrike","blackbeard:BlackbeardStrike","blackbeard:IntimidatingStrike+1","blackbeard:BlackbeardDefend","blackbeard:BlackbeardDefend","blackbeard:BlackbeardDefend","blackbeard:BlackbeardDefend","blackbeard:Cutlass+1","blackbeard:CatONineTails+1","blackbeard:TacticalRetreat","blackbeard:BlindAttacks+1"],"relics":["blackbeard:LoadTheCannons","aspiration:DSix","Kunai","Art of War","ReplayTheSpireMod:Ninjato","Molten Egg 2","Frozen Egg 2","Spirit Poop","Golden Idol"],"acts_visited":["Exordium"],"potions_floor_usage":[7],"damage_taken":[{"damage":6,"enemies":"2 Louse","floor":1,"turns":2},{"damage":0,"enemies":"Cultist","floor":4,"turns":2},{"damage":20,"enemies":"Lagavulin","floor":7,"turns":6},{"damage":1,"enemies":"Small Slimes","floor":10,"turns":4},{"damage":3,"enemies":"Looter","floor":11,"turns":2},{"damage":35,"enemies":"Hexaghost","floor":16,"turns":10}],"seed_played":"547693186294144785","potions_obtained":[{"floor":4,"key":"Energy Potion"}],"is_trial":false,"path_per_floor":["M","?","$","M","?","R","E","?","T","M","M","$","R","?","R","B"],"character_chosen":"BLACKBEARD_CLASS","items_purchased":[],"campfire_rested":0,"item_purchase_floors":[],"current_hp_per_floor":[58,58,58,58,58,58,38,38,38,37,34,34,34,34,34,0,0,0],"gold":92,"neow_bonus":"DSIX","is_daily":false,"chose_seed":false,"campfire_upgraded":3,"win_rate":0.0,"timestamp":1610623948,"path_taken":["M","?","$","?","?","R","E","?","T","?","M","$","R","?","R","BOSS"],"items_purchased_type":[],"build_version":"2020-12-22","purchased_purges":0,"victory":false,"max_hp_per_floor":[71,71,71,71,71,71,71,71,71,71,71,71,71,64,64,64,64,64],"card_choices":[{"not_picked":["blackbeard:Sword","blackbeard:GoldenStrike"],"picked":"blackbeard:CatONineTails","floor":1},{"not_picked":["blackbeard:PiratesWill","blackbeard:DoubleBottom","blackbeard:GoldenDefense"],"picked":"SKIP","floor":4},{"not_picked":["blackbeard:Eyepatch","blackbeard:GoldenDefense"],"picked":"blackbeard:TacticalRetreat","floor":7},{"not_picked":["blackbeard:Anchor","blackbeard:Toast"],"picked":"blackbeard:BlindAttacks+1","floor":10},{"not_picked":["blackbeard:BlindAttacks+1","blackbeard:DeadlyArsenal","blackbeard:FieryDefense"],"picked":"SKIP","floor":11}],"player_experience":2201712,"relics_obtained":[{"floor":1,"key":"Kunai"},{"floor":1,"key":"Art of War"},{"floor":7,"key":"Frozen Egg 2"}],"event_choices":[{"damage_healed":0,"gold_gain":0,"player_choice":"Paid Gold","damage_taken":0,"relics_obtained":["ReplayTheSpireMod:Ninjato"],"max_hp_gain":0,"max_hp_loss":0,"event_name":"WeMeetAgain","floor":2,"gold_loss":94},{"cards_removed":["Injury"],"damage_healed":0,"gold_gain":0,"player_choice":"Offered Curse","damage_taken":0,"relics_obtained":["Spirit Poop"],"max_hp_gain":0,"max_hp_loss":0,"event_name":"Bonfire Elementals","floor":8,"gold_loss":0},{"damage_healed":0,"gold_gain":0,"player_choice":"Lose Max HP","damage_taken":0,"relics_obtained":["Golden Idol"],"max_hp_gain":0,"max_hp_loss":7,"event_name":"Golden Idol","floor":14,"gold_loss":0}],"is_beta":false,"boss_relics":[],"items_purged_floors":[],"is_endless":false,"potions_floor_spawned":[4],"killed_by":"Hexaghost","ascension_level":15}}