{"host":"5pfivkovc4wibog0","time":1610626597,"event":{"mods":["2.2 Compatiblity","Arknights The Spire","BaseMod","Better Third Choice","Block Reminder","Colored Powertips","Downfall","Friendly Minions","GifTheSpireLib","Hermit","KinomotoSakuraMod(????)","Koishi","Minty Spire (QoL Compilation)","Permanent Neow","Quick Restart","Rare Cards Sparkle","Replay The Spire","StSLib","The Administrix","The Animator","The Cursed","TheSwordswoman"],"gold_per_floor":[109,184,198,50,60,60,60,60,60,79,96,106,120,120,120],"floor_reached":14,"language":"ENG","playtime":385,"items_purged":["Strike_B"],"score":84,"play_id":"0e8e9dca-804a-45d2-a84d-9f620fd3ca94","local_time":"20210114121637","is_ascension_mode":false,"campfire_choices":[{"floor":6,"key":"RECALL"},{"data":"Streamline","floor":8,"key":"SMITH"}],"circlet_count":0,"master_deck":["Strike_B","Strike_B","Strike_B","Defend_B","Defend_B","Defend_B","Defend_B","Zap+1","Dualcast","Gash","Scrape","Streamline+1","Storm+1","Beam Cell","Crystallizer"],"relics":["Cracked Core"],"acts_visited":["Exordium"],"potions_floor_usage":[],"damage_taken":[{"damage":0,"enemies":"2 Louse","floor":1,"turns":3},{"damage":7,"enemies":"Jaw Worm","floor":3,"turns":4},{"damage":0,"enemies":"Small Slimes","floor":5,"turns":3},{"damage":13,"enemies":"Exordium Wildlife","floor":10,"turns":3},{"damage":9,"enemies":"2 Fungi Beasts","floor":11,"turns":3},{"damage":8,"enemies":"Red Slaver","floor":12,"turns":3},{"damage":25,"enemies":"Exordium Wildlife","floor":13,"turns":4},{"damage":3,"enemies":"Gremlin Nob","floor":14,"turns":2}],"seed_played":"-544697157189973708","potions_obtained":[{"floor":1,"key":"SteroidPotion"},{"floor":5,"key":"FearPotion"},{"floor":11,"key":"SteroidPotion"}],"is_trial":false,"path_per_floor":["M","?","M","$","M","R","?","R","T","M","M","M","M","E"],"character_chosen":"DEFECT","items_purchased":["Scrape"],"campfire_rested":0,"item_purchase_floors":[4],"current_hp_per_floor":[75,64,57,57,57,57,57,57,57,44,35,27,2,0,0],"gold":120,"neow_bonus":"RANDOM_EVENT","is_daily":false,"chose_seed":false,"campfire_upgraded":1,"win_rate":0.0,"timestamp":1610626597,"path_taken":["M","?","M","$","M","R","?","R","T","M","?","M","M","E"],"items_purchased_type":["Card"],"build_version":"2020-12-22","purchased_purges":1,"victory":false,"max_hp_per_floor":[75,75,75,75,75,75,75,75,75,75,75,75,75,75,75],"card_choices":[{"not_picked":["Rip and Tear","Cold Snap"],"picked":"Streamline","floor":1},{"not_picked":["Cold Snap","Stack"],"picked":"Gash","floor":3},{"not_picked":["Coolheaded","ReplayTheSpireMod:Repulse"],"picked":"Streamline","floor":5},{"not_picked":["ReplayTheSpireMod:GoodbyeWorld","Cold Snap"],"picked":"Beam Cell","floor":10},{"not_picked":["Coolheaded","Lockon","Heatsinks"],"picked":"SKIP","floor":11},{"not_picked":["Conserve Battery","Leap","Ball Lightning"],"picked":"SKIP","floor":12},{"not_picked":["Heatsinks","Conserve Battery"],"picked":"Crystallizer","floor":13}],"player_experience":17468,"relics_obtained":[],"event_choices":[{"damage_healed":0,"gold_gain":0,"player_choice":"Grow","damage_taken":0,"max_hp_gain":0,"max_hp_loss":0,"event_name":"Living Wall","floor":0,"gold_loss":0,"cards_upgraded":["Zap"]},{"damage_healed":0,"gold_gain":75,"player_choice":"Gold","damage_taken":11,"max_hp_gain":0,"max_hp_loss":0,"event_name":"betterThird:BetterGoop","floor":2,"gold_loss":0}],"is_beta":false,"boss_relics":[],"items_purged_floors":[4],"is_endless":false,"potions_floor_spawned":[1,5,11],"killed_by":"Gremlin Nob","ascension_level":0}}