{"host":"g1wmg2w41xhsnw8g","time":1610594499,"event":{"mods":["2.2 Compatiblity","Act Like it!","BaseMod","Better Altar","Better Match","Better Note","Better Sensory Stone","Better Skull","Better Third Choice","BetterRewards","Booster Modes","CapriCore","Colored Map","Colored Powertips","Defuse TimeMaze Blight","Displayed Cursed Tome","Evolution","Fox Events","Friendly Minions","GifTheSpireLib","Good Game Mod","Googly Eyes","Infinite Spire","Magitek Elite","Minty Spire (QoL Compilation)","Red Circlet Mod","Relic Sorter","SCP261 Mod","Shop Mod","Spicy Shops","StSLib","The Bug Knight","The Construct","The Sage","Transform Curses","Wandering Minibosses","????"],"gold_per_floor":[115,65,84,84,102,102,102,102,148,148,163,176,194,194,4,102,102,42,42],"floor_reached":18,"language":"ENG","playtime":987,"items_purged":["construct:Defend_Gold"],"score":152,"play_id":"488d4edf-09ce-41d6-974b-54225e2c86b8","local_time":"20210113222139","is_ascension_mode":false,"campfire_choices":[{"data":"construct:Hazardproof","floor":6,"key":"SMITH"},{"data":"construct:AttackMode","floor":8,"key":"SMITH"},{"data":"construct:SuppressiveFire","floor":10,"key":"SMITH"}],"circlet_count":0,"master_deck":["construct:AttackMode+1","construct:DefenseMode","construct:Hazardproof+1","construct:ShiftStrike","construct:QuickAttack","Buffer","construct:SuppressiveFire+1","construct:Synchronize","construct:SiegeForm","construct:Boost","construct:ClusterMines","construct:PointDefense","construct:Dampening","construct:PowerUp","construct:Overcharge","construct:Hazardproof","construct:FlakBarrage"],"relics":["construct:Cogwheel","REME:ComplimentaryCards","EVO:Axolotl","MerchantsRug","construct:FoamFinger","Orichalcum","Bag of Marbles","Pen Nib","HollowMod:JonisBlessing","Pandora\u0027s Box"],"acts_visited":["Exordium","TheCity"],"potions_floor_usage":[5,18],"damage_taken":[{"damage":8,"enemies":"Jaw Worm","floor":1,"turns":4},{"damage":5,"enemies":"2 Louse","floor":3,"turns":3},{"damage":7,"enemies":"infinitespire:Voidling","floor":5,"turns":3},{"damage":8,"enemies":"Blue Slaver","floor":11,"turns":3},{"damage":4,"enemies":"Gremlin Gang","floor":12,"turns":5},{"damage":3,"enemies":"3 Louse","floor":13,"turns":2},{"damage":18,"enemies":"The Guardian","floor":16,"turns":12},{"damage":22,"enemies":"2 Thieves","floor":18,"turns":4}],"seed_played":"5264314077640671060","potions_obtained":[{"floor":1,"key":"Fire Potion"},{"floor":11,"key":"Weak Potion"},{"floor":13,"key":"SteroidPotion"},{"floor":16,"key":"construct:MegaPotion"}],"is_trial":false,"path_per_floor":["M","?","M","?","M","R","?","R","T","R","M","M","M","?","R","B",null,"M"],"character_chosen":"THE_CONSTRUCT_MOD","items_purchased":["MerchantsRug","construct:FoamFinger","Orichalcum","construct:Hazardproof","Pen Nib","HollowMod:JonisBlessing"],"campfire_rested":0,"item_purchase_floors":[0,0,0,0,15,15],"current_hp_per_floor":[77,77,72,72,69,69,69,69,69,69,61,57,54,54,54,36,85,63,63],"gold":42,"neow_bonus":"","is_daily":false,"chose_seed":false,"campfire_upgraded":3,"win_rate":0.0,"timestamp":1610594499,"path_taken":["M","?","M","?","M","R","?","R","T","R","?","M","M","?","R","BOSS","M"],"items_purchased_type":["Relic","Relic","Relic","Card","Relic","Relic"],"build_version":"2020-12-22","purchased_purges":1,"victory":false,"max_hp_per_floor":[85,85,85,85,85,85,85,85,85,85,85,85,85,85,85,85,85,85,85],"card_choices":[{"not_picked":["construct:Versatility","construct:Disrupt","construct:Accumulate"],"picked":"SKIP","floor":1},{"not_picked":["construct:Forcefield","construct:Accumulate"],"picked":"construct:SuppressiveFire","floor":3},{"not_picked":["construct:ClockworkEgg","construct:ShiftStrike","construct:Disrupt"],"picked":"SKIP","floor":5},{"not_picked":["construct:SyphonStrike","construct:Versatility","construct:SaveState"],"picked":"SKIP","floor":11},{"not_picked":["construct:LaserCore","construct:ShieldBurst","construct:SuppressiveFire"],"picked":"SKIP","floor":12},{"not_picked":["construct:QuickAttack","construct:FierceBash"],"picked":"construct:Synchronize","floor":13},{"not_picked":["construct:Multistage","construct:BatteryCore"],"picked":"construct:SiegeForm","floor":16}],"player_experience":965052,"relics_obtained":[{"floor":9,"key":"Bag of Marbles"}],"event_choices":[{"cards_removed":["construct:Defend_Gold"],"damage_healed":0,"gold_gain":0,"player_choice":"Card Removal","damage_taken":0,"max_hp_gain":0,"max_hp_loss":0,"event_name":"The Cleric","floor":2,"gold_loss":50},{"cards_removed":["Clumsy"],"damage_healed":0,"gold_gain":0,"player_choice":"Purged","damage_taken":0,"max_hp_gain":0,"max_hp_loss":0,"event_name":"Purifier","floor":7,"gold_loss":0},{"damage_healed":0,"gold_gain":0,"player_choice":"Ignored","damage_taken":0,"max_hp_gain":0,"max_hp_loss":0,"event_name":"betterNote:BetterNote","floor":14,"gold_loss":0,"cards_obtained":["Ultima"]}],"is_beta":false,"boss_relics":[{"not_picked":["Busted Crown","Ectoplasm"],"picked":"Pandora\u0027s Box"}],"items_purged_floors":[0],"is_endless":false,"potions_floor_spawned":[1,11,13,16],"killed_by":"2 Thieves","ascension_level":0}}