{"host":"gk9qdtkqd8dwfeg2","time":1610639408,"event":{"mods":["Aspiration","BaseMod","Colored Powertips","KomeijiMod","Minty Spire (QoL Compilation)","Quick Restart","Replay The Spire","Shop Mod","StSLib","TestMod","The Gatherer","The Servant 0.9.4","Waifu the Spire","WarShipGirlsR/’ΩΩ¢…Ÿ≈ÆR mod","Yuri Mod","vexMod"],"gold_per_floor":[115,134,59,59,59,88,88,88,88],"floor_reached":8,"language":"ZHS","playtime":115,"items_purged":["Strike_P"],"score":158,"play_id":"e7c10412-04c3-427e-9a69-0e6c065cc5a5","local_time":"20210114235008","is_ascension_mode":true,"campfire_choices":[{"data":"Eruption","floor":7.0,"key":"SMITH"}],"circlet_count":0,"master_deck":["AscendersBane","Strike_P","Strike_P","Strike_P","Defend_P","Defend_P","Defend_P","Defend_P","Eruption+1","Vigilance","Regret"],"relics":["PureWater","testmod-TestBox","testmod-ConstraintPeriapt","NeowsBlessing","Blue Candle","Golden Egg","Boot"],"acts_visited":["Exordium"],"potions_floor_usage":[],"damage_taken":[{"damage":0.0,"enemies":"Jaw Worm","floor":1.0,"turns":1.0},{"damage":0.0,"enemies":"2 Louse","floor":2.0,"turns":1.0},{"damage":0.0,"enemies":"3 Sentries","floor":6.0,"turns":1.0},{"damage":22,"enemies":"Lagavulin","floor":8,"turns":6}],"seed_played":"5051542618563729444","potions_obtained":[{"floor":2.0,"key":"PowerPotion"}],"is_trial":false,"path_per_floor":["M","M","$","?","T","E","R","E"],"character_chosen":"WATCHER","items_purchased":[],"campfire_rested":0,"item_purchase_floors":[],"current_hp_per_floor":[62,62,62,62,62,63,63,44,44],"gold":88,"neow_bonus":"THREE_ENEMY_KILL","is_daily":false,"chose_seed":false,"campfire_upgraded":1,"win_rate":0.0,"timestamp":1610639408,"path_taken":["M","M","$","?","?","E","R","E"],"items_purchased_type":[],"build_version":"2020-12-22","purchased_purges":1,"victory":false,"max_hp_per_floor":[68,68,68,68,68,68,68,68,68],"card_choices":[{"not_picked":["CrushJoints","Halt","Protect"],"picked":"SKIP","floor":1.0},{"not_picked":["Wireheading","Replay:AtTheReady","SashWhip"],"picked":"SKIP","floor":2.0},{"not_picked":["Replay:Anticipation","FollowUp","Prostrate"],"picked":"SKIP","floor":6.0}],"player_experience":633204,"relics_obtained":[{"floor":5.0,"key":"Golden Egg"},{"floor":6.0,"key":"Boot"}],"event_choices":[{"damage_healed":0.0,"max_hp_gain":0.0,"max_hp_loss":0.0,"gold_gain":0.0,"event_name":"Big Fish","player_choice":"Box","floor":4.0,"gold_loss":0.0,"damage_taken":0.0,"relics_obtained":["Blue Candle"],"cards_obtained":["Regret"]}],"is_beta":false,"boss_relics":[],"items_purged_floors":[3],"is_endless":false,"potions_floor_spawned":[2],"killed_by":"Lagavulin","ascension_level":20}}