{"host":"20zfc6q1fr6uo3nm","time":1610663977,"event":{"mods":["BaseMod","Minty Spire (QoL Compilation)"],"gold_per_floor":[118,118,118,136,136,151,151,0,0,23,42,60,60,76,76,195,258,273,19,19,32,32,32,52,52,75,88,88,88],"floor_reached":28,"language":"ENG","playtime":2453,"items_purged":["Regret","Defend_P"],"score":212,"play_id":"c63e0cdd-7833-4c4f-989a-a793943d81bb","local_time":"20210114163937","is_ascension_mode":false,"campfire_choices":[{"data":"ThirdEye","floor":7,"key":"SMITH"},{"data":"CrushJoints","floor":13,"key":"SMITH"},{"floor":15,"key":"REST"},{"data":"ConjureBlade","floor":23,"key":"SMITH"},{"floor":25,"key":"REST"}],"circlet_count":0,"master_deck":["Strike_P","Strike_P","Strike_P","Defend_P+1","Eruption+1","Vigilance","Protect","FearNoEvil","ThirdEye","ThirdEye+1","Swivel","WaveOfTheHand","CrushJoints+1","FlurryOfBlows","ConjureBlade+1","FlurryOfBlows","CutThroughFate","Nirvana","FollowUp","Vault","MasterReality","WindmillStrike","Weave"],"relics":["PureWater","Golden Idol","Anchor","Kunai","Tiny House","Regal Pillow"],"acts_visited":["Exordium","TheCity"],"potions_floor_usage":[11,11,16,16,21,21,28],"damage_taken":[{"damage":2,"enemies":"Cultist","floor":1,"turns":3},{"damage":5,"enemies":"Jaw Worm","floor":4,"turns":3},{"damage":0,"enemies":"2 Louse","floor":6,"turns":1},{"damage":0,"enemies":"Exordium Wildlife","floor":10,"turns":3},{"damage":0,"enemies":"Large Slime","floor":11,"turns":6},{"damage":0,"enemies":"3 Louse","floor":12,"turns":2},{"damage":0,"enemies":"Blue Slaver","floor":14,"turns":4},{"damage":40,"enemies":"The Guardian","floor":16,"turns":16},{"damage":11,"enemies":"3 Byrds","floor":18,"turns":5},{"damage":16,"enemies":"Shell Parasite","floor":21,"turns":6},{"damage":22,"enemies":"Snake Plant","floor":24,"turns":4},{"damage":22,"enemies":"Chosen and Byrds","floor":27,"turns":10},{"damage":61,"enemies":"Gremlin Leader","floor":28,"turns":5}],"seed_played":"5875836359311471364","potions_obtained":[{"floor":4,"key":"SkillPotion"},{"floor":6,"key":"SkillPotion"},{"floor":10,"key":"EssenceOfSteel"},{"floor":12,"key":"DuplicationPotion"},{"floor":17,"key":"LiquidMemories"},{"floor":27,"key":"GamblersBrew"}],"is_trial":false,"path_per_floor":["M","?","?","M","?","M","R","$","T","M","M","M","R","M","R","B",null,"M","$","?","M","?","R","M","R","T","M","E"],"character_chosen":"WATCHER","items_purchased":["Swivel","Nirvana","Regen Potion"],"campfire_rested":2,"item_purchase_floors":[8,19,19],"current_hp_per_floor":[70,70,52,47,47,47,47,47,47,47,47,47,47,47,68,28,77,66,66,66,64,64,64,42,65,65,43,0,0],"gold":88,"neow_bonus":"UPGRADE_CARD","is_daily":false,"chose_seed":false,"campfire_upgraded":3,"win_rate":0.0,"timestamp":1610663977,"path_taken":["M","?","?","M","?","M","R","$","T","M","?","M","R","M","R","BOSS","M","$","?","M","?","R","M","R","T","M","E"],"items_purchased_type":["Card","Card","Potion"],"build_version":"2020-12-22","purchased_purges":2,"victory":false,"max_hp_per_floor":[72,72,72,72,72,72,72,72,72,72,72,72,72,72,72,72,77,77,77,77,77,77,77,77,77,77,77,77,77],"card_choices":[{"not_picked":["EmptyFist","SashWhip"],"picked":"Protect","floor":1},{"not_picked":["Vengeance","BattleHymn"],"picked":"ThirdEye","floor":4},{"not_picked":["SashWhip","ClearTheMind"],"picked":"ThirdEye","floor":6},{"not_picked":["FlyingSleeves","BowlingBash"],"picked":"WaveOfTheHand","floor":10},{"not_picked":["Prostrate","SandsOfTime"],"picked":"CrushJoints","floor":11},{"not_picked":["EmptyMind","DeceiveReality","EmptyBody"],"picked":"SKIP","floor":12},{"not_picked":["Indignation","CutThroughFate"],"picked":"FlurryOfBlows","floor":14},{"not_picked":["Establishment","Vault"],"picked":"ConjureBlade","floor":16},{"not_picked":["Halt","WindmillStrike"],"picked":"FlurryOfBlows","floor":17},{"not_picked":["Protect","Perseverance"],"picked":"CutThroughFate","floor":18},{"not_picked":["ThirdEye+1","PathToVictory"],"picked":"FollowUp","floor":21},{"not_picked":["ClearTheMind+1","Worship"],"picked":"WindmillStrike","floor":24},{"not_picked":["Perseverance+1","Evaluate"],"picked":"Weave","floor":27}],"player_experience":181499,"relics_obtained":[{"floor":9,"key":"Kunai"},{"floor":26,"key":"Regal Pillow"}],"event_choices":[{"damage_healed":0,"gold_gain":0,"cards_transformed":["Defend_P"],"player_choice":"Change","damage_taken":0,"max_hp_gain":0,"max_hp_loss":0,"event_name":"Living Wall","floor":2,"gold_loss":0,"cards_obtained":["FearNoEvil"]},{"damage_healed":0,"gold_gain":0,"player_choice":"Take Damage","damage_taken":18,"relics_obtained":["Golden Idol"],"max_hp_gain":0,"max_hp_loss":0,"event_name":"Golden Idol","floor":3,"gold_loss":0},{"damage_healed":0,"gold_gain":0,"player_choice":"Box","damage_taken":0,"relics_obtained":["Anchor"],"max_hp_gain":0,"max_hp_loss":0,"event_name":"Big Fish","floor":5,"gold_loss":0,"cards_obtained":["Regret"]},{"damage_healed":0,"gold_gain":0,"player_choice":"Ignored","damage_taken":0,"max_hp_gain":0,"max_hp_loss":0,"event_name":"Ghosts","floor":20,"gold_loss":0},{"damage_healed":0,"gold_gain":0,"cards_transformed":["Strike_P","Defend_P"],"player_choice":"Became Test Subject","damage_taken":0,"max_hp_gain":0,"max_hp_loss":0,"event_name":"Drug Dealer","floor":22,"gold_loss":0,"cards_obtained":["Vault","MasterReality"]}],"is_beta":false,"boss_relics":[{"not_picked":["Ectoplasm","Calling Bell"],"picked":"Tiny House"}],"items_purged_floors":[8,19],"is_endless":false,"potions_floor_spawned":[4,6,10,12,27],"killed_by":"Gremlin Leader","ascension_level":0}}