{"host":"56ghxnzsglgdq727","time":1610650353,"event":{"mods":["AchievementEnabler","BaseMod","Downfall","Duelist Mod","Minty Spire (QoL Compilation)","Rare Cards Sparkle","StSLib","The Bug Knight","The Exalted","The Senshi","The Wild Card"],"gold_per_floor":[142,142,242,258,258,285,304,304,327,327,338,338,338,351,351,455,455,466,466,466,391,418,418,438,438,438,450,482,500,314,314,314,418,418,429,92,139,139,156,189,206,206,231,260,260,277,277,27,27,27],"floor_reached":51,"language":"ENG","playtime":2320,"items_purged":["Writhe","theDuelist:BlastAsmodian+1"],"score":1145,"play_id":"68242c8b-5db0-47fe-b191-a39e26e7052d","local_time":"20210114135233","is_ascension_mode":true,"campfire_choices":[{"data":"theDuelist:Shekhinaga","floor":8,"key":"SMITH"},{"data":"theDuelist:JunkKuriboh","floor":10,"key":"SMITH"},{"data":"theDuelist:GearGigant","floor":12,"key":"SMITH"},{"data":"theDuelist:AncientGearChimera","floor":15,"key":"SMITH"},{"data":"theDuelist:SatelliteCannon","floor":23,"key":"SMITH"},{"data":"theDuelist:SolemnWarning","floor":25,"key":"SMITH"},{"data":"theDuelist:TurretWarrior","floor":32,"key":"SMITH"},{"data":"theDuelist:SparkBlaster+3","floor":42,"key":"SMITH"},{"data":"expansioncontent:Chronoboost","floor":47,"key":"SMITH"},{"floor":49,"key":"REST"}],"circlet_count":0,"master_deck":["theDuelist:GreenGadget","theDuelist:SparkBlaster+4","theDuelist:CatapultTurtle","theDuelist:GearGigant+1","theDuelist:Apoqliphort+1","theDuelist:AncientGearChimera+1","theDuelist:JunkKuriboh+1","theDuelist:TurretWarrior+1","theDuelist:GoldGadget","theDuelist:Deskbot004+1","theDuelist:SolarWindJammer+1","theDuelist:LightningVortex+1","theDuelist:CyberneticFusion+1","expansioncontent:Chronoboost+1","theDuelist:SolemnStrike+1","theDuelist:DoubleTool","theDuelist:SlotMachine"],"relics":["theDuelist:MillenniumPuzzle","theDuelist:CardPoolRelic","theDuelist:CardPoolBasicRelic","theDuelist:BoosterPackPoolRelic","theDuelist:CardPoolAddRelic","theDuelist:CardPoolMinusRelic","theDuelist:CardPoolSaveRelic","theDuelist:CardPoolOptionsRelic","Juzu Bracelet","theDuelist:MachineOrb","Tiny Chest","Anchor","Empty Cage","White Beast Statue","theDuelist:ZoneToken","theDuelist:RouletteWheel","theDuelist:MillenniumRod","theDuelist:FatMaxHPRelic","Astrolabe","theDuelist:BoosterBetterBoostersRelic","theDuelist:BrazeToken","Calipers","champ:DeflectingBracers","Whetstone","Potion Belt","Bromod:ArcaneNullifier","Toy Ornithopter"],"acts_visited":["Exordium","TheCity","TheBeyond"],"potions_floor_usage":[6,16,16,27,28,28,33,37,37,37,40,44,46,50,50,50],"damage_taken":[{"damage":0,"enemies":"2 Louse","floor":1,"turns":2},{"damage":0,"enemies":"Small Slimes","floor":4,"turns":2},{"damage":24,"enemies":"3 Sentries","floor":6,"turns":9},{"damage":0,"enemies":"Cultist","floor":7,"turns":3},{"damage":0,"enemies":"Exordium Thugs","floor":11,"turns":3},{"damage":0,"enemies":"3 Louse","floor":14,"turns":3},{"damage":4,"enemies":"Hexaghost","floor":16,"turns":8},{"damage":0,"enemies":"Spheric Guardian","floor":18,"turns":3},{"damage":2,"enemies":"Chosen","floor":24,"turns":3},{"damage":1,"enemies":"3 Cultists","floor":27,"turns":3},{"damage":48,"enemies":"Book of Stabbing","floor":28,"turns":6},{"damage":14,"enemies":"Snake Plant","floor":29,"turns":3},{"damage":24,"enemies":"Collector","floor":33,"turns":4},{"damage":15,"enemies":"Orb Walker","floor":35,"turns":2},{"damage":3,"enemies":"Orb Walker","floor":37,"turns":3},{"damage":23,"enemies":"3 Shapes","floor":39,"turns":3},{"damage":0,"enemies":"Giant Head","floor":40,"turns":4},{"damage":28,"enemies":"Spire Growth","floor":41,"turns":4},{"damage":8,"enemies":"Reptomancer","floor":44,"turns":2},{"damage":32,"enemies":"4 Shapes","floor":46,"turns":3},{"damage":225,"enemies":"Awakened One","floor":50,"turns":10}],"seed_played":"-7966323811965549269","potions_obtained":[{"floor":1,"key":"PowerPotion"},{"floor":4,"key":"theDuelist:LavaBottle"},{"floor":11,"key":"Weak Potion"},{"floor":16,"key":"SteroidPotion"},{"floor":24,"key":"theDuelist:GrimePotion"},{"floor":27,"key":"Fire Potion"},{"floor":28,"key":"theDuelist:BombBottle"},{"floor":29,"key":"theDuelist:CoolBottle"},{"floor":33,"key":"theDuelist:WaterBottle"},{"floor":35,"key":"theDuelist:TokenPotionB"},{"floor":37,"key":"BlessingOfTheForge"},{"floor":39,"key":"LiquidBronze"},{"floor":40,"key":"Fire Potion"},{"floor":41,"key":"AttackPotion"},{"floor":44,"key":"GamblersBrew"},{"floor":46,"key":"theDuelist:FlamingBottle"}],"is_trial":false,"path_per_floor":["M","?","?","M","?","E","M","R","T","R","M","R","?","M","R","B",null,"M","?","?","$","T","R","M","R","T","M","E","M","$","?","R","B",null,"M","$","?","?","M","E","M","R","T","E","T","M","R","$","R","B",null],"character_chosen":"THE_DUELIST","items_purchased":["theDuelist:FatMaxHPRelic","theDuelist:TurretWarrior","theDuelist:BoosterBetterBoostersRelic","expansioncontent:Chronoboost","theDuelist:SlotMachine"],"campfire_rested":1,"item_purchase_floors":[30,30,36,36,48],"current_hp_per_floor":[80,74,74,74,74,50,50,50,50,50,50,50,55,55,55,51,85,85,85,85,85,85,85,83,83,83,82,34,20,220,220,220,196,285,270,270,267,267,244,244,216,216,216,208,208,181,181,181,266,56],"gold":27,"neow_bonus":"RANDOM_COMMON_RELIC","is_daily":false,"chose_seed":false,"campfire_upgraded":9,"win_rate":0.0,"timestamp":1610650353,"path_taken":["M","?","?","M","?","E","M","R","T","R","M","R","?","M","R","BOSS","M","?","?","$","?","R","M","R","T","M","E","M","$","?","R","BOSS","M","$","?","?","M","E","M","R","T","E","?","M","R","$","R","BOSS"],"items_purchased_type":["Relic","Card","Relic","Card","Card"],"build_version":"2020-12-22","purchased_purges":2,"victory":true,"max_hp_per_floor":[80,80,80,80,80,80,80,80,80,80,80,80,85,85,85,85,85,85,85,85,85,85,85,85,85,85,85,85,85,285,285,285,285,285,285,285,285,285,285,285,285,285,285,285,285,285,285,285,285,285],"card_choices":[{"not_picked":["theDuelist:IronhammerGiant","theDuelist:AncientGearReactorDragon"],"picked":"theDuelist:Shekhinaga","floor":1},{"not_picked":["theDuelist:Biofalcon","theDuelist:ScrapIronScarecrow","theDuelist:DoubleTool","theDuelist:StimPack"],"picked":"theDuelist:GearGigant","floor":4},{"not_picked":["Dark Shackles","Enlightenment","HandOfGreed","Metamorphosis"],"picked":"SKIP","floor":6},{"not_picked":["theDuelist:CoreBlaster","theDuelist:Deskbot005","theDuelist:DoubleTool","theDuelist:BlastHeldTribute"],"picked":"theDuelist:JunkKuriboh","floor":7},{"not_picked":["theDuelist:SolemnStrike","theDuelist:Overworked","theDuelist:BlastWithChain","theDuelist:IronDraw"],"picked":"theDuelist:SolemnWarning","floor":11},{"not_picked":["theDuelist:PsychicShockwave","theDuelist:IronDraw","theDuelist:Deskbot003","theDuelist:OrbitalBombardment"],"picked":"theDuelist:AncientGearChimera","floor":14},{"not_picked":["theDuelist:SolemnWarning","theDuelist:Overworked","theDuelist:IronhammerGiant","theDuelist:GravityLash"],"picked":"theDuelist:SatelliteCannon","floor":16},{"not_picked":["theDuelist:Hinotama","theDuelist:WingedKuriboh","theDuelist:BattleFootballer","theDuelist:BlockGolem"],"picked":"theDuelist:FutureFusion","floor":18},{"not_picked":["theDuelist:Deskbot001","theDuelist:Tuningware","theDuelist:DigitalBug+1","theDuelist:ElectromagneticTurtle","theDuelist:GenexNeutron"],"picked":"SKIP","floor":24},{"not_picked":["theDuelist:ScrapBeast","theDuelist:GenexAllyBirdman","theDuelist:Deskbot001","theDuelist:BlastJuggler","theDuelist:SparkBlaster"],"picked":"SKIP","floor":27},{"not_picked":["theDuelist:PowerGiant","theDuelist:LabyrinthWall","theDuelist:JunkSpeeder","theDuelist:Wiretap"],"picked":"theDuelist:Polymerization","floor":28},{"not_picked":["theDuelist:ScrapBeast","theDuelist:AncientGearChimera+1","theDuelist:JunkKuriboh","theDuelist:GreenGadget","theDuelist:AirCrackingStorm"],"picked":"SKIP","floor":29},{"not_picked":["theDuelist:NightmareWheel","theDuelist:IronhammerGiant+1","theDuelist:GoldenBlastJuggler","theDuelist:Deskbot007"],"picked":"theDuelist:SolemnStrike+1","floor":33},{"not_picked":["theDuelist:Shekhinaga+1","theDuelist:PlatinumGadget+1","theDuelist:NightmareWheel+1","theDuelist:Deskbot007+1"],"picked":"theDuelist:Apoqliphort+1","floor":35},{"not_picked":["theDuelist:GravityBlaster","theDuelist:Deskbot008+1"],"picked":"theDuelist:SparkBlaster+1","floor":37},{"not_picked":["theDuelist:TurretWarrior+1","theDuelist:SteamTrainKing+1","theDuelist:OrcustCrescendo+1","theDuelist:JinzoLord+1"],"picked":"theDuelist:GoldGadget","floor":39},{"not_picked":["theDuelist:Hinotama","theDuelist:PowerGiant+1","theDuelist:WingedKuriboh","theDuelist:SeismicShockwave+1"],"picked":"theDuelist:LightningVortex+1","floor":40},{"not_picked":["theDuelist:BreakDraw+1","theDuelist:AncientGearFist+1","theDuelist:PotDuality","theDuelist:GravityLash"],"picked":"theDuelist:CyberneticFusion+1","floor":41},{"not_picked":["theDuelist:BreakDraw+1","theDuelist:Factory100Machines+1","theDuelist:AncientGearWorkshop+1","theDuelist:MachineDuplication+1"],"picked":"theDuelist:DoubleTool","floor":44},{"not_picked":["theDuelist:FrontlineObserver","theDuelist:Deskbot004+1","theDuelist:Submarineroid","theDuelist:HeavyMechSupportArmor"],"picked":"theDuelist:CatapultTurtle","floor":46}],"player_experience":249744,"relics_obtained":[{"floor":6,"key":"Tiny Chest"},{"floor":9,"key":"Anchor"},{"floor":22,"key":"theDuelist:ZoneToken"},{"floor":26,"key":"theDuelist:RouletteWheel"},{"floor":28,"key":"theDuelist:MillenniumRod"},{"floor":37,"key":"theDuelist:BrazeToken"},{"floor":37,"key":"Calipers"},{"floor":37,"key":"champ:DeflectingBracers"},{"floor":40,"key":"Whetstone"},{"floor":43,"key":"Potion Belt"},{"floor":44,"key":"Bromod:ArcaneNullifier"},{"floor":45,"key":"Toy Ornithopter"}],"event_choices":[{"damage_healed":0,"gold_gain":0,"player_choice":"Dig - random Duelist relic","duelist":true,"damage_taken":0,"max_hp_gain":0,"max_hp_loss":0,"event_name":"Aknamkanon\u0027s Tomb","floor":2,"gold_loss":0},{"damage_healed":0,"gold_gain":100,"player_choice":"Pray","damage_taken":0,"max_hp_gain":0,"max_hp_loss":0,"event_name":"Golden Shrine","floor":3,"gold_loss":0},{"damage_healed":0,"gold_gain":0,"player_choice":"Leave","duelist":true,"damage_taken":0,"max_hp_gain":0,"max_hp_loss":0,"event_name":"Tomb of the Nameless","floor":5,"gold_loss":0},{"damage_healed":0,"gold_gain":0,"player_choice":"Donut","damage_taken":0,"max_hp_gain":5,"max_hp_loss":0,"event_name":"Big Fish","floor":13,"gold_loss":0},{"damage_healed":0,"gold_gain":0,"player_choice":"Opened","damage_taken":0,"relics_obtained":["White Beast Statue"],"max_hp_gain":0,"max_hp_loss":0,"event_name":"The Mausoleum","floor":19,"gold_loss":0,"cards_obtained":["Writhe"]},{"cards_removed":["theDuelist:Sparks"],"damage_healed":0,"gold_gain":0,"player_choice":"Offered Basic","damage_taken":0,"max_hp_gain":0,"max_hp_loss":0,"event_name":"Bonfire Elementals","floor":20,"gold_loss":0},{"damage_healed":0,"gold_gain":0,"player_choice":"Ignored","damage_taken":0,"max_hp_gain":0,"max_hp_loss":0,"event_name":"Vampires","floor":31,"gold_loss":0},{"damage_healed":0,"gold_gain":0,"player_choice":"Fight","duelist":true,"damage_taken":0,"max_hp_gain":0,"max_hp_loss":0,"event_name":"Battle City","floor":37,"gold_loss":0},{"damage_healed":0,"gold_gain":0,"player_choice":"Upgraded","damage_taken":0,"max_hp_gain":0,"max_hp_loss":0,"event_name":"Upgrade Shrine","floor":38,"gold_loss":0,"cards_upgraded":["theDuelist:SparkBlaster"]}],"is_beta":false,"boss_relics":[{"not_picked":["theDuelist:HauntedRelic","Pandora\u0027s Box"],"picked":"Empty Cage"},{"not_picked":["theDuelist:GamblerChip","Mark of Pain"],"picked":"Astrolabe"}],"items_purged_floors":[21,48],"is_endless":false,"potions_floor_spawned":[1,4,11,16,24,27,28,29,33,35,37,39,40,41,44,46],"ascension_level":4}}