{"host":"yn1175etg9ni8l0q","time":1610632123,"event":{"mods":["AchievementEnabler","BaseMod","Colored Map","Colored Powertips","DeckTracker","Minty Spire (QoL Compilation)","Rare Cards Sparkle","Relic Stats","SuperFastMode","everything is the same but u backflip on backflip"],"gold_per_floor":[116,191,191,209,227,44,44,63,63,63,88,88,101,101,101,198,198,183,83,102,27,27,27,40,60,60,10,10,10,10],"floor_reached":29,"language":"KOR","playtime":703,"items_purged":["Strike_R","Strike_R"],"score":223,"play_id":"af6352a9-5ffe-4649-9e3c-f59018bd5dd5","local_time":"20210114224843","is_ascension_mode":false,"campfire_choices":[{"data":"Blood for Blood","floor":7.0,"key":"SMITH"},{"data":"Body Slam","floor":10.0,"key":"SMITH"},{"data":"Shrug It Off","floor":12.0,"key":"SMITH"},{"data":"Bloodletting","floor":15.0,"key":"SMITH"},{"data":"Pommel Strike","floor":23,"key":"SMITH"},{"data":"Wild Strike","floor":28,"key":"SMITH"}],"circlet_count":0,"master_deck":["Strike_R","Strike_R","Strike_R","Defend_R","Defend_R","Defend_R","Bash","Shrug It Off+1","Blood for Blood+1","Bloodletting+1","Body Slam+1","Second Wind+1","True Grit+1","Impervious+1","Exhume+1","Pommel Strike+1","Wild Strike+1","Warcry+1"],"relics":["Black Blood","NeowsBlessing","InkBottle","Toxic Egg 2","Matryoshka"],"acts_visited":["Exordium","TheCity"],"potions_floor_usage":[29,29,29],"damage_taken":[{"damage":0.0,"enemies":"2 Louse","floor":1.0,"turns":1.0},{"damage":0.0,"enemies":"Jaw Worm","floor":4.0,"turns":1.0},{"damage":0.0,"enemies":"Cultist","floor":5.0,"turns":1.0},{"damage":0.0,"enemies":"Looter","floor":8.0,"turns":5.0},{"damage":48.0,"enemies":"Gremlin Nob","floor":11.0,"turns":5.0},{"damage":3.0,"enemies":"Lots of Slimes","floor":13.0,"turns":4.0},{"damage":12.0,"enemies":"Hexaghost","floor":16.0,"turns":13.0},{"damage":15.0,"enemies":"2 Thieves","floor":18.0,"turns":4.0},{"damage":10.0,"enemies":"Spheric Guardian","floor":20.0,"turns":6.0},{"damage":21,"enemies":"Snecko","floor":24,"turns":6},{"damage":23,"enemies":"Cultist and Chosen","floor":25,"turns":8},{"damage":38,"enemies":"Gremlin Leader","floor":29,"turns":6}],"seed_played":"-5387315167190566685","potions_obtained":[{"floor":5.0,"key":"BloodPotion"},{"floor":8.0,"key":"Fruit Juice"},{"floor":13.0,"key":"Dexterity Potion"}],"is_trial":false,"path_per_floor":["M","?","?","M","M","$","R","M","T","R","E","R","M","?","R","B",null,"M","$","M","?","?","R","M","M","T","$","R","E"],"character_chosen":"IRONCLAD","items_purchased":["Blood for Blood","Bloodletting","Warcry+1"],"campfire_rested":0,"item_purchase_floors":[6,6,27],"current_hp_per_floor":[80,69,69,75,80,80,80,80,80,80,38,38,41,41,41,35,80,77,77,79,79,79,79,70,59,59,59,59,43,43],"gold":10,"neow_bonus":"THREE_ENEMY_KILL","is_daily":false,"chose_seed":false,"campfire_upgraded":6,"win_rate":0.0,"timestamp":1610632123,"path_taken":["M","?","?","M","M","?","R","?","T","R","E","R","M","?","R","BOSS","M","?","M","?","?","R","M","M","T","$","R","E"],"items_purchased_type":["Card","Card","Card"],"build_version":"2020-12-22","purchased_purges":2,"victory":false,"max_hp_per_floor":[80,80,80,80,80,80,80,80,80,80,80,80,80,80,80,80,80,80,80,80,80,80,80,80,80,80,80,80,85,85],"relic_stats":{"counters":[12,60],"Black Blood":77,"obtain_stats":[{"Matryoshka":26,"NeowsBlessing":0,"Black Blood":17,"Toxic Egg 2":11,"Burning Blood":0,"InkBottle":9},{"Matryoshka":11,"NeowsBlessing":0,"Black Blood":7,"Toxic Egg 2":5,"Burning Blood":0,"InkBottle":4},{"Matryoshka":54,"NeowsBlessing":0,"Black Blood":30,"Toxic Egg 2":13,"Burning Blood":0,"InkBottle":8}],"InkBottle":[15]},"card_choices":[{"not_picked":["Warcry","Intimidate"],"picked":"Shrug It Off","floor":1.0},{"not_picked":["Inflame","Ghostly Armor","Flex"],"picked":"SKIP","floor":4.0},{"not_picked":["Cleave","Evolve","Entrench"],"picked":"SKIP","floor":5.0},{"not_picked":["Anger","Metallicize"],"picked":"Body Slam","floor":8.0},{"not_picked":["Sever Soul","Flex+1"],"picked":"Second Wind+1","floor":11.0},{"not_picked":["Dark Embrace","Twin Strike"],"picked":"True Grit+1","floor":13.0},{"not_picked":["Bludgeon","Demon Form"],"picked":"Exhume+1","floor":16.0},{"not_picked":["Dark Embrace","Hemokinesis"],"picked":"Pommel Strike","floor":18.0},{"not_picked":["Clash","Clothesline+1","Evolve"],"picked":"SKIP","floor":20.0},{"not_picked":["Heavy Blade+1","Disarm+1"],"picked":"Wild Strike","floor":24},{"not_picked":["Havoc+1","Second Wind+1","Uppercut"],"picked":"SKIP","floor":25}],"player_experience":330711,"relics_obtained":[{"floor":9.0,"key":"InkBottle"},{"floor":11.0,"key":"Toxic Egg 2"},{"floor":26,"key":"Matryoshka"}],"event_choices":[{"damage_healed":0.0,"max_hp_gain":0.0,"max_hp_loss":0.0,"gold_gain":75.0,"event_name":"World of Goop","player_choice":"Gather Gold","floor":2.0,"gold_loss":0.0,"damage_taken":11.0},{"damage_healed":0.0,"max_hp_gain":0.0,"max_hp_loss":0.0,"gold_gain":0.0,"event_name":"Shining Light","player_choice":"Ignored","floor":3.0,"gold_loss":0.0,"damage_taken":0.0},{"damage_healed":0.0,"max_hp_gain":0.0,"max_hp_loss":0.0,"gold_gain":0.0,"event_name":"Match and Keep!","player_choice":"1 cards matched","floor":14.0,"gold_loss":0.0,"damage_taken":0.0,"cards_obtained":["Impervious"]},{"cards_removed":["Defend_R"],"damage_healed":0.0,"max_hp_gain":0.0,"max_hp_loss":0.0,"gold_gain":0.0,"event_name":"Beggar","player_choice":"Gave Gold","floor":21.0,"gold_loss":75.0,"damage_taken":0.0},{"damage_healed":0,"gold_gain":0,"player_choice":"Ignored","damage_taken":0,"max_hp_gain":0,"max_hp_loss":0,"event_name":"The Mausoleum","floor":22,"gold_loss":0}],"is_beta":false,"boss_relics":[{"not_picked":["Velvet Choker","Ectoplasm"],"picked":"Black Blood"}],"items_purged_floors":[6,19],"is_endless":false,"potions_floor_spawned":[5,8,13,20,24],"killed_by":"Gremlin Leader","ascension_level":0}}