{"host":"5biwxqawqld14qif","time":1610633531,"event":{"mods":["2.2 Compatiblity","AchievementEnabler","BaseMod","Colored Map","Colored Powertips","DeckTracker","Highlight Path","Minty Spire (QoL Compilation)","Quick Restart","Rare Cards Sparkle","Relic Stats"],"gold_per_floor":[114,114,114,114,126,160,160,172,172,184,212,222,237,252,252,356,356,368,140,151,170,182,215,215,248,248,4,33,63,73,73,73,176,176,189,239,255,255,269,298,298,331,409,422,455,330,357,53,53,53,53,53,53,85,85],"floor_reached":56,"language":"KOR","playtime":6836,"items_purged":["Strike_R","Strike_R","Shame","Limit Break"],"score":1789,"play_id":"4978f8da-3ad0-4696-9d70-5aed0dd76177","local_time":"20210114231211","is_ascension_mode":true,"campfire_choices":[{"data":"True Grit","floor":7.0,"key":"SMITH"},{"data":"Armaments","floor":15,"key":"SMITH"},{"data":"Body Slam","floor":24,"key":"SMITH"},{"data":"Ghostly Armor","floor":32,"key":"SMITH"},{"floor":41,"key":"RECALL"},{"data":"Entrench","floor":49,"key":"SMITH"},{"data":"Pommel Strike","floor":52,"key":"SMITH"}],"circlet_count":0,"master_deck":["Strike_R","Defend_R","Defend_R","Defend_R","Defend_R","Bash","Body Slam+1","Pommel Strike+1","True Grit+1","Ghostly Armor+1","Armaments+1","Shrug It Off","Body Slam+1","Battle Trance+1","Thunderclap","Warcry+1","Juggernaut","Shrug It Off+1","Flame Barrier+1","Burning Pact+1","Entrench+1"],"relics":["Burning Blood","NeowsBlessing","Champion Belt","Calipers","PreservedInsect","Coffee Dripper","TheAbacus","Mango","Dream Catcher","Happy Flower","Pear","Red Mask","Eternal Feather","Sozu","Incense Burner","Self Forming Clay","InkBottle","Anchor","Paper Frog","Red Skull","Molten Egg 2","HandDrill","Centennial Puzzle"],"acts_visited":["Exordium","TheCity","TheBeyond","TheEnding"],"potions_floor_usage":[16,33,55,55,55],"damage_taken":[{"damage":0.0,"enemies":"Small Slimes","floor":1.0,"turns":1.0},{"damage":0.0,"enemies":"Jaw Worm","floor":5.0,"turns":1.0},{"damage":0.0,"enemies":"Gremlin Nob","floor":6.0,"turns":1.0},{"damage":0.0,"enemies":"Cultist","floor":8.0,"turns":4.0},{"damage":17.0,"enemies":"Lots of Slimes","floor":10.0,"turns":8.0},{"damage":21.0,"enemies":"3 Sentries","floor":11.0,"turns":14.0},{"damage":1.0,"enemies":"3 Louse","floor":12.0,"turns":5.0},{"damage":1,"enemies":"Looter","floor":13,"turns":3},{"damage":12,"enemies":"Large Slime","floor":14,"turns":11},{"damage":14,"enemies":"Hexaghost","floor":16,"turns":9},{"damage":12,"enemies":"Spheric Guardian","floor":18,"turns":5},{"damage":0,"enemies":"3 Byrds","floor":20,"turns":5},{"damage":9,"enemies":"Snake Plant","floor":21,"turns":4},{"damage":2,"enemies":"Centurion and Healer","floor":22,"turns":5},{"damage":48,"enemies":"Slavers","floor":23,"turns":5},{"damage":0,"enemies":"Book of Stabbing","floor":25,"turns":5},{"damage":0,"enemies":"Gremlin Leader","floor":28,"turns":6},{"damage":0,"enemies":"Masked Bandits","floor":29,"turns":4},{"damage":38,"enemies":"Chosen and Byrds","floor":30,"turns":8},{"damage":0,"enemies":"Collector","floor":33,"turns":9},{"damage":17,"enemies":"3 Shapes","floor":35,"turns":4},{"damage":21,"enemies":"Mind Bloom Boss Battle","floor":36,"turns":7},{"damage":0,"enemies":"Orb Walker","floor":37,"turns":2},{"damage":0,"enemies":"Jaw Worm Horde","floor":39,"turns":5},{"damage":0,"enemies":"Giant Head","floor":40,"turns":5},{"damage":0,"enemies":"Reptomancer","floor":42,"turns":4},{"damage":0,"enemies":"Transient","floor":44,"turns":5},{"damage":0,"enemies":"Giant Head","floor":45,"turns":4},{"damage":14,"enemies":"Nemesis","floor":47,"turns":5},{"damage":3,"enemies":"Donu and Deca","floor":50,"turns":12},{"damage":0,"enemies":"Shield and Spear","floor":54,"turns":11},{"damage":52,"enemies":"The Heart","floor":55,"turns":9}],"seed_played":"5327821173990942194","potions_obtained":[{"floor":8.0,"key":"DuplicationPotion"},{"floor":11.0,"key":"EssenceOfSteel"},{"floor":12,"key":"Explosive Potion"},{"floor":13,"key":"PowerPotion"},{"floor":20,"key":"BloodPotion"},{"floor":33,"key":"Weak Potion"}],"is_trial":false,"path_per_floor":["M","?","?","?","M","E","R","M","T","M","E","M","M","M","R","B",null,"M","$","M","M","M","E","R","E","T","$","E","?","M","?","R","B",null,"M","?","M","T","M","E","R","E","T","M","E","$","E","$","R","B",null,"R","$","E","B",null],"character_chosen":"IRONCLAD","items_purchased":["TheAbacus","Happy Flower","HandDrill"],"campfire_rested":0,"item_purchase_floors":[19,27,48],"current_hp_per_floor":[80,80,73,73,79,80,80,80,80,69,54,59,64,58,58,50,80,74,74,80,77,80,52,52,58,58,58,74,80,48,48,57,63,104,93,78,84,84,90,96,104,104,104,104,104,104,96,96,104,104,104,104,104,104,78],"gold":85,"neow_bonus":"THREE_ENEMY_KILL","is_daily":false,"chose_seed":false,"campfire_upgraded":6,"win_rate":0.0,"timestamp":1610633531,"path_taken":["M","?","?","?","M","E","R","M","T","?","E","M","?","M","R","BOSS","M","$","M","M","M","E","R","E","T","$","E","?","M","?","R","BOSS","M","?","M","?","?","E","R","E","T","M","E","$","E","?","R","BOSS","R","$","E","BOSS"],"items_purchased_type":["Relic","Relic","Relic"],"build_version":"2020-12-22","purchased_purges":4,"victory":true,"max_hp_per_floor":[80,80,80,80,80,80,80,80,80,80,80,80,80,80,80,80,80,80,80,80,80,80,94,94,94,94,94,104,104,104,104,104,104,104,104,104,104,104,104,104,104,104,104,104,104,104,104,104,104,104,104,104,104,104,104],"relic_stats":{"Happy Flower":[33],"counters":[32,186],"Self Forming Clay":[24],"Eternal Feather":25,"PreservedInsect":551,"Burning Blood":147,"Sozu":4,"Dream Catcher":0,"Centennial Puzzle":[3],"TheAbacus":[312],"HandDrill":[8],"Champion Belt":[81],"obtain_stats":[{"Calipers":9,"Pear":28,"NeowsBlessing":0,"Happy Flower":27,"Self Forming Clay":38,"Mango":23,"Eternal Feather":31,"PreservedInsect":11,"Incense Burner":36,"Burning Blood":0,"Sozu":34,"Dream Catcher":25,"Anchor":42,"Centennial Puzzle":54,"TheAbacus":19,"Molten Egg 2":47,"Coffee Dripper":17,"Red Mask":29,"HandDrill":48,"Champion Belt":6,"InkBottle":40,"Red Skull":45,"Paper Frog":43},{"Calipers":4,"Pear":17,"NeowsBlessing":0,"Happy Flower":16,"Self Forming Clay":23,"Mango":15,"Eternal Feather":19,"PreservedInsect":6,"Incense Burner":22,"Burning Blood":0,"Sozu":20,"Dream Catcher":16,"Anchor":26,"Centennial Puzzle":31,"TheAbacus":11,"Molten Egg 2":29,"Coffee Dripper":10,"Red Mask":18,"HandDrill":29,"Champion Belt":3,"InkBottle":25,"Red Skull":28,"Paper Frog":26},{"Calipers":7,"Pear":92,"NeowsBlessing":0,"Happy Flower":86,"Self Forming Clay":126,"Mango":81,"Eternal Feather":104,"PreservedInsect":29,"Incense Burner":124,"Burning Blood":0,"Sozu":113,"Dream Catcher":86,"Anchor":140,"Centennial Puzzle":177,"TheAbacus":62,"Molten Egg 2":154,"Coffee Dripper":57,"Red Mask":96,"HandDrill":154,"Champion Belt":3,"InkBottle":136,"Red Skull":149,"Paper Frog":140}],"InkBottle":[18]},"card_choices":[{"not_picked":["Clothesline","Sword Boomerang"],"picked":"Body Slam","floor":1.0},{"not_picked":["Sword Boomerang","Cleave"],"picked":"Pommel Strike","floor":5.0},{"not_picked":["Body Slam","Evolve"],"picked":"True Grit","floor":6.0},{"not_picked":["Dropkick","Searing Blow","Second Wind"],"picked":"SKIP","floor":8.0},{"not_picked":["Sword Boomerang","Combust"],"picked":"Ghostly Armor","floor":10.0},{"not_picked":["Sever Soul","Fiend Fire","Seeing Red"],"picked":"SKIP","floor":11.0},{"not_picked":["Sever Soul","Fiend Fire","Seeing Red"],"picked":"SKIP","floor":11.0},{"not_picked":["Searing Blow","Sword Boomerang"],"picked":"Armaments","floor":12},{"not_picked":["Body Slam","Warcry"],"picked":"Shrug It Off","floor":13},{"not_picked":["Havoc","Heavy Blade"],"picked":"Body Slam","floor":14},{"not_picked":["Bludgeon","Exhume"],"picked":"Limit Break","floor":16},{"not_picked":["Iron Wave","Infernal Blade"],"picked":"Battle Trance+1","floor":18},{"not_picked":["Clash","Cleave","Intimidate"],"picked":"SKIP","floor":20},{"not_picked":["Heavy Blade","Sword Boomerang","Body Slam"],"picked":"SKIP","floor":21},{"not_picked":["Heavy Blade","Blood for Blood+1","Iron Wave"],"picked":"SKIP","floor":22},{"not_picked":["Clothesline","Bludgeon"],"picked":"Thunderclap","floor":23},{"not_picked":["Cleave+1","Twin Strike+1"],"picked":"Warcry+1","floor":25},{"not_picked":["Shrug It Off","Carnage","Flex+1"],"picked":"SKIP","floor":28},{"not_picked":["Battle Trance","Thunderclap","Infernal Blade"],"picked":"SKIP","floor":30},{"not_picked":["Impervious","Brutality"],"picked":"Juggernaut","floor":33},{"not_picked":["Wild Strike+1","Iron Wave+1","Sever Soul"],"picked":"SKIP","floor":35},{"not_picked":["Bloodletting+1","Flex+1"],"picked":"Shrug It Off+1","floor":36},{"not_picked":["Whirlwind+1","Power Through+1","Warcry"],"picked":"SKIP","floor":37},{"not_picked":["Metallicize","Heavy Blade+1"],"picked":"Flame Barrier+1","floor":39},{"not_picked":["Offering","Fire Breathing+1"],"picked":"Burning Pact+1","floor":40},{"not_picked":["Ghostly Armor+1","Warcry","Thunderclap"],"picked":"SKIP","floor":42},{"not_picked":["Pummel","Warcry","Dropkick"],"picked":"SKIP","floor":44},{"not_picked":["Hemokinesis+1","Cleave+1","Body Slam"],"picked":"SKIP","floor":45},{"not_picked":["Headbutt+1","Reaper+1"],"picked":"Entrench","floor":47},{"not_picked":["Ghostly Armor","Fire Breathing+1","Entrench"],"picked":"SKIP","floor":54}],"player_experience":224074,"relics_obtained":[{"floor":6.0,"key":"Champion Belt"},{"floor":9.0,"key":"Calipers"},{"floor":11.0,"key":"PreservedInsect"},{"floor":23,"key":"Mango"},{"floor":25,"key":"Dream Catcher"},{"floor":28,"key":"Pear"},{"floor":29,"key":"Red Mask"},{"floor":36,"key":"Incense Burner"},{"floor":38,"key":"Self Forming Clay"},{"floor":40,"key":"InkBottle"},{"floor":42,"key":"Anchor"},{"floor":43,"key":"Paper Frog"},{"floor":45,"key":"Red Skull"},{"floor":47,"key":"Molten Egg 2"},{"floor":54,"key":"Centennial Puzzle"}],"event_choices":[{"cards_removed":["Strike_R"],"damage_healed":0.0,"max_hp_gain":0.0,"max_hp_loss":0.0,"gold_gain":0.0,"event_name":"Living Wall","player_choice":"Forget","floor":2.0,"gold_loss":0.0,"damage_taken":0.0},{"cards_removed":["Strike_R"],"damage_healed":0.0,"max_hp_gain":0.0,"max_hp_loss":0.0,"gold_gain":0.0,"event_name":"Golden Wing","player_choice":"Card Removal","floor":3.0,"gold_loss":0.0,"damage_taken":7.0},{"damage_healed":0.0,"max_hp_gain":0.0,"max_hp_loss":0.0,"gold_gain":0.0,"event_name":"Upgrade Shrine","player_choice":"Upgraded","floor":4.0,"gold_loss":0.0,"damage_taken":0.0,"cards_upgraded":["Body Slam"]},{"damage_healed":0,"gold_gain":0,"player_choice":"Fought Bandits","damage_taken":0,"max_hp_gain":0,"max_hp_loss":0,"event_name":"Masked Bandits","floor":29,"gold_loss":0},{"damage_healed":0,"gold_gain":0,"player_choice":"Stole Relic","damage_taken":0,"relics_obtained":["Eternal Feather"],"max_hp_gain":0,"max_hp_loss":0,"event_name":"Addict","floor":31,"gold_loss":0,"cards_obtained":["Shame"]},{"damage_healed":0,"gold_gain":0,"player_choice":"Fight","damage_taken":0,"max_hp_gain":0,"max_hp_loss":0,"event_name":"MindBloom","floor":36,"gold_loss":0}],"is_beta":false,"boss_relics":[{"not_picked":["Ectoplasm","SlaversCollar"],"picked":"Coffee Dripper"},{"not_picked":["Pandora\u0027s Box","Runic Pyramid"],"picked":"Sozu"}],"items_purged_floors":[19,27,46,48],"is_endless":false,"potions_floor_spawned":[8,11,12,13,20,23,25,33,36,40,45,54],"ascension_level":4}}