{"host":"hn99riirbf0lv0ml","time":1610668726,"event":{"mods":["AchievementEnabler","Act Like it!","Bard","BaseMod","Beaked The Cultist","Colored Map","Colored Powertips","Conspire","Downfall","Duelist Mod","Friendly Minions","Gensokyo","GifTheSpireLib","Glutton Mod","Halation","Jorbs\u0027s Wanderer Trilogy","Mad Scientist","Marisa????????","Minty Spire (QoL Compilation)","Rare Cards Sparkle","Replay The Spire","StSLib","The Blackbeard","The Bug Knight","The Construct","The Cursed","The Disciple","The Mystic","The Runesmith","The Servant 0.9.4","The Witch"],"gold_per_floor":[114,128,146,160,0,33,33,33,33,61,61,105,105,105,30,30,30,133,133,145,45,45,58,18,18,32,32,32,61,61,78,78,97,97,97,97],"floor_reached":35,"language":"ENG","playtime":10406,"items_purged":["Strike_B","Defend_B"],"score":263,"play_id":"222a9da7-9616-4964-97ba-0ed2f7e6ba07","local_time":"20210114185846","is_ascension_mode":false,"campfire_choices":[{"floor":7.0,"key":"REST"},{"floor":17.0,"key":"REST"},{"floor":25.0,"key":"REST"},{"floor":27.0,"key":"REST"},{"floor":32.0,"key":"REST"},{"floor":34.0,"key":"REST"}],"circlet_count":0,"master_deck":["Strike_B","Strike_B+1","Defend_B","Defend_B","Defend_B","Zap","Dualcast","conspire:Rain+1","Conserve Battery","Turbo+1","White Noise","Aggregate","Sweeping Beam+1","Darkness+1","Rainbow+1","Rebound+1","Time Bomb","Cold Snap+1","Skim","Turbo","Stack+1","Panic Button","Seek"],"relics":["Cracked Core","Gensokyo:Bombinomicon","Chameleon Ring","Darkstone Periapt","Centennial Puzzle","Gremlin Food","Gensokyo:OccultBall","construct:ClawGrip","halation:OrihimeAndHikoboshiSamaAndTears","Prayer Wheel","halation:QuantumPhysicsTextbook"],"acts_visited":["Gensokyo:Gensokyo","Gensokyo:Gensokyoer"],"potions_floor_usage":[35],"damage_taken":[{"damage":4.0,"enemies":"Gensokyo:Gryphon","floor":1.0,"turns":5.0},{"damage":6.0,"enemies":"Gensokyo:3_Fairies","floor":2.0,"turns":4.0},{"damage":2.0,"enemies":"Gensokyo:2_Kodama","floor":3.0,"turns":5.0},{"damage":9.0,"enemies":"Gensokyo:CorruptedTreant","floor":4.0,"turns":3.0},{"damage":8.0,"enemies":"Gensokyo:Aya","floor":6.0,"turns":3.0},{"damage":23.0,"enemies":"Gensokyo:Cirno","floor":10.0,"turns":7.0},{"damage":31.0,"enemies":"Gensokyo:Reimu","floor":18.0,"turns":9.0},{"damage":4.0,"enemies":"Gensokyo:Chomper","floor":20.0,"turns":3.0},{"damage":18.0,"enemies":"Gensokyo:3_Dogs","floor":23.0,"turns":3.0},{"damage":33.0,"enemies":"Gensokyo:Swordslinger","floor":26.0,"turns":4.0},{"damage":45.0,"enemies":"conspire:MimicChest","floor":29.0,"turns":6.0},{"damage":15.0,"enemies":"Gensokyo:Wraith","floor":31.0,"turns":3.0},{"damage":12.0,"enemies":"Gensokyo:Slime_Group","floor":33.0,"turns":3.0},{"damage":49,"enemies":"Gensokyo:Eiki","floor":35,"turns":9}],"seed_played":"6275504106352167715","potions_obtained":[{"floor":1.0,"key":"conspire:TimeTravelPotion"},{"floor":6.0,"key":"EssenceOfSteel"},{"floor":10.0,"key":"Swift Potion"},{"floor":12.0,"key":"CultistPotion"},{"floor":26.0,"key":"SpeedPotion"},{"floor":29.0,"key":"SteroidPotion"},{"floor":31.0,"key":"EssenceOfSteel"}],"is_trial":false,"path_per_floor":["M","M","M","M","?","E","R","?","T","E","?","?","PTL","PTL","$","?","R_BF","B",null,"M","$","?","M","?","R","M","R","T","?","?","M","R","M","R_BF","B"],"character_chosen":"DEFECT","items_purchased":[],"campfire_rested":6,"item_purchase_floors":[],"current_hp_per_floor":[71,65,63,54,54,46,68,68,68,45,45,27,27,27,27,27,49,33,75,71,71,71,53,53,75,42,64,64,19,19,4,26,14,36,0,0],"gold":97,"neow_bonus":"REMOVE_CARD","is_daily":false,"chose_seed":false,"campfire_upgraded":0,"win_rate":0.0,"timestamp":1610668726,"path_taken":["M","M","?","M","?","E","R","?","T","E","?","?","PTL","PTL","$","?","R_BF","BOSS","M","$","?","M","?","R","M","R","T","?","?","M","R","M","R_BF","BOSS"],"items_purchased_type":[],"build_version":"2020-12-22","purchased_purges":2,"victory":false,"max_hp_per_floor":[75,75,75,75,75,75,75,75,75,75,75,75,75,75,75,75,75,75,75,75,75,75,75,75,75,75,75,75,75,75,75,75,75,75,75,75],"card_choices":[{"not_picked":["Hologram","Gash"],"picked":"conspire:Rain","floor":1.0},{"not_picked":["Hologram","Streamline"],"picked":"Conserve Battery","floor":2.0},{"not_picked":["Heatsinks","Coolheaded"],"picked":"Turbo","floor":3.0},{"not_picked":["Cold Snap","Defragment"],"picked":"White Noise","floor":4.0},{"not_picked":["Barrage","Steam Power"],"picked":"Aggregate","floor":6.0},{"not_picked":["Force Field","Sunder"],"picked":"Echo Form","floor":10.0},{"not_picked":["Darkness","Panic Button"],"picked":"Sweeping Beam","floor":12.0},{"not_picked":["Hologram","Rip and Tear"],"picked":"Darkness","floor":12.0},{"not_picked":["Core Surge","ReplayTheSpireMod:Fabricate Wheel"],"picked":"Rainbow","floor":18.0},{"not_picked":["Streamline","Coolheaded+1"],"picked":"Rebound+1","floor":20.0},{"not_picked":["Ball Lightning","Go for the Eyes"],"picked":"Cold Snap+1","floor":23.0},{"not_picked":["Go for the Eyes","Reprogram+1"],"picked":"Skim","floor":26.0},{"not_picked":["Go for the Eyes","Streamline"],"picked":"Turbo","floor":29.0},{"not_picked":["conspire:SharedLibrary","Doom and Gloom"],"picked":"Stack+1","floor":31.0},{"not_picked":["Gash","Streamline"],"picked":"Panic Button","floor":31.0},{"not_picked":["Go for the Eyes","ReplayTheSpireMod:Dual Polarity"],"picked":"Seek","floor":33.0},{"not_picked":["Self Repair","Barrage","ReplayTheSpireMod:Repulse+1"],"picked":"SKIP","floor":33.0}],"player_experience":156162,"relics_obtained":[{"floor":6.0,"key":"Chameleon Ring"},{"floor":9.0,"key":"Darkstone Periapt"},{"floor":10.0,"key":"Centennial Puzzle"},{"floor":12.0,"key":"Gremlin Food"},{"floor":18.0,"key":"Gensokyo:OccultBall"},{"floor":28.0,"key":"halation:OrihimeAndHikoboshiSamaAndTears"},{"floor":29.0,"key":"halation:QuantumPhysicsTextbook"}],"event_choices":[{"damage_healed":0.0,"max_hp_gain":0.0,"max_hp_loss":0.0,"gold_gain":0.0,"event_name":"conspire:Investor","player_choice":"Leave","floor":8.0,"gold_loss":0.0,"damage_taken":0.0}],"is_beta":false,"boss_relics":[{"not_picked":["Replay:Ancient Bell","ChewingGum"],"picked":"construct:ClawGrip"}],"items_purged_floors":[15,21],"is_endless":false,"potions_floor_spawned":[1,6,10,26,29,31],"killed_by":"Gensokyo:Eiki","ascension_level":0}}