{"host":"o7j6aatxjwpw1421","time":1610623642,"event":{"mods":["2.2 Compatiblity","AchievementEnabler","BaseMod","Colored Map","DeckTracker","Highlight Path","Keyboard Shortcuts","Minty Spire (QoL Compilation)","Permanent Neow","Quick Restart","StSLib","SuperFastMode","everything is the same but u backflip on backflip"],"gold_per_floor":[16,33,43,43,43,43,76,76,76,92,103,137,137,156,156,229,229,248,262,281,295,310,310,330,330,330,330,348,216,233,245,245,319,319,337,353,367,383,6,6,6],"floor_reached":40,"language":"KOR","playtime":1651,"items_purged":["Strike_R","Immolate"],"score":844,"play_id":"bc189147-c9da-48ad-8f0c-0bc313cbe4cc","local_time":"20210114202722","is_ascension_mode":true,"campfire_choices":[{"data":"Anger","floor":6.0,"key":"SMITH"},{"data":"Offering","floor":8.0,"key":"SMITH"},{"data":"Blood for Blood","floor":13.0,"key":"SMITH"},{"data":"Evolve","floor":15.0,"key":"SMITH"},{"data":"Heavy Blade","floor":23.0,"key":"SMITH"},{"floor":27.0,"key":"REST"},{"floor":32.0,"key":"REST"}],"circlet_count":0,"master_deck":["AscendersBane","Bash","Offering+1","Body Slam","Shockwave","Anger+1","Pommel Strike","Blood for Blood+1","Uppercut","Evolve+1","Limit Break","Heavy Blade+1","Sword Boomerang","Fiend Fire","Flex","Hemokinesis","Immolate","Bludgeon","Exhume","Infernal Blade","Inflame","Feel No Pain+1","Dark Embrace","Shrug It Off","Dual Wield+1"],"relics":["Black Blood","CultistMask","Shuriken","Mercury Hourglass","Red Skull","Blue Candle","Pandora\u0027s Box","Brimstone"],"acts_visited":["Exordium","TheCity","TheBeyond"],"potions_floor_usage":[],"damage_taken":[{"damage":6.0,"enemies":"Cultist","floor":1.0,"turns":3.0},{"damage":8.0,"enemies":"2 Louse","floor":2.0,"turns":3.0},{"damage":4.0,"enemies":"Small Slimes","floor":3.0,"turns":4.0},{"damage":24.0,"enemies":"Gremlin Nob","floor":7.0,"turns":4.0},{"damage":6.0,"enemies":"Looter","floor":10.0,"turns":1.0},{"damage":0.0,"enemies":"2 Fungi Beasts","floor":11.0,"turns":2.0},{"damage":21.0,"enemies":"Lagavulin","floor":12.0,"turns":4.0},{"damage":19.0,"enemies":"3 Louse","floor":14.0,"turns":2.0},{"damage":20.0,"enemies":"Slime Boss","floor":16.0,"turns":5.0},{"damage":16.0,"enemies":"Chosen","floor":18.0,"turns":4.0},{"damage":29.0,"enemies":"2 Thieves","floor":19.0,"turns":3.0},{"damage":32.0,"enemies":"Snake Plant","floor":20.0,"turns":3.0},{"damage":21.0,"enemies":"Shelled Parasite and Fungi","floor":21.0,"turns":2.0},{"damage":6.0,"enemies":"Centurion and Healer","floor":22.0,"turns":3.0},{"damage":18.0,"enemies":"Snecko","floor":24.0,"turns":4.0},{"damage":22.0,"enemies":"Chosen and Byrds","floor":28.0,"turns":6.0},{"damage":8.0,"enemies":"3 Cultists","floor":30.0,"turns":4.0},{"damage":27.0,"enemies":"Cultist and Chosen","floor":31.0,"turns":5.0},{"damage":31.0,"enemies":"Collector","floor":33.0,"turns":6.0},{"damage":14.0,"enemies":"Orb Walker","floor":35.0,"turns":2.0},{"damage":57.0,"enemies":"3 Darklings","floor":36.0,"turns":4.0},{"damage":9.0,"enemies":"4 Shapes","floor":37.0,"turns":5.0},{"damage":20.0,"enemies":"Transient","floor":38.0,"turns":6.0},{"damage":0,"enemies":"Sphere and 2 Shapes","floor":40,"turns":1}],"seed_played":"2579658075254009810","potions_obtained":[{"floor":2.0,"key":"Ancient Potion"},{"floor":3.0,"key":"Fruit Juice"},{"floor":11.0,"key":"Regen Potion"},{"floor":16.0,"key":"Explosive Potion"},{"floor":18.0,"key":"SteroidPotion"},{"floor":21.0,"key":"SkillPotion"},{"floor":24.0,"key":"EssenceOfSteel"},{"floor":31.0,"key":"Explosive Potion"},{"floor":33.0,"key":"Swift Potion"},{"floor":35.0,"key":"BloodPotion"},{"floor":36.0,"key":"Energy Potion"}],"is_trial":false,"path_per_floor":["M","M","M","?","?","R","E","R","T","M","M","E","R","M","R","B",null,"M","M","M","M","M","R","M","?","T","R","M","$","M","M","R","B",null,"M","M","M","M","$","M"],"character_chosen":"IRONCLAD","items_purchased":["BloodPotion","EntropicBrew","Brimstone"],"campfire_rested":2,"item_purchase_floors":[29,39,39],"current_hp_per_floor":[68,66,73,78,78,78,60,60,60,60,66,51,51,38,38,36,73,69,52,32,23,29,29,23,17,17,42,32,32,36,38,63,44,75,73,28,31,23,40,40,40],"gold":6,"neow_bonus":"THREE_RARE_CARDS","is_daily":false,"chose_seed":false,"campfire_upgraded":5,"win_rate":0.0,"timestamp":1610623642,"path_taken":["M","M","M","?","?","R","E","R","T","M","?","E","R","M","R","BOSS","M","?","M","?","M","R","?","?","T","R","M","$","M","M","R","BOSS","M","M","?","M","$","M"],"items_purchased_type":["Potion","Potion","Relic"],"build_version":"2020-12-22","purchased_purges":2,"victory":false,"max_hp_per_floor":[75,75,80,85,85,85,85,85,85,85,85,85,85,85,85,85,85,85,85,85,85,85,85,85,85,85,85,85,85,85,85,85,85,85,85,85,85,85,85,85,85],"card_choices":[{"not_picked":["Corruption","Juggernaut"],"picked":"Offering","floor":0.0},{"not_picked":["Twin Strike","Sword Boomerang"],"picked":"Body Slam","floor":1.0},{"not_picked":["Flex","Havoc"],"picked":"Shockwave","floor":2.0},{"not_picked":["Feel No Pain","True Grit"],"picked":"Anger","floor":3.0},{"not_picked":["Flame Barrier","Thunderclap"],"picked":"Pommel Strike","floor":7.0},{"not_picked":["Burning Pact","Perfected Strike"],"picked":"Blood for Blood","floor":10.0},{"not_picked":["Berserk","Cleave"],"picked":"Uppercut","floor":11.0},{"not_picked":["Spot Weakness","Shockwave"],"picked":"Evolve","floor":12.0},{"not_picked":["Twin Strike","Dark Embrace","Iron Wave"],"picked":"SKIP","floor":14.0},{"not_picked":["Fiend Fire","Corruption"],"picked":"Limit Break","floor":16.0},{"not_picked":["Headbutt","True Grit"],"picked":"Heavy Blade","floor":18.0},{"not_picked":["Clash","Body Slam","Wild Strike"],"picked":"SKIP","floor":19.0},{"not_picked":["Clothesline","Fire Breathing","Hemokinesis"],"picked":"SKIP","floor":20.0},{"not_picked":["Anger","Wild Strike","Flex"],"picked":"SKIP","floor":21.0},{"not_picked":["Corruption","Flex","Twin Strike"],"picked":"SKIP","floor":22.0},{"not_picked":["Clash","Clothesline","True Grit"],"picked":"SKIP","floor":24.0},{"not_picked":["Havoc","Intimidate"],"picked":"Sword Boomerang","floor":28.0},{"not_picked":["Pommel Strike","Sever Soul","Wild Strike"],"picked":"SKIP","floor":30.0},{"not_picked":["Immolate","Headbutt","Cleave"],"picked":"SKIP","floor":31.0},{"not_picked":["Brutality","Bludgeon"],"picked":"Fiend Fire","floor":33.0},{"not_picked":["Heavy Blade","Fire Breathing"],"picked":"Feel No Pain+1","floor":35.0},{"not_picked":["Armaments","Rampage"],"picked":"Dark Embrace","floor":36.0},{"not_picked":["Sword Boomerang","Rage"],"picked":"Shrug It Off","floor":37.0},{"not_picked":["Carnage","Perfected Strike+1"],"picked":"Dual Wield+1","floor":38.0}],"player_experience":503684,"relics_obtained":[{"floor":7.0,"key":"Shuriken"},{"floor":9.0,"key":"Mercury Hourglass"},{"floor":12.0,"key":"Red Skull"},{"floor":26.0,"key":"Blue Candle"}],"event_choices":[{"damage_healed":0.0,"max_hp_gain":5.0,"max_hp_loss":0.0,"gold_gain":0.0,"event_name":"Big Fish","player_choice":"Donut","floor":4.0,"gold_loss":0.0,"damage_taken":0.0},{"damage_healed":0.0,"max_hp_gain":0.0,"max_hp_loss":0.0,"gold_gain":0.0,"event_name":"FaceTrader","player_choice":"Trade","floor":5.0,"gold_loss":0.0,"damage_taken":0.0,"relics_obtained":["CultistMask"]},{"damage_healed":0.0,"max_hp_gain":0.0,"max_hp_loss":0.0,"gold_gain":0.0,"event_name":"Knowing Skull","player_choice":"","floor":25.0,"potions_obtained":[],"gold_loss":0.0,"damage_taken":6.0,"cards_obtained":[]}],"is_beta":false,"boss_relics":[{"not_picked":["Runic Dome","Runic Pyramid"],"picked":"Black Blood"},{"not_picked":["Tiny House","Velvet Choker"],"picked":"Pandora\u0027s Box"}],"items_purged_floors":[29,39],"is_endless":false,"potions_floor_spawned":[2,3,11,16,18,21,24,31,33,35,36,37],"killed_by":"Sphere and 2 Shapes","ascension_level":19}}