{"host":"foq4mrde4mssg7vt","time":1610637789,"event":{"mods":["AchievementEnabler","BaseMod","Colored Map","Colored Powertips","Highlight Path","Minty Spire (QoL Compilation)","Relic Stats","everything is the same but u backflip on backflip"],"gold_per_floor":[118,136,153,164,164,193,193,213,287,287,287,315,240,272,272,344,344,323,323,23,35,48,48,64,74,74,74,93,93,111,124,124,198,198,217,217,235,251,263,296,333,333,333,333,134,134,166,178,178,218,218,218,68,123,143],"floor_reached":56,"language":"ENG","playtime":3863,"items_purged":["Strike_R","Strike_R","Strike_R"],"score":2070,"play_id":"57399731-dd58-4ef7-b869-4461a7792388","local_time":"20210114232309","is_ascension_mode":true,"campfire_choices":[{"floor":7,"key":"REST"},{"data":"True Grit","floor":11,"key":"SMITH"},{"floor":15,"key":"REST"},{"data":"Demon Form","floor":23,"key":"SMITH"},{"data":"Dual Wield","floor":27,"key":"SMITH"},{"data":"Shockwave","floor":32,"key":"SMITH"},{"data":"Burning Pact","floor":42,"key":"SMITH"},{"data":"Feel No Pain","floor":46,"key":"SMITH"},{"floor":49,"key":"RECALL"},{"data":"Battle Trance","floor":52,"key":"SMITH"}],"circlet_count":0,"master_deck":["AscendersBane","Defend_R","Defend_R","Defend_R","Defend_R","Bash","Demon Form+1","Combust","Rampage","Shrug It Off","True Grit+1","Pummel","Ghostly Armor","Battle Trance+1","Reaper","Shrug It Off","Reaper","Shockwave+1","Dual Wield+1","Fiend Fire","Shrug It Off+1","Juggernaut","Heavy Blade","Burning Pact+1","True Grit+1","HandOfGreed","Feel No Pain+1","Dark Embrace","Entrench+1","Feel No Pain","Burning Pact"],"relics":["Burning Blood","Prayer Wheel","Pear","Incense Burner","Pen Nib","Snecko Eye","DollysMirror","Sundial","Coffee Dripper","Red Skull","Oddly Smooth Stone","Champion Belt"],"acts_visited":["Exordium","TheCity","TheBeyond","TheEnding"],"potions_floor_usage":[6,6,14,55,55],"damage_taken":[{"damage":14,"enemies":"2 Louse","floor":1,"turns":5},{"damage":8,"enemies":"Cultist","floor":2,"turns":4},{"damage":10,"enemies":"Small Slimes","floor":3,"turns":3},{"damage":11,"enemies":"Exordium Wildlife","floor":4,"turns":3},{"damage":25,"enemies":"3 Sentries","floor":6,"turns":5},{"damage":6,"enemies":"2 Fungi Beasts","floor":8,"turns":4},{"damage":21,"enemies":"Lagavulin","floor":12,"turns":6},{"damage":26,"enemies":"Gremlin Nob","floor":14,"turns":4},{"damage":30,"enemies":"The Guardian","floor":16,"turns":9},{"damage":21,"enemies":"2 Thieves","floor":18,"turns":4},{"damage":37,"enemies":"Spheric Guardian","floor":21,"turns":6},{"damage":51,"enemies":"Cultist and Chosen","floor":22,"turns":7},{"damage":35,"enemies":"Shelled Parasite and Fungi","floor":24,"turns":5},{"damage":31,"enemies":"Snecko","floor":25,"turns":7},{"damage":24,"enemies":"Snake Plant","floor":28,"turns":5},{"damage":33,"enemies":"Shelled Parasite and Fungi","floor":30,"turns":7},{"damage":52,"enemies":"Snecko","floor":31,"turns":9},{"damage":101,"enemies":"Automaton","floor":33,"turns":8},{"damage":1,"enemies":"Orb Walker","floor":35,"turns":3},{"damage":41,"enemies":"3 Shapes","floor":37,"turns":8},{"damage":21,"enemies":"Transient","floor":38,"turns":6},{"damage":57,"enemies":"Writhing Mass","floor":39,"turns":6},{"damage":0,"enemies":"Nemesis","floor":40,"turns":5},{"damage":32,"enemies":"Maw","floor":41,"turns":8},{"damage":5,"enemies":"Giant Head","floor":47,"turns":5},{"damage":20,"enemies":"Spire Growth","floor":48,"turns":6},{"damage":30,"enemies":"Awakened One","floor":50,"turns":18},{"damage":73,"enemies":"Shield and Spear","floor":54,"turns":9},{"damage":87,"enemies":"The Heart","floor":55,"turns":13}],"seed_played":"-9197527337409528288","potions_obtained":[{"floor":2,"key":"Explosive Potion"},{"floor":3,"key":"Swift Potion"},{"floor":6,"key":"FearPotion"},{"floor":8,"key":"SmokeBomb"},{"floor":25,"key":"SteroidPotion"},{"floor":28,"key":"Explosive Potion"},{"floor":30,"key":"DuplicationPotion"},{"floor":41,"key":"LiquidMemories"}],"is_trial":false,"path_per_floor":["M","M","M","M","?","E","R","M","T","?","R","E","$","E","R","B",null,"M","?","$","M","M","R","M","M","T","R","M","?","M","M","R","B",null,"M","?","M","M","M","E","M","R","T","?","$","R","E","M","R","B",null,"R","$","E","B",null],"character_chosen":"IRONCLAD","items_purchased":["Shrug It Off","DollysMirror","Dark Embrace","Feel No Pain","Burning Pact"],"campfire_rested":2,"item_purchase_floors":[20,20,45,53,53],"current_hp_per_floor":[42,40,36,31,31,12,34,34,44,44,44,29,29,9,34,10,66,70,70,70,55,33,33,39,77,77,77,85,85,85,70,70,85,85,85,75,77,68,62,85,85,85,85,85,85,85,85,85,85,85,85,85,85,78,85],"gold":143,"neow_bonus":"THREE_RARE_CARDS","is_daily":false,"chose_seed":false,"campfire_upgraded":7,"win_rate":0.0,"timestamp":1610637789,"path_taken":["M","M","M","M","?","E","R","M","T","?","R","E","$","E","R","BOSS","M","?","$","M","M","R","M","M","T","R","M","?","M","M","R","BOSS","M","?","M","M","M","E","M","R","T","?","$","R","E","M","R","BOSS","R","$","E","BOSS"],"items_purchased_type":["Card","Relic","Card","Card","Card"],"build_version":"2020-12-22","purchased_purges":3,"victory":true,"max_hp_per_floor":[75,75,75,75,75,75,75,75,85,85,85,85,85,85,85,85,85,85,85,85,85,85,85,85,85,85,85,85,85,85,85,85,85,85,85,85,85,85,85,85,85,85,85,85,85,85,85,85,85,85,85,85,85,85,85],"relic_stats":{"counters":[29,188],"Sundial":[28],"Snecko Eye":[296,296,295,293],"Prayer Wheel":15,"Pen Nib":[17],"Champion Belt":[1],"obtain_stats":[{"Pear":9,"DollysMirror":20,"Sundial":26,"Snecko Eye":17,"Oddly Smooth Stone":47,"Prayer Wheel":6,"Pen Nib":14,"Incense Burner":12,"Coffee Dripper":34,"Champion Belt":54,"Burning Blood":0,"Red Skull":40},{"Pear":6,"DollysMirror":10,"Sundial":14,"Snecko Eye":9,"Oddly Smooth Stone":25,"Prayer Wheel":5,"Pen Nib":8,"Incense Burner":7,"Coffee Dripper":18,"Champion Belt":28,"Burning Blood":0,"Red Skull":23},{"Pear":24,"DollysMirror":47,"Sundial":72,"Snecko Eye":43,"Oddly Smooth Stone":142,"Prayer Wheel":20,"Pen Nib":34,"Incense Burner":30,"Coffee Dripper":101,"Champion Belt":175,"Burning Blood":0,"Red Skull":129}],"Burning Blood":121},"card_choices":[{"not_picked":["Double Tap","Berserk"],"picked":"Demon Form","floor":0},{"not_picked":["Havoc","Searing Blow"],"picked":"Combust","floor":1},{"not_picked":["Entrench","Second Wind"],"picked":"Rampage","floor":2},{"not_picked":["Sentinel","Whirlwind"],"picked":"Anger","floor":3},{"not_picked":["Clothesline","Thunderclap"],"picked":"Shrug It Off","floor":4},{"not_picked":["Second Wind","Flex","Dark Embrace"],"picked":"SKIP","floor":6},{"not_picked":["Flex","Body Slam"],"picked":"True Grit","floor":8},{"not_picked":["Flex","Evolve"],"picked":"Pummel","floor":8},{"not_picked":["Infernal Blade","Twin Strike"],"picked":"Battle Trance","floor":12},{"not_picked":["Headbutt","Thunderclap","Sentinel"],"picked":"SKIP","floor":14},{"not_picked":["Fiend Fire","Juggernaut"],"picked":"Reaper","floor":16},{"not_picked":["Headbutt","Body Slam","Twin Strike"],"picked":"SKIP","floor":18},{"not_picked":["True Grit","Fire Breathing","Searing Blow"],"picked":"SKIP","floor":18},{"not_picked":["Bloodletting","Perfected Strike"],"picked":"Shockwave","floor":21},{"not_picked":["Power Through","Inflame","Flex"],"picked":"SKIP","floor":21},{"not_picked":["Fire Breathing+1","Perfected Strike"],"picked":"Dual Wield","floor":22},{"not_picked":["Headbutt","Sword Boomerang","Rampage"],"picked":"SKIP","floor":22},{"not_picked":["Body Slam+1","Headbutt","Ghostly Armor"],"picked":"SKIP","floor":24},{"not_picked":["Bloodletting","Clothesline","Fire Breathing"],"picked":"SKIP","floor":24},{"not_picked":["Clash","Body Slam","Fire Breathing"],"picked":"SKIP","floor":25},{"not_picked":["Body Slam","Intimidate","Fire Breathing"],"picked":"SKIP","floor":25},{"not_picked":["Warcry+1","Dual Wield"],"picked":"Fiend Fire","floor":28},{"not_picked":["Perfected Strike","Body Slam"],"picked":"Shrug It Off+1","floor":28},{"not_picked":["Wild Strike","Hemokinesis"],"picked":"Burning Pact","floor":30},{"not_picked":["Headbutt","Pummel","Second Wind"],"picked":"SKIP","floor":30},{"not_picked":["Evolve","Clash","Headbutt"],"picked":"SKIP","floor":31},{"not_picked":["Rampage","Clash","Sword Boomerang"],"picked":"SKIP","floor":31},{"not_picked":["Warcry","Hemokinesis+1"],"picked":"True Grit+1","floor":35},{"not_picked":["Whirlwind","Sword Boomerang","Twin Strike+1"],"picked":"SKIP","floor":35},{"not_picked":["Sadistic Nature","Mayhem"],"picked":"HandOfGreed","floor":36},{"not_picked":["Thunderclap","Havoc","Clash+1"],"picked":"SKIP","floor":37},{"not_picked":["Iron Wave","Pommel Strike","Rampage"],"picked":"SKIP","floor":37},{"not_picked":["Carnage","True Grit"],"picked":"Feel No Pain","floor":38},{"not_picked":["Shrug It Off","Armaments","Ghostly Armor+1"],"picked":"SKIP","floor":38},{"not_picked":["Blood for Blood","Pommel Strike","Shrug It Off"],"picked":"SKIP","floor":39},{"not_picked":["Second Wind","Shrug It Off","Fire Breathing"],"picked":"SKIP","floor":39},{"not_picked":["Juggernaut","Perfected Strike","Clothesline"],"picked":"SKIP","floor":40},{"not_picked":["Havoc","Second Wind","Rage+1"],"picked":"SKIP","floor":41},{"not_picked":["Searing Blow+1","Anger+1","Bloodletting"],"picked":"SKIP","floor":41},{"not_picked":["Uppercut+1","Clash+1"],"picked":"Entrench+1","floor":47},{"not_picked":["Shrug It Off","Pommel Strike+1","Entrench"],"picked":"SKIP","floor":48},{"not_picked":["Havoc","Burning Pact","Heavy Blade+1"],"picked":"SKIP","floor":48},{"not_picked":["True Grit","Pommel Strike","Metallicize"],"picked":"SKIP","floor":54}],"player_experience":461721,"relics_obtained":[{"floor":6,"key":"Prayer Wheel"},{"floor":9,"key":"Pear"},{"floor":12,"key":"Incense Burner"},{"floor":14,"key":"Pen Nib"},{"floor":26,"key":"Sundial"},{"floor":40,"key":"Red Skull"},{"floor":47,"key":"Oddly Smooth Stone"},{"floor":54,"key":"Champion Belt"}],"event_choices":[{"damage_healed":0,"gold_gain":0,"player_choice":"Ignored","damage_taken":0,"max_hp_gain":0,"max_hp_loss":0,"event_name":"Shining Light","floor":5,"gold_loss":0},{"damage_healed":0,"gold_gain":0,"cards_transformed":["Strike_R"],"player_choice":"Transformed","damage_taken":0,"max_hp_gain":0,"max_hp_loss":0,"event_name":"Transmorgrifier","floor":10,"gold_loss":0,"cards_obtained":["Ghostly Armor"]},{"damage_healed":0,"gold_gain":0,"player_choice":"Ignored","damage_taken":0,"max_hp_gain":0,"max_hp_loss":0,"event_name":"Vampires","floor":19,"gold_loss":0},{"damage_healed":0,"gold_gain":0,"cards_transformed":["Strike_R","Anger"],"player_choice":"Became Test Subject","damage_taken":0,"max_hp_gain":0,"max_hp_loss":0,"event_name":"Drug Dealer","floor":29,"gold_loss":0,"cards_obtained":["Juggernaut","Heavy Blade"]},{"damage_healed":0,"gold_gain":0,"player_choice":"Memory 3","damage_taken":10,"max_hp_gain":0,"max_hp_loss":0,"event_name":"SensoryStone","floor":36,"gold_loss":0},{"damage_healed":0,"gold_gain":0,"player_choice":"Ignored","damage_taken":0,"max_hp_gain":0,"max_hp_loss":0,"event_name":"Tomb of Lord Red Mask","floor":44,"gold_loss":0}],"is_beta":false,"boss_relics":[{"not_picked":["Philosopher\u0027s Stone","Sozu"],"picked":"Snecko Eye"},{"not_picked":["Astrolabe","Black Blood"],"picked":"Coffee Dripper"}],"items_purged_floors":[13,20,45],"is_endless":false,"potions_floor_spawned":[2,3,6,8,25,28,30,33,35,41,47],"ascension_level":18}}