{"host":"9kesdg97wkrx2bva","time":1610604577,"event":{"mods":["AchievementEnabler","BaseMod","Colored Map","Downfall","GifTheSpireLib","Infinite Spire","Minty Spire (QoL Compilation)","Replay The Spire","StSLib"],"gold_per_floor":[119,135,147,237,162,162,193,193,193,193,193,193],"floor_reached":11,"language":"ENG","playtime":252,"items_purged":["Strike_G"],"score":121,"play_id":"9b70c86b-1bcd-441d-9c51-06811bba6faa","local_time":"20210114010937","is_ascension_mode":true,"campfire_choices":[{"data":"Noxious Fumes","floor":6,"key":"SMITH"},{"floor":8,"key":"REST"},{"data":"Catalyst","floor":10,"key":"SMITH"}],"circlet_count":0,"master_deck":["AscendersBane","Strike_G","Strike_G","Strike_G","Defend_G","Defend_G","Defend_G","Defend_G","Survivor","Neutralize","Underhanded Strike","Escape Plan","Hidden Blade","Noxious Fumes+1","Bane","Dagger Throw","Dagger Throw","Prepared","Catalyst+1"],"relics":["Ring of the Snake","Darkstone Periapt","Replay:Bottled Snecko"],"acts_visited":["Exordium"],"potions_floor_usage":[7,11],"damage_taken":[{"damage":0,"enemies":"Small Slimes","floor":1,"turns":3},{"damage":0,"enemies":"2 Louse","floor":2,"turns":2},{"damage":8,"enemies":"Jaw Worm","floor":3,"turns":5},{"damage":24,"enemies":"Gremlin Nob","floor":7,"turns":4},{"damage":25,"enemies":"3 Sentries","floor":11,"turns":5}],"seed_played":"5573594964795552014","potions_obtained":[{"floor":3,"key":"Weak Potion"},{"floor":7,"key":"Languid Potion"}],"is_trial":false,"path_per_floor":["M","M","M","?","$","R","E","R","T","R","E"],"character_chosen":"THE_SILENT","items_purchased":[],"campfire_rested":1,"item_purchase_floors":[],"current_hp_per_floor":[59,59,51,27,27,27,3,21,21,21,0,0],"gold":193,"neow_bonus":"TRANSFORM_TWO_CARDS","is_daily":false,"chose_seed":false,"campfire_upgraded":2,"win_rate":0.0,"timestamp":1610604577,"path_taken":["M","M","M","?","$","R","E","R","T","R","E"],"items_purchased_type":[],"build_version":"2020-12-22","purchased_purges":1,"victory":false,"max_hp_per_floor":[60,60,60,60,60,60,60,60,60,60,60,60],"card_choices":[{"not_picked":["Flechettes","Dodge and Roll"],"picked":"Hidden Blade","floor":1},{"not_picked":["Infinite Blades","Draining Mist"],"picked":"Noxious Fumes","floor":2},{"not_picked":["Backflip","Cloak And Dagger"],"picked":"Bane","floor":3},{"not_picked":["Doppelganger","Skewer"],"picked":"Dagger Throw","floor":4},{"not_picked":["Hidden Blade","PiercingWail"],"picked":"Dagger Throw","floor":4},{"not_picked":["Sucker Punch","Cloak And Dagger"],"picked":"Prepared","floor":4},{"not_picked":["Poisoned Stab","Outmaneuver"],"picked":"Catalyst","floor":7}],"player_experience":929507,"relics_obtained":[{"floor":7,"key":"Darkstone Periapt"},{"floor":9,"key":"Replay:Bottled Snecko"}],"event_choices":[],"is_beta":false,"boss_relics":[],"items_purged_floors":[5],"is_endless":false,"potions_floor_spawned":[3,7],"killed_by":"3 Sentries","ascension_level":14}}