{"host":"mhzgc0zma59jtmoj","time":1610601808,"event":{"mods":["100% Spire Juice","BaseMod","BetterRewards","Custom Start","Glutton Mod","Hermit","Ironclad Rager","Koishi","Luminous","Minty Spire (QoL Compilation)","Shade Mod","Somnambulant","StSLib","The Animator","The Cursed","The Death Knight","The Elementalist","The Hierophant","The Jungle","The Necromancer","The Runesmith","Treasure Hunter"],"gold_per_floor":[116,13,28,28,53,53,77,101,101,115,151,164,164,185,185,311,71,89,66,66,79,104,104,104],"floor_reached":23,"language":"ENG","playtime":1272,"items_purged":[],"score":224,"play_id":"89daeaba-d1e3-4abd-861e-66f0932ea5cd","local_time":"20210114002328","daily_mods":["SealedDeck"],"is_ascension_mode":false,"campfire_choices":[{"data":"Moonworks:CloudOfSeagulls","floor":6,"key":"SMITH"},{"floor":15,"key":"REST"}],"circlet_count":0,"master_deck":["Moonworks:CloudOfSeagulls+1","Moonworks:DeployBits","Moonworks:DeployBits","Moonworks:AwakeningOfTalent","Moonworks:JonathanRush","Moonworks:JonathanRush","Moonworks:EvilSpyWorkPreparation","Moonworks:EvilSpyWorkPreparation","Moonworks:Dinner","Moonworks:Flamethrower","Moonworks:Flamethrower","Moonworks:EvilSpyWorkPreparation","TH:TreasureMap","Moonworks:JonathanRush","TH:ElvenBoots","Moonworks:ShieldCounter","Moonworks:JonathanRush","TH:TreasureMap","Moonworks:CloudOfSeagulls","Moonworks:JonathanRush","Moonworks:CloudOfSeagulls+1","Moonworks:SakisCookie"],"relics":["Moonworks:BrokenBomb","Moonworks:Homemark","Golden Idol","Smiling Mask","Oddly Smooth Stone","Empty Cage"],"acts_visited":["Exordium","Exordium"],"potions_floor_usage":[23,23],"damage_taken":[{"damage":0,"enemies":"Cultist","floor":1,"turns":3},{"damage":0,"enemies":"Small Slimes","floor":2,"turns":3},{"damage":13,"enemies":"Jaw Worm","floor":3,"turns":3},{"damage":22,"enemies":"Gremlin Gang","floor":5,"turns":3},{"damage":3,"enemies":"Exordium Wildlife","floor":7,"turns":2},{"damage":0,"enemies":"3 Louse","floor":8,"turns":2},{"damage":7,"enemies":"Exordium Thugs","floor":10,"turns":3},{"damage":14,"enemies":"3 Sentries","floor":11,"turns":3},{"damage":0,"enemies":"2 Fungi Beasts","floor":12,"turns":2},{"damage":8,"enemies":"Large Slime","floor":14,"turns":4},{"damage":30,"enemies":"Hexaghost","floor":16,"turns":6},{"damage":39,"enemies":"theJungle:Flameango_and_Byrd","floor":18,"turns":4},{"damage":0,"enemies":"theJungle:GiantWrat","floor":21,"turns":3},{"damage":36,"enemies":"theJungle:2_Snecko_Cultists","floor":22,"turns":4},{"damage":43,"enemies":"theJungle:MamaSnecko","floor":23,"turns":5}],"seed_played":"-3517777750149642075","potions_obtained":[{"floor":3,"key":"FairyPotion"},{"floor":5,"key":"Dexterity Potion"},{"floor":10,"key":"FairyPotion"},{"floor":16,"key":"BlessingOfTheForge"},{"floor":22,"key":"Fire Potion"}],"is_trial":true,"path_per_floor":["M","M","M","?","M","R","M","M","T","M","E","M","?","M","R","B",null,"M","$","?","M","M","E"],"character_chosen":"THE_STARBREAKER","items_purchased":["Moonworks:JonathanRush"],"campfire_rested":1,"item_purchase_floors":[19],"current_hp_per_floor":[60,60,49,49,32,32,29,29,29,22,8,11,11,8,24,15,56,17,17,17,20,15,0,0],"gold":104,"neow_bonus":"","is_daily":false,"chose_seed":false,"campfire_upgraded":1,"win_rate":0.0,"timestamp":1610601808,"path_taken":["M","M","M","?","M","R","M","M","T","M","E","M","?","M","R","BOSS","M","$","?","M","?","E"],"items_purchased_type":["Card"],"build_version":"2020-12-22","purchased_purges":0,"victory":false,"max_hp_per_floor":[60,60,60,56,56,56,56,56,56,56,56,56,56,56,56,56,56,56,56,56,56,56,56,56],"card_choices":[{"not_picked":["Moonworks:ImOnFire","Moonworks:BigMagnum","Moonworks:AngelHand"],"picked":"SKIP","floor":1},{"not_picked":["Moonworks:DeployBits","Moonworks:NicePresent"],"picked":"Moonworks:Dinner","floor":2},{"not_picked":["Moonworks:ImOnFire","Moonworks:LulusLuckyEgg"],"picked":"Moonworks:Flamethrower","floor":3},{"not_picked":["Moonworks:MixPhenomenon","Moonworks:BindingChains"],"picked":"Moonworks:Flamethrower","floor":5},{"not_picked":["Moonworks:ImOnFire","Moonworks:BigMagnum","Moonworks:NicePresent"],"picked":"SKIP","floor":7},{"not_picked":["Moonworks:ImOnFire","Moonworks:Assault"],"picked":"Moonworks:EvilSpyWorkPreparation","floor":8},{"not_picked":["TH:CopperCoins"],"picked":"TH:TreasureMap","floor":9},{"not_picked":["Moonworks:IndiscriminateFireSupport","Moonworks:SakisCookie"],"picked":"Moonworks:JonathanRush","floor":10},{"not_picked":["TH:ArmorSpikes"],"picked":"TH:ElvenBoots","floor":11},{"not_picked":["Moonworks:EvilMastermind","Moonworks:EvilSpyWorkPreparation"],"picked":"Moonworks:ShieldCounter","floor":11},{"not_picked":["Moonworks:Assault","Moonworks:IndiscriminateFireSupport","Moonworks:SelfDestruct"],"picked":"SKIP","floor":12},{"not_picked":["Moonworks:CloudOfSeagulls","Moonworks:RagingMadness"],"picked":"Moonworks:JonathanRush","floor":14},{"not_picked":["TH:ArmorSpikes"],"picked":"TH:TreasureMap","floor":16},{"not_picked":["Moonworks:Assault","Moonworks:DevilHand"],"picked":"Moonworks:CloudOfSeagulls","floor":18},{"not_picked":["Moonworks:Heat300Percent","Moonworks:Dash"],"picked":"Moonworks:CloudOfSeagulls+1","floor":21},{"not_picked":["Moonworks:ImOnFire","Moonworks:AwakeningOfTalent"],"picked":"Moonworks:SakisCookie","floor":22}],"player_experience":236478,"relics_obtained":[{"floor":9,"key":"Smiling Mask"},{"floor":11,"key":"Oddly Smooth Stone"}],"event_choices":[{"damage_healed":0,"gold_gain":0,"player_choice":"Lose Max HP","damage_taken":0,"relics_obtained":["Golden Idol"],"max_hp_gain":0,"max_hp_loss":4,"event_name":"Golden Idol","floor":4,"gold_loss":0},{"damage_healed":0,"gold_gain":0,"player_choice":"Searched \u00270\u0027 times","damage_taken":0,"max_hp_gain":0,"max_hp_loss":0,"event_name":"Dead Adventurer","floor":13,"gold_loss":0},{"damage_healed":0,"gold_gain":0,"player_choice":"Ignored","damage_taken":0,"max_hp_gain":0,"max_hp_loss":0,"event_name":"NoteForYourself","floor":20,"gold_loss":0}],"is_beta":false,"boss_relics":[{"not_picked":["Runesmith:UraniumAnvil","Fusion Hammer"],"picked":"Empty Cage"}],"items_purged_floors":[],"is_endless":false,"potions_floor_spawned":[3,5,10,12,16,21,22],"killed_by":"theJungle:MamaSnecko","ascension_level":0}}