{"host":"Qube","time":1610591580,"event":{"mods":["AchievementEnabler","BaseMod","Colored Map","Colored Powertips","Minty Spire (QoL Compilation)","Quick Restart","Random Character Button","StSLib"],"gold_per_floor":[115,135,147,147,147,147,175,175,175,175,194,222,242,257,257,333,333,343,258,272,0,0,0,14,14,39,49,49,74,74,98,98,171,171,188,202,202,202,215,215,215,215],"floor_reached":41,"language":"ENG","playtime":1469,"items_purged":[],"score":992,"play_id":"59031461-0d73-47ed-8757-07e9f8184f19","local_time":"20210113183300","is_ascension_mode":true,"campfire_choices":[{"data":"WindmillStrike","floor":6.0,"key":"SMITH"},{"data":"Vigilance","floor":8.0,"key":"SMITH"},{"floor":10.0,"key":"REST"},{"data":"Devotion","floor":15.0,"key":"SMITH"},{"data":"Protect","floor":23.0,"key":"SMITH"},{"data":"DevaForm","floor":30.0,"key":"SMITH"},{"data":"Prostrate","floor":32.0,"key":"SMITH"},{"floor":40,"key":"REST"}],"circlet_count":0,"master_deck":["AscendersBane","Strike_P+1","Strike_P","Strike_P","Defend_P","Eruption+1","Vigilance+1","Wallop","WindmillStrike+1","SandsOfTime","Protect+1","ReachHeaven","Devotion+1","Wallop","FlurryOfBlows","DevaForm+1","CutThroughFate","Prostrate+1","Brilliance","CarveReality","Swivel+1","SpiritShield","Evaluate+1","Parasite"],"relics":["PureWater","White Beast Statue","Question Card","Potion Belt","Bottled Flame","Busted Crown","Sundial","Eternal Feather","Orichalcum","Juzu Bracelet","Bag of Marbles","Calling Bell","Tiny Chest","StrikeDummy","CaptainsWheel"],"acts_visited":["Exordium","TheCity","TheBeyond"],"potions_floor_usage":[41,41],"damage_taken":[{"damage":0.0,"enemies":"2 Louse","floor":1.0,"turns":2.0},{"damage":2.0,"enemies":"Jaw Worm","floor":2.0,"turns":3.0},{"damage":0.0,"enemies":"Small Slimes","floor":3.0,"turns":3.0},{"damage":8.0,"enemies":"Gremlin Nob","floor":7.0,"turns":3.0},{"damage":1.0,"enemies":"Exordium Thugs","floor":11.0,"turns":2.0},{"damage":0.0,"enemies":"Lagavulin","floor":12.0,"turns":5.0},{"damage":0.0,"enemies":"Blue Slaver","floor":13.0,"turns":2.0},{"damage":0.0,"enemies":"2 Fungi Beasts","floor":14.0,"turns":3.0},{"damage":2.0,"enemies":"The Guardian","floor":16.0,"turns":10.0},{"damage":11.0,"enemies":"2 Thieves","floor":18.0,"turns":5.0},{"damage":0.0,"enemies":"Spheric Guardian","floor":20.0,"turns":3.0},{"damage":10.0,"enemies":"Centurion and Healer","floor":24.0,"turns":5.0},{"damage":8.0,"enemies":"Snecko","floor":27.0,"turns":5.0},{"damage":0.0,"enemies":"Gremlin Leader","floor":29.0,"turns":4.0},{"damage":51.0,"enemies":"Champ","floor":33.0,"turns":8.0},{"damage":0.0,"enemies":"3 Shapes","floor":35.0,"turns":4.0},{"damage":6.0,"enemies":"3 Darklings","floor":36.0,"turns":6.0},{"damage":46,"enemies":"Jaw Worm Horde","floor":39,"turns":5},{"damage":38,"enemies":"Writhing Mass","floor":41,"turns":7}],"seed_played":"-1332457942484767588","potions_obtained":[{"floor":1.0,"key":"DistilledChaos"},{"floor":2.0,"key":"GamblersBrew"},{"floor":7.0,"key":"Dexterity Potion"},{"floor":11.0,"key":"FearPotion"},{"floor":12.0,"key":"Swift Potion"},{"floor":13.0,"key":"Fruit Juice"},{"floor":14.0,"key":"Weak Potion"},{"floor":16.0,"key":"Ancient Potion"},{"floor":18.0,"key":"PowerPotion"},{"floor":20.0,"key":"Weak Potion"},{"floor":24.0,"key":"SpeedPotion"},{"floor":27.0,"key":"Strength Potion"},{"floor":29.0,"key":"Weak Potion"},{"floor":33.0,"key":"SteroidPotion"},{"floor":35.0,"key":"Fire Potion"},{"floor":36.0,"key":"StancePotion"},{"floor":39,"key":"SpeedPotion"}],"is_trial":false,"path_per_floor":["M","M","M","?","?","R","E","R","T","R","M","E","M","M","R","B",null,"M","?","M","$","?","R","M","?","T","M","?","E","R","T","R","B",null,"M","M","?","?","M","R","M"],"character_chosen":"WATCHER","items_purchased":["Eternal Feather"],"campfire_rested":2,"item_purchase_floors":[21],"current_hp_per_floor":[61,59,59,40,35,35,27,27,27,45,44,44,44,49,49,47,62,51,51,51,51,51,63,53,53,53,45,58,58,67,67,67,16,54,54,48,48,48,2,34,0,0],"gold":215,"neow_bonus":"REMOVE_TWO","is_daily":false,"chose_seed":false,"campfire_upgraded":6,"win_rate":0.0,"timestamp":1610591580,"path_taken":["M","M","M","?","?","R","E","R","T","R","M","E","M","?","R","BOSS","M","?","M","$","?","R","M","?","T","M","?","E","R","?","R","BOSS","M","M","?","?","M","R","M"],"items_purchased_type":["Relic"],"build_version":"2020-12-18","purchased_purges":0,"victory":false,"max_hp_per_floor":[62,62,62,62,62,62,62,62,62,62,62,62,62,67,67,67,67,67,67,67,67,67,67,67,67,67,67,67,67,67,67,67,67,67,67,67,67,67,67,67,67,67],"card_choices":[{"not_picked":["Conclude","Protect"],"picked":"Wallop","floor":1.0},{"not_picked":["TalkToTheHand","Swivel"],"picked":"WindmillStrike","floor":2.0},{"not_picked":["Evaluate","JustLucky"],"picked":"SandsOfTime","floor":3.0},{"not_picked":["ThirdEye","Prostrate"],"picked":"Protect","floor":7.0},{"not_picked":["EmptyBody","Meditate","EmptyFist"],"picked":"ReachHeaven","floor":11.0},{"not_picked":["CrushJoints","Prostrate","LikeWater"],"picked":"Devotion","floor":12.0},{"not_picked":["LikeWater","Worship","Indignation"],"picked":"Wallop","floor":13.0},{"not_picked":["Evaluate","MentalFortress","EmptyFist"],"picked":"FlurryOfBlows","floor":14.0},{"not_picked":["Blasphemy","Vault","MasterReality"],"picked":"DevaForm","floor":16.0},{"not_picked":["EmptyFist"],"picked":"CutThroughFate","floor":18.0},{"not_picked":["ClearTheMind"],"picked":"Prostrate","floor":20.0},{"not_picked":["Vengeance","JustLucky"],"picked":"SKIP","floor":24.0},{"not_picked":["FollowUp"],"picked":"Swivel+1","floor":27.0},{"not_picked":["FollowUp","BowlingBash"],"picked":"SKIP","floor":29.0},{"not_picked":["Scrawl"],"picked":"SpiritShield","floor":33.0},{"not_picked":["EmptyBody+1","WindmillStrike"],"picked":"SKIP","floor":35.0},{"not_picked":["Sanctity","EmptyMind+1"],"picked":"SKIP","floor":36.0},{"not_picked":["InnerPeace"],"picked":"Evaluate+1","floor":39}],"player_experience":893972,"relics_obtained":[{"floor":7.0,"key":"Question Card"},{"floor":9.0,"key":"Potion Belt"},{"floor":12.0,"key":"Bottled Flame"},{"floor":26.0,"key":"Orichalcum"},{"floor":29.0,"key":"Juzu Bracelet"},{"floor":31.0,"key":"Bag of Marbles"},{"floor":34.0,"key":"Tiny Chest"},{"floor":34.0,"key":"StrikeDummy"},{"floor":34.0,"key":"CaptainsWheel"}],"event_choices":[{"damage_healed":0.0,"max_hp_gain":0.0,"max_hp_loss":0.0,"gold_gain":0.0,"event_name":"Shining Light","player_choice":"Entered Light","floor":4.0,"gold_loss":0.0,"damage_taken":19.0,"cards_upgraded":["Eruption","Strike_P"]},{"damage_healed":0.0,"max_hp_gain":0.0,"max_hp_loss":0.0,"gold_gain":0.0,"event_name":"Scrap Ooze","player_choice":"Success","floor":5.0,"gold_loss":0.0,"damage_taken":5.0,"relics_obtained":["White Beast Statue"]},{"damage_healed":0.0,"max_hp_gain":0.0,"max_hp_loss":0.0,"gold_gain":0.0,"event_name":"Addict","player_choice":"Obtained Relic","floor":19.0,"gold_loss":85.0,"damage_taken":0.0,"relics_obtained":["Sundial"]},{"damage_healed":0.0,"max_hp_gain":0.0,"max_hp_loss":0.0,"gold_gain":0.0,"cards_transformed":["Strike_P","Defend_P"],"event_name":"Drug Dealer","player_choice":"Became Test Subject","floor":22.0,"gold_loss":0.0,"damage_taken":0.0,"cards_obtained":["Brilliance","CarveReality"]},{"damage_healed":0.0,"max_hp_gain":0.0,"max_hp_loss":0.0,"gold_gain":0.0,"event_name":"Vampires","player_choice":"Ignored","floor":25.0,"gold_loss":0.0,"damage_taken":0.0},{"damage_healed":13.0,"max_hp_gain":0.0,"max_hp_loss":0.0,"gold_gain":0.0,"event_name":"The Library","player_choice":"Heal","floor":28.0,"gold_loss":0.0,"damage_taken":0.0},{"damage_healed":0.0,"max_hp_gain":0.0,"max_hp_loss":0.0,"gold_gain":0.0,"event_name":"Tomb of Lord Red Mask","player_choice":"Ignored","floor":37.0,"gold_loss":0.0,"damage_taken":0.0},{"damage_healed":0,"gold_gain":0,"player_choice":"Ignored","damage_taken":0,"max_hp_gain":0,"max_hp_loss":0,"event_name":"Mysterious Sphere","floor":38,"gold_loss":0}],"is_beta":true,"boss_relics":[{"not_picked":["Fusion Hammer","Sozu"],"picked":"Busted Crown"},{"not_picked":["Cursed Key","Tiny House"],"picked":"Calling Bell"}],"items_purged_floors":[],"is_endless":false,"potions_floor_spawned":[1,2,7,11,12,13,14,16,18,20,24,27,29,33,35,36,39],"killed_by":"Writhing Mass","ascension_level":20}}