{"host":"vje6bedaj0fhalec","time":1610629615,"event":{"mods":["Act Like it!","BaseMod","Minty Spire (QoL Compilation)","Quick Restart","StSLib"],"gold_per_floor":[18,33,33,44,44,44,77,102,102,116,66,66,125,50,50,146,146,164,164,174,74,84,109,109,109,109,109,109,125,125,125,125,230,280,299,299,299,28,38,38,54,54,54,54,54,54,74,74,74,74],"floor_reached":51,"language":"ZHS","playtime":1984,"items_purged":["Defend_R","Regret","Strike_R"],"score":766,"play_id":"618b0901-4710-4758-a680-ef7e7ce9b48c","local_time":"20210114210655","is_ascension_mode":true,"campfire_choices":[{"data":"1","floor":6.0,"key":"LIFT"},{"data":"2","floor":12.0,"key":"LIFT"},{"data":"3","floor":15.0,"key":"LIFT"},{"data":"Armaments","floor":24.0,"key":"SMITH"},{"data":"Heavy Blade","floor":25.0,"key":"SMITH"},{"data":"Heavy Blade","floor":28.0,"key":"SMITH"},{"data":"Inflame","floor":32.0,"key":"SMITH"},{"data":"Madness","floor":40.0,"key":"SMITH"},{"floor":42.0,"key":"REST"},{"data":"Double Tap","floor":49,"key":"SMITH"}],"circlet_count":0,"master_deck":["Strike_R","Strike_R","Defend_R","Defend_R","Defend_R","Bash","Heavy Blade+1","Spot Weakness","Flex","Spot Weakness","Pummel+1","Armaments+1","Fiend Fire","Ghostly Armor","Havoc+1","Rampage","Heavy Blade+1","Inflame+1","Berserk","Evolve","Seeing Red","Madness+1","Madness+1","Double Tap+1","Flash of Steel","Blind","Rampage+1"],"relics":["Burning Blood","Girya","Omamori","WingedGreaves","MealTicket","Happy Flower","Vajra","Cursed Key","GremlinMask","Matryoshka","Toy Ornithopter","Sundial","Tiny House","Pen Nib","Centennial Puzzle","Mango"],"acts_visited":["Exordium","TheCity","TheBeyond"],"potions_floor_usage":[50],"damage_taken":[{"damage":5.0,"enemies":"Jaw Worm","floor":1.0,"turns":4.0},{"damage":2.0,"enemies":"2 Louse","floor":2.0,"turns":4.0},{"damage":12.0,"enemies":"Small Slimes","floor":4.0,"turns":4.0},{"damage":39.0,"enemies":"Lagavulin","floor":7.0,"turns":5.0},{"damage":8.0,"enemies":"Blue Slaver","floor":10.0,"turns":4.0},{"damage":19.0,"enemies":"Lagavulin Event","floor":13.0,"turns":5.0},{"damage":33.0,"enemies":"Hexaghost","floor":16.0,"turns":8.0},{"damage":3.0,"enemies":"Shell Parasite","floor":18.0,"turns":2.0},{"damage":5.0,"enemies":"2 Thieves","floor":20.0,"turns":3.0},{"damage":24.0,"enemies":"Shelled Parasite and Fungi","floor":22.0,"turns":4.0},{"damage":42.0,"enemies":"Book of Stabbing","floor":23.0,"turns":5.0},{"damage":19.0,"enemies":"Sentry and Sphere","floor":29.0,"turns":4.0},{"damage":54.0,"enemies":"Collector","floor":33.0,"turns":4.0},{"damage":13.0,"enemies":"Orb Walker","floor":35.0,"turns":3.0},{"damage":3.0,"enemies":"3 Shapes","floor":39.0,"turns":3.0},{"damage":84.0,"enemies":"Transient","floor":41.0,"turns":5.0},{"damage":1,"enemies":"Sphere and 2 Shapes","floor":47,"turns":4},{"damage":76,"enemies":"Donu and Deca","floor":50,"turns":6}],"seed_played":"1734561066322619429","potions_obtained":[{"floor":2.0,"key":"Strength Potion"},{"floor":4.0,"key":"Dexterity Potion"},{"floor":7.0,"key":"BloodPotion"},{"floor":10.0,"key":"SpeedPotion"},{"floor":18.0,"key":"BloodPotion"},{"floor":20.0,"key":"Energy Potion"},{"floor":22.0,"key":"ElixirPotion"},{"floor":34.0,"key":"SpeedPotion"},{"floor":47,"key":"Explosive Potion"}],"is_trial":false,"path_per_floor":["M","M","?","M","?","R","E","T","T","M","?","R","?","$","R","B",null,"M","?","M","$","M","E","R","R","T","?","R","M","?","?","R","B",null,"M","?","?","$","M","R","M","R","T","?","$","?","M","?","R","B",null],"character_chosen":"IRONCLAD","items_purchased":["Pen Nib"],"campfire_rested":1,"item_purchase_floors":[38],"current_hp_per_floor":[80,80,80,74,74,74,41,41,41,39,39,39,26,41,41,14,80,80,80,80,80,78,42,42,42,42,80,80,67,67,67,67,19,85,78,67,67,82,85,85,29,54,68,68,83,78,83,83,83,18],"gold":74,"neow_bonus":"ONE_RARE_RELIC","is_daily":false,"chose_seed":false,"campfire_upgraded":6,"win_rate":0.0,"timestamp":1610629615,"path_taken":["M","M","?","M","?","R","E","?","T","?","?","R","?","?","R","BOSS","M","?","?","$","?","E","R","R","T","?","R","?","?","?","R","BOSS","M","?","?","$","M","R","M","R","T","?","$","?","M","?","R","BOSS"],"items_purchased_type":["Relic"],"build_version":"2020-12-22","purchased_purges":3,"victory":true,"max_hp_per_floor":[80,80,80,80,80,80,80,80,80,80,80,80,80,80,80,80,80,80,80,80,80,80,80,80,80,80,80,80,80,80,80,80,80,85,85,85,85,85,85,85,85,85,99,99,99,99,99,99,99,99],"card_choices":[{"not_picked":["Pommel Strike","Clash"],"picked":"Dark Embrace","floor":1.0},{"not_picked":["Body Slam","Sentinel"],"picked":"Heavy Blade","floor":2.0},{"not_picked":["Clothesline","Perfected Strike"],"picked":"Flex","floor":4.0},{"not_picked":["Perfected Strike","Cleave"],"picked":"Spot Weakness","floor":7.0},{"not_picked":["Bludgeon","Searing Blow"],"picked":"Pummel","floor":10.0},{"not_picked":["Body Slam","Shockwave"],"picked":"Armaments","floor":13.0},{"not_picked":["Corruption","Feed"],"picked":"Fiend Fire","floor":16.0},{"not_picked":["Armaments","Clash"],"picked":"Ghostly Armor","floor":18.0},{"not_picked":["Perfected Strike","Pommel Strike+1"],"picked":"Havoc+1","floor":20.0},{"not_picked":["Uppercut","Combust"],"picked":"Rampage","floor":22.0},{"not_picked":["Feel No Pain","Body Slam"],"picked":"Heavy Blade","floor":23.0},{"not_picked":["Thunderclap","Warcry"],"picked":"Flex","floor":29.0},{"not_picked":["Immolate","Fiend Fire"],"picked":"Berserk","floor":33.0},{"not_picked":["Pommel Strike+1","Sword Boomerang"],"picked":"Evolve","floor":34.0},{"not_picked":["Rupture+1","Thunderclap"],"picked":"Seeing Red","floor":35.0},{"not_picked":["Anger+1","Infernal Blade+1","Body Slam"],"picked":"SKIP","floor":39.0},{"not_picked":["Hemokinesis","Clash+1"],"picked":"Double Tap","floor":41.0},{"not_picked":["Chrysalis","Dark Shackles"],"picked":"Flash of Steel","floor":46.0},{"not_picked":["Deep Breath","Panache"],"picked":"Blind","floor":46.0},{"not_picked":["Twin Strike","Anger+1"],"picked":"Rampage+1","floor":47}],"player_experience":76479,"relics_obtained":[{"floor":7.0,"key":"WingedGreaves"},{"floor":8.0,"key":"MealTicket"},{"floor":9.0,"key":"Happy Flower"},{"floor":13.0,"key":"Vajra"},{"floor":23.0,"key":"Matryoshka"},{"floor":26.0,"key":"Toy Ornithopter"},{"floor":26.0,"key":"Sundial"},{"floor":43.0,"key":"Centennial Puzzle"},{"floor":43.0,"key":"Mango"}],"event_choices":[{"damage_healed":0.0,"max_hp_gain":0.0,"max_hp_loss":0.0,"gold_gain":0.0,"cards_transformed":["Strike_R"],"event_name":"Living Wall","player_choice":"Change","floor":3.0,"gold_loss":0.0,"damage_taken":0.0,"cards_obtained":["Spot Weakness"]},{"damage_healed":0.0,"max_hp_gain":0.0,"max_hp_loss":0.0,"gold_gain":0.0,"event_name":"Big Fish","player_choice":"Box","floor":5.0,"gold_loss":0.0,"damage_taken":0.0,"relics_obtained":["Omamori"],"cards_obtained":["Regret"]},{"cards_removed":["Strike_R"],"damage_healed":0.0,"max_hp_gain":0.0,"max_hp_loss":0.0,"gold_gain":0.0,"event_name":"The Cleric","player_choice":"Card Removal","floor":11.0,"gold_loss":50.0,"damage_taken":0.0},{"damage_healed":0.0,"max_hp_gain":0.0,"max_hp_loss":0.0,"gold_gain":0.0,"event_name":"Dead Adventurer","player_choice":"Searched \u00271\u0027 times","floor":13.0,"gold_loss":0.0,"damage_taken":0.0},{"damage_healed":0.0,"max_hp_gain":0.0,"max_hp_loss":0.0,"gold_gain":0.0,"event_name":"FaceTrader","player_choice":"Trade","floor":19.0,"gold_loss":0.0,"damage_taken":0.0,"relics_obtained":["GremlinMask"]},{"cards_removed":["Dark Embrace"],"damage_healed":38.0,"max_hp_gain":0.0,"max_hp_loss":0.0,"gold_gain":0.0,"event_name":"Bonfire Elementals","player_choice":"Offered Uncommon","floor":27.0,"gold_loss":0.0,"damage_taken":0.0},{"damage_healed":0.0,"max_hp_gain":0.0,"max_hp_loss":0.0,"gold_gain":0.0,"event_name":"Ghosts","player_choice":"Ignored","floor":30.0,"gold_loss":0.0,"damage_taken":0.0},{"damage_healed":0.0,"max_hp_gain":0.0,"max_hp_loss":0.0,"gold_gain":0.0,"event_name":"The Library","player_choice":"Read","floor":31.0,"gold_loss":0.0,"damage_taken":0.0,"cards_obtained":["Inflame"]},{"damage_healed":0.0,"max_hp_gain":0.0,"max_hp_loss":0.0,"gold_gain":0.0,"event_name":"Winding Halls","player_choice":"Embrace Madness","floor":36.0,"gold_loss":0.0,"damage_taken":11.0,"cards_obtained":["Madness","Madness"]},{"damage_healed":0.0,"max_hp_gain":0.0,"max_hp_loss":0.0,"gold_gain":0.0,"event_name":"Mysterious Sphere","player_choice":"Ignored","floor":37.0,"gold_loss":0.0,"damage_taken":0.0},{"cards_removed":["Flex"],"damage_healed":0.0,"max_hp_gain":0.0,"max_hp_loss":0.0,"gold_gain":0.0,"event_name":"Falling","player_choice":"Removed Skill","floor":44.0,"gold_loss":0.0,"damage_taken":0.0},{"damage_healed":0.0,"max_hp_gain":0.0,"max_hp_loss":0.0,"gold_gain":0.0,"event_name":"SensoryStone","player_choice":"Memory 2","floor":46.0,"gold_loss":0.0,"damage_taken":5.0},{"damage_healed":0,"gold_gain":0,"player_choice":"Upgraded","damage_taken":0,"max_hp_gain":0,"max_hp_loss":0,"event_name":"Upgrade Shrine","floor":48,"gold_loss":0,"cards_upgraded":["Madness"]}],"is_beta":false,"boss_relics":[{"not_picked":["Empty Cage","Sozu"],"picked":"Cursed Key"},{"not_picked":["Runic Dome","SacredBark"],"picked":"Tiny House"}],"items_purged_floors":[14,21,38],"is_endless":false,"potions_floor_spawned":[2,4,7,10,18,20,22,47],"ascension_level":1}}