{"host":"lreod2rejfd0az5i","time":1610605328,"event":{"mods":["AchievementEnabler","Aspiration","BaseMod","Colored Powertips","Conspire","Downfall","Highlight Path","Hubris","Infinite Spire","Mad Scientist","Minty Spire (QoL Compilation)","Rare Cards Sparkle","Relic Stats","Replay The Spire","StSLib","The Bug Knight","The Jungle"],"gold_per_floor":[112,144,161,161,30,30,50,81,81,1,13,29,29,39,39,114,114,124,324,335,335,345,345,376,394,421,421,421,431,431,431],"floor_reached":30,"language":"ENG","playtime":847,"items_purged":["Defend_G"],"score":504,"play_id":"cd10f0c9-cc80-4311-be86-c50becb212de","local_time":"20210113232208","is_ascension_mode":true,"campfire_choices":[{"data":"Blade Dance","floor":6,"key":"SMITH"},{"data":"Accuracy","floor":13,"key":"SMITH"},{"data":"Blade Dance","floor":15,"key":"SMITH"},{"floor":23,"key":"REST"},{"floor":27,"key":"REST"}],"circlet_count":0,"master_deck":["AscendersBane","Strike_G+1","Strike_G+1","Strike_G+1","Strike_G+2","Defend_G+2","Defend_G+1","Defend_G+1","Defend_G+2","Survivor","Neutralize","Calculated Gamble+1","Blade Dance+1","Backflip","Accuracy+1","Blade Dance+1","Cloak And Dagger","Blade Dance+1","Envenom","Cloak And Dagger"],"relics":["Ring of the Snake","NeowsBlessing","Sundial","War Paint","Simple Rune","Quantum Egg","HollowMod:PaleOreRelic"],"acts_visited":["Exordium","TheCity"],"potions_floor_usage":[8,16,24,24],"damage_taken":[{"damage":0,"enemies":"Jaw Worm","floor":1,"turns":1},{"damage":0,"enemies":"conspire:MimicChest","floor":2,"turns":1},{"damage":0,"enemies":"Small Slimes","floor":3,"turns":1},{"damage":0,"enemies":"Cultist","floor":7,"turns":3},{"damage":12,"enemies":"Lagavulin","floor":8,"turns":5},{"damage":0,"enemies":"Lots of Slimes","floor":11,"turns":5},{"damage":6,"enemies":"2 Fungi Beasts","floor":12,"turns":2},{"damage":0,"enemies":"Blue Slaver","floor":14,"turns":2},{"damage":14,"enemies":"Hexaghost","floor":16,"turns":6},{"damage":15,"enemies":"Shell Parasite","floor":18,"turns":2},{"damage":8,"enemies":"3 Byrds","floor":20,"turns":4},{"damage":7,"enemies":"Sentry and Sphere","floor":22,"turns":4},{"damage":30,"enemies":"conspire:Head Lice","floor":24,"turns":6},{"damage":7,"enemies":"Centurion and Healer","floor":25,"turns":4},{"damage":21,"enemies":"Shelled Parasite and Fungi","floor":29,"turns":5},{"damage":8,"enemies":"Snake Plant","floor":30,"turns":1}],"seed_played":"-7777425343853701977","potions_obtained":[{"floor":1,"key":"PowerPotion"},{"floor":12,"key":"Block Potion"},{"floor":14,"key":"Poison Potion"},{"floor":16,"key":"SpeedPotion"},{"floor":20,"key":"Block Potion"},{"floor":24,"key":"Swift Potion"},{"floor":25,"key":"Venom Potion"},{"floor":29,"key":"FearPotion"}],"is_trial":false,"path_per_floor":["M","?","M","?","$","R","M","E","T","$","M","M","R","M","R","B",null,"M","?","M","?","M","R","E","M","T","R","?","M","M"],"character_chosen":"THE_SILENT","items_purchased":["Blade Dance","Accuracy"],"campfire_rested":2,"item_purchase_floors":[5,10],"current_hp_per_floor":[59,59,59,59,59,59,59,47,47,47,47,41,41,41,41,27,56,41,41,33,33,26,45,15,8,8,27,27,6,0,0],"gold":431,"neow_bonus":"THREE_ENEMY_KILL","is_daily":false,"chose_seed":false,"campfire_upgraded":3,"win_rate":0.0,"timestamp":1610605328,"path_taken":["M","?","M","?","$","R","M","E","T","$","M","M","R","M","R","BOSS","M","?","?","?","M","R","E","M","T","R","?","M","M"],"items_purchased_type":["Card","Card"],"build_version":"2020-12-22","purchased_purges":1,"victory":false,"max_hp_per_floor":[66,66,66,66,66,66,66,66,66,66,66,66,66,66,66,66,66,66,66,66,66,66,66,66,66,66,66,66,66,66,66],"relic_stats":{"counters":[16,52],"Sundial":[8],"War Paint":["Calculated Gamble","Defend_G"],"obtain_stats":[{"NeowsBlessing":0,"Sundial":2,"Quantum Egg":24,"Simple Rune":9,"HollowMod:PaleOreRelic":26,"War Paint":8,"Ring of the Snake":0},{"NeowsBlessing":0,"Sundial":2,"Quantum Egg":13,"Simple Rune":5,"HollowMod:PaleOreRelic":14,"War Paint":5,"Ring of the Snake":0},{"NeowsBlessing":0,"Sundial":2,"Quantum Egg":42,"Simple Rune":11,"HollowMod:PaleOreRelic":46,"War Paint":11,"Ring of the Snake":0}],"Ring of the Snake":[32]},"card_choices":[{"not_picked":["Quick Slash","Dagger Throw","Sucker Punch"],"picked":"SKIP","floor":1},{"not_picked":["All Out Attack","Prepared","Poisoned Stab"],"picked":"SKIP","floor":3},{"not_picked":["Hidden Blade","ReplayTheSpireMod:Shiv Toss"],"picked":"Backflip","floor":7},{"not_picked":["Endless Agony","ReplayTheSpireMod:Exploit Weakness","Reflex"],"picked":"SKIP","floor":8},{"not_picked":["Dodge and Roll","Dagger Spray"],"picked":"Blade Dance","floor":11},{"not_picked":["ReplayTheSpireMod:Tripwire","infinitespire:Neurotoxin"],"picked":"Cloak And Dagger","floor":12},{"not_picked":["Dagger Throw","hubris:SlightOfHand"],"picked":"Blade Dance","floor":14},{"not_picked":["Tools of the Trade","ReplayTheSpireMod:Necrosis"],"picked":"Envenom","floor":16},{"not_picked":["Sucker Punch","Flying Knee","Dodge and Roll+1"],"picked":"SKIP","floor":18},{"not_picked":["Outmaneuver","Envenom","hubris:SlightOfHand"],"picked":"SKIP","floor":20},{"not_picked":["Dodge and Roll","Underhanded Strike","Hidden Blade"],"picked":"SKIP","floor":22},{"not_picked":["Corpse Explosion","Blade Dance","Calculated Gamble+1"],"picked":"SKIP","floor":24},{"not_picked":["Bouncing Flask","Escape Plan","Dodge and Roll"],"picked":"SKIP","floor":25},{"not_picked":["Dodge and Roll","Sucker Punch"],"picked":"Cloak And Dagger","floor":29}],"player_experience":883907,"relics_obtained":[{"floor":2,"key":"Sundial"},{"floor":8,"key":"War Paint"},{"floor":9,"key":"Simple Rune"},{"floor":24,"key":"Quantum Egg"},{"floor":26,"key":"HollowMod:PaleOreRelic"}],"event_choices":[{"damage_healed":0,"gold_gain":0,"cards_transformed":["Strike_G"],"player_choice":"Transformed","damage_taken":0,"max_hp_gain":0,"max_hp_loss":0,"event_name":"Transmorgrifier","floor":4,"gold_loss":0,"cards_obtained":["Calculated Gamble"]},{"damage_healed":0,"gold_gain":200,"player_choice":"Gold","damage_taken":0,"max_hp_gain":0,"max_hp_loss":0,"event_name":"Wheel of Change","floor":19,"gold_loss":0},{"damage_healed":0,"gold_gain":0,"player_choice":"Simplicity","damage_taken":0,"max_hp_gain":0,"max_hp_loss":0,"event_name":"Back to Basics","floor":21,"gold_loss":0,"cards_upgraded":["Strike_G","Strike_G","Strike_G","Strike_G","Defend_G","Defend_G","Defend_G","Defend_G"]}],"is_beta":false,"boss_relics":[{"not_picked":["Kintsugi","Replay:Fungal Core","aspiration:PoetsPen_weak"]}],"items_purged_floors":[5],"is_endless":false,"potions_floor_spawned":[1,12,14,16,20,24,25,29],"killed_by":"Snake Plant","ascension_level":20}}