{"host":"n7mxhpjy89lltbhc","time":1610614667,"event":{"mods":["2.2 Compatiblity","Act Like it!","Bard","BaseMod","Better Match","Better Sensory Stone","Better Synergies","Better Vampires","BetterRewards","Colored Map","Colored Powertips","Downfall","Exacting","Gensokyo","Hubris","Infinite Spire","Jedi Mod","Marisa????????","Minty Spire (QoL Compilation)","Permanent Neow","Rare Cards Sparkle","Relic Sorter","Relic Stats","Replay The Spire","Shop Mod","Small Relic Pack","Spicy Shops","StSLib","Strawberry Spire","Td1madao Mod","The Blue Laboratory","The Marked","The Servant 0.9.4","Waifu the Spire","Wandering Minibosses"],"gold_per_floor":[216,216,216,3,3,36,47,77,100,22,35,35,51,81,81,155,155,171,171,271,271,290,317,317,335,384,410,437,469,325,325,325,404,404,419,435,310,323,796,823,823,839,864,864,897,897,908,919,919,919],"floor_reached":51,"language":"ENG","playtime":2164,"items_purged":["Strike_S"],"score":1574,"play_id":"3c1bcac5-7b8c-4e24-9c13-09ed6ede1800","local_time":"25640114155747","is_ascension_mode":true,"campfire_choices":[{"data":"Starlight","floor":12,"key":"SMITH"},{"data":"SurpressingFire","floor":15,"key":"SMITH"},{"data":"SilverBlades","floor":24,"key":"SMITH"},{"floor":32,"key":"REST"},{"data":"InstantArmor","floor":41,"key":"SMITH"},{"data":"Rewind","floor":46,"key":"SMITH"},{"data":"Moonlight","floor":49,"key":"SMITH"}],"circlet_count":0,"master_deck":["AscendersBane","Strike_S","Strike_S","Strike_S","Defend_S","Defend_S","Defend_S","Defend_S","KidneyShot","Exchange","expansioncontent:SuperHexaguard+1","SilverBlades+1","Starlight+1","Moonlight+1","SilverBlades+1","Desolation","SurpressingFire+1","Dilation","AbeCurse","Defy","Desolation","Rewind+1","InstantArmor+1","KillingDoll","Rearm+1","GearUp+1"],"relics":["Uniform","Happy Flower","Pan","Replay:Mystery Machine","hubris:MysteriousPyramids","infinitespire:Lucky Rock","jedi:kaleidoscope","Smiling Mask","Abe\u0027s Treasure","Gensokyo:SongOfSouls","Peace Pipe","Lizard Tail","ReplayTheSpireMod:Shallot","ReplayTheSpireMod:Shallot","jedi:crownofsimplicity","Quantum Egg","Orichalcum","TheAbacus","ReplayTheSpireMod:Lightbulb","Runic Pyramid","wanderingMiniBosses:LockLocket","Akabeko","Juzu Bracelet","jedi:arcanewood"],"acts_visited":["Gensokyo:Gensokyo","Gensokyo:Gensokyoer","Gensokyo:Gensokyoest"],"potions_floor_usage":[16,20],"damage_taken":[{"damage":8.0,"enemies":"Gensokyo:Gryphon","floor":1.0,"turns":5.0},{"damage":17.0,"enemies":"Gensokyo:Mamizou","floor":6.0,"turns":13.0},{"damage":0.0,"enemies":"Gensokyo:Python","floor":7.0,"turns":4.0},{"damage":0.0,"enemies":"Gensokyo:Aya","floor":8.0,"turns":6.0},{"damage":8,"enemies":"Gensokyo:3_Fairies","floor":11,"turns":3},{"damage":0,"enemies":"Gensokyo:Python_and_Kodama","floor":13,"turns":1},{"damage":5,"enemies":"Gensokyo:Cirno","floor":14,"turns":5},{"damage":13,"enemies":"Gensokyo:Reimu","floor":16,"turns":5},{"damage":0,"enemies":"Gensokyo:CosmicMonolith","floor":18,"turns":2},{"damage":0,"enemies":"Gensokyo:CosmicMonolith","floor":20,"turns":6},{"damage":7,"enemies":"Gensokyo:3_Dogs","floor":22,"turns":3},{"damage":13,"enemies":"Gensokyo:Koishi","floor":23,"turns":3},{"damage":5,"enemies":"Gensokyo:Slime_Group","floor":25,"turns":4},{"damage":2,"enemies":"Gensokyo:Reisen","floor":27,"turns":2},{"damage":0,"enemies":"Gensokyo:Wraith","floor":28,"turns":2},{"damage":4,"enemies":"Nightmare","floor":29,"turns":6},{"damage":6,"enemies":"Gensokyo:Kaguya","floor":33,"turns":7},{"damage":0,"enemies":"Gensokyo:3_Bats","floor":35,"turns":4},{"damage":0,"enemies":"Gensokyo:AncientGuardian","floor":36,"turns":4},{"damage":0,"enemies":"Gensokyo:4_Bats","floor":38,"turns":2},{"damage":0,"enemies":"Gensokyo:3_Boulders","floor":39,"turns":7},{"damage":0,"enemies":"Gensokyo:Marisa","floor":40,"turns":5},{"damage":0,"enemies":"Gensokyo:Sharpion","floor":42,"turns":3},{"damage":0,"enemies":"Gensokyo:Doremy","floor":45,"turns":3},{"damage":0,"enemies":"Gensokyo:Dusk_and_Dawn","floor":47,"turns":3},{"damage":0,"enemies":"Gensokyo:AtlasGolem","floor":48,"turns":2},{"damage":0,"enemies":"Gensokyo:Scarlet_Devils","floor":50,"turns":5}],"seed_played":"-3907822297352871093","potions_obtained":[{"floor":11,"key":"hexamod:EctoCoolerPotion"},{"floor":14,"key":"PowerPotion"},{"floor":16,"key":"Ancient Potion"},{"floor":25,"key":"infinitespire:BlackPotion"}],"is_trial":false,"path_per_floor":["M","?","?","COS","$","E","M","E","T","$","M","R","M","E","R","B",null,"M","?","?","AVR","M","E","R","M","T","E","M","NM","COS","T","R","B",null,"M","M","?","M","M","E","R","M","T","?","E","R","M","M","R","B",null],"character_chosen":"THE_SERVANT","items_purchased":["SilverBlades"],"campfire_rested":1,"item_purchase_floors":[10],"current_hp_per_floor":[46,46,46,46,46,38,38,38,38,38,30,30,30,25,25,12,48,48,48,48,48,41,28,28,23,23,21,21,17,17,17,35,29,52,52,52,52,52,52,52,52,52,52,52,52,52,52,52,52,52],"gold":919,"neow_bonus":"HUNDRED_GOLD","is_daily":false,"chose_seed":false,"campfire_upgraded":6,"win_rate":0.0,"timestamp":1610614667,"path_taken":["M","?","?","COS","?","E","?","E","T","$","M","R","?","E","R","BOSS","M","?","?","AVR","M","E","R","M","T","E","M","NM","COS","?","R","BOSS","M","M","?","M","M","E","R","?","T","?","E","R","M","M","R","BOSS"],"items_purchased_type":["Card"],"build_version":"2020-12-22","purchased_purges":1,"victory":true,"max_hp_per_floor":[60,60,60,60,60,60,60,60,60,60,60,60,60,60,60,60,60,60,60,60,60,60,60,60,60,60,60,60,60,60,60,60,60,60,60,60,60,60,60,60,60,60,60,60,60,60,60,60,60,60],"relic_stats":{"Peace Pipe":0,"Lizard Tail":0,"TheAbacus":[60],"Happy Flower":[36],"counters":[27,115],"Juzu Bracelet":1,"Orichalcum":[42],"Smiling Mask":0,"obtain_stats":[{"Happy Flower":2,"Quantum Egg":27,"Uniform":0,"Juzu Bracelet":43,"infinitespire:Lucky Rock":9,"jedi:crownofsimplicity":26,"Replay:Mystery Machine":6,"hubris:MysteriousPyramids":8,"Orichalcum":29,"Smiling Mask":14,"Akabeko":40,"Peace Pipe":20,"Frozen Eye":23,"Lizard Tail":20,"jedi:kaleidoscope":11,"TheAbacus":30,"ReplayTheSpireMod:Shallot":21,"Pan":4,"ReplayTheSpireMod:Lightbulb":31,"wanderingMiniBosses:LockLocket":39,"jedi:arcanewood":45,"Abe\u0027s Treasure":17,"Gensokyo:SongOfSouls":19,"Runic Pyramid":34},{"Happy Flower":1,"Quantum Egg":14,"Uniform":0,"Juzu Bracelet":23,"infinitespire:Lucky Rock":4,"jedi:crownofsimplicity":13,"Replay:Mystery Machine":2,"hubris:MysteriousPyramids":4,"Orichalcum":16,"Smiling Mask":7,"Akabeko":22,"Peace Pipe":10,"Frozen Eye":11,"Lizard Tail":10,"jedi:kaleidoscope":5,"TheAbacus":16,"ReplayTheSpireMod:Shallot":10,"Pan":1,"ReplayTheSpireMod:Lightbulb":16,"wanderingMiniBosses:LockLocket":21,"jedi:arcanewood":24,"Abe\u0027s Treasure":8,"Gensokyo:SongOfSouls":9,"Runic Pyramid":17},{"Happy Flower":5,"Quantum Egg":62,"Uniform":0,"Juzu Bracelet":102,"infinitespire:Lucky Rock":28,"jedi:crownofsimplicity":60,"Replay:Mystery Machine":18,"hubris:MysteriousPyramids":28,"Orichalcum":70,"Smiling Mask":37,"Akabeko":99,"Peace Pipe":50,"Frozen Eye":53,"Lizard Tail":50,"jedi:kaleidoscope":30,"TheAbacus":70,"ReplayTheSpireMod:Shallot":50,"Pan":5,"ReplayTheSpireMod:Lightbulb":70,"wanderingMiniBosses:LockLocket":94,"jedi:arcanewood":105,"Abe\u0027s Treasure":42,"Gensokyo:SongOfSouls":44,"Runic Pyramid":77}]},"card_choices":[{"not_picked":["Rearm","DoubleEdge"],"picked":"Ricochet","floor":1.0},{"not_picked":["Panacea+1","expansioncontent:HyperBeam+1"],"picked":"expansioncontent:SuperHexaguard+1","floor":3.0},{"not_picked":["Contraction+1","Hightail+1"],"picked":"SilverBlades+1","floor":3.0},{"not_picked":["ForgedInTime","Potential"],"picked":"Starlight","floor":6.0},{"not_picked":["FastForward","Alleviate"],"picked":"Moonlight","floor":7.0},{"not_picked":["Reset","ForgedInTime","RealityMarble"],"picked":"SKIP","floor":8},{"not_picked":["TimeTheft","MoonPhase","Misdirection"],"picked":"SKIP","floor":11},{"not_picked":["BottledTime","Alleviate"],"picked":"Desolation","floor":13},{"not_picked":["Comet","Potential"],"picked":"SurpressingFire","floor":14},{"not_picked":["Initiator","Duplication"],"picked":"Dilation","floor":16},{"not_picked":["Unruled","Alleviate"],"picked":"Defy","floor":18},{"not_picked":["Hightail","Spin"],"picked":"Desolation","floor":20},{"not_picked":["TimeWarp","DoubleEdge"],"picked":"Rewind","floor":22},{"not_picked":["Hightail","StarChef+1","Misdirection"],"picked":"SKIP","floor":23},{"not_picked":["Potential","ShatteredReality","Revamp"],"picked":"SKIP","floor":25},{"not_picked":["Foresight","RealityMarble"],"picked":"InstantArmor","floor":27},{"not_picked":["Ricochet","Misdirection","Unruled"],"picked":"SKIP","floor":28},{"not_picked":["Defy","Sabotage","LightFlow"],"picked":"SKIP","floor":29},{"not_picked":["TrueSight","Duplication"],"picked":"KillingDoll","floor":33},{"not_picked":["Shuttle","TimeTheft","Foresight+1"],"picked":"SKIP","floor":35},{"not_picked":["BestPractice","Defy"],"picked":"Rearm+1","floor":36},{"not_picked":["Duplication+1","Deny+1"],"picked":"MurderousAura+1","floor":37},{"not_picked":["ShiftingGears","TimeTheft","Potential"],"picked":"SKIP","floor":38},{"not_picked":["DoubleEdge","Replace","ShatteredReality"],"picked":"SKIP","floor":39},{"not_picked":["Duplication","SpecialFormula","Rearm"],"picked":"SKIP","floor":40},{"not_picked":["Rearm","ShatteredReality","FastForward"],"picked":"SKIP","floor":42},{"not_picked":["DoubleEdge","FastForward","Rewind"],"picked":"SKIP","floor":45},{"not_picked":["MurderousAura","Revamp"],"picked":"GearUp+1","floor":47},{"not_picked":["Reset","Starlight+1","Deadline"],"picked":"SKIP","floor":48}],"player_experience":1076192,"relics_obtained":[{"floor":6.0,"key":"Replay:Mystery Machine"},{"floor":8,"key":"hubris:MysteriousPyramids"},{"floor":9,"key":"infinitespire:Lucky Rock"},{"floor":14,"key":"Smiling Mask"},{"floor":20,"key":"Peace Pipe"},{"floor":20,"key":"Lizard Tail"},{"floor":23,"key":"ReplayTheSpireMod:Shallot"},{"floor":26,"key":"jedi:crownofsimplicity"},{"floor":27,"key":"Quantum Egg"},{"floor":29,"key":"Orichalcum"},{"floor":31,"key":"ReplayTheSpireMod:Lightbulb"},{"floor":39,"key":"wanderingMiniBosses:LockLocket"},{"floor":40,"key":"Akabeko"},{"floor":43,"key":"Juzu Bracelet"},{"floor":45,"key":"jedi:arcanewood"}],"event_choices":[{"damage_healed":0.0,"max_hp_gain":0.0,"max_hp_loss":0.0,"gold_gain":0.0,"event_name":"betterMatch:BetterMatch","player_choice":"2","floor":3.0,"gold_loss":0.0,"damage_taken":0.0,"cards_obtained":["betterMatch:ColorlessUncommonCard","betterMatch:UncommonCard"]},{"damage_healed":0,"gold_gain":0,"player_choice":"2","damage_taken":0,"max_hp_gain":0,"max_hp_loss":0,"event_name":"betterMatch:BetterMatch","floor":37,"gold_loss":0,"cards_obtained":["betterMatch:RareCard"]}],"is_beta":false,"boss_relics":[{"not_picked":["hubris:RunicObelisk","MysterySword"],"picked":"Abe\u0027s Treasure"},{"not_picked":["jedi:paperlyon","hubris:HollowSoul"],"picked":"Runic Pyramid"}],"items_purged_floors":[21],"is_endless":false,"potions_floor_spawned":[11,14,16,25,27,28,35,36,40],"ascension_level":18}}