{"host":"9kesdg97wkrx2bva","time":1610604899,"event":{"mods":["AchievementEnabler","BaseMod","Colored Map","Downfall","GifTheSpireLib","Infinite Spire","Minty Spire (QoL Compilation)","Replay The Spire","StSLib"],"gold_per_floor":[115,40,57,67,167,167,196,196,220,220,72,72,104,104,104,116,116],"floor_reached":16,"language":"ENG","playtime":311,"items_purged":["Strike_G","Strike_G"],"score":167,"play_id":"8cd07e69-9210-441c-81fd-5f802ad6063d","local_time":"20210114011459","is_ascension_mode":true,"campfire_choices":[{"data":"Crippling Poison","floor":6,"key":"SMITH"},{"floor":8,"key":"REST"},{"data":"ReplayTheSpireMod:Scrap Shanks","floor":10,"key":"SMITH"},{"floor":15,"key":"REST"}],"circlet_count":0,"master_deck":["AscendersBane","Strike_G","Strike_G","Strike_G","Defend_G","Defend_G","Defend_G","Defend_G","Defend_G","Survivor","Neutralize","Crippling Poison+1","Dagger Spray","Terror","ReplayTheSpireMod:Scrap Shanks+1","Dagger Throw","infinitespire:NeuralNetwork","Caltrops"],"relics":["Ring of the Snake","NeowsBlessing","Replay:Bandana","ReplayTheSpireMod:Lightbulb","Gremlin Horn"],"acts_visited":["Exordium"],"potions_floor_usage":[7,7,16],"damage_taken":[{"damage":0,"enemies":"Cultist","floor":1,"turns":1},{"damage":0,"enemies":"Small Slimes","floor":3,"turns":1},{"damage":0,"enemies":"2 Louse","floor":4,"turns":1},{"damage":42,"enemies":"3 Sentries","floor":7,"turns":15},{"damage":6,"enemies":"Looter","floor":13,"turns":3},{"damage":33,"enemies":"Slime Boss","floor":16,"turns":6}],"seed_played":"-8711755517090161251","potions_obtained":[{"floor":1,"key":"Block Potion"},{"floor":3,"key":"Weak Potion"},{"floor":7,"key":"BlessingOfTheForge"}],"is_trial":false,"path_per_floor":["M","$","M","M","?","R","E","R","T","R","$","?","M","T","R","B"],"character_chosen":"THE_SILENT","items_purchased":["Dagger Throw"],"campfire_rested":2,"item_purchase_floors":[11],"current_hp_per_floor":[59,59,59,59,59,59,17,36,36,36,36,19,13,13,32,0,0],"gold":116,"neow_bonus":"THREE_ENEMY_KILL","is_daily":false,"chose_seed":false,"campfire_upgraded":2,"win_rate":0.0,"timestamp":1610604899,"path_taken":["M","$","M","?","?","R","E","R","T","R","?","?","M","?","R","BOSS"],"items_purchased_type":["Card"],"build_version":"2020-12-22","purchased_purges":2,"victory":false,"max_hp_per_floor":[66,66,66,66,66,66,66,66,66,66,66,66,66,66,66,66,66],"card_choices":[{"not_picked":["All Out Attack","Cloak And Dagger"],"picked":"Crippling Poison","floor":1},{"not_picked":["Flying Knee","Underhanded Strike"],"picked":"Dagger Spray","floor":3},{"not_picked":["Fluid Movement","Sucker Punch"],"picked":"Terror","floor":4},{"not_picked":["Underhanded Strike","Dagger Throw"],"picked":"ReplayTheSpireMod:Scrap Shanks","floor":7},{"not_picked":["infinitespire:Fortify","infinitespire:Execution"],"picked":"infinitespire:NeuralNetwork","floor":12},{"not_picked":["Acrobatics","Leg Sweep"],"picked":"Caltrops","floor":13}],"player_experience":929759,"relics_obtained":[{"floor":7,"key":"Replay:Bandana"},{"floor":9,"key":"ReplayTheSpireMod:Lightbulb"},{"floor":14,"key":"Gremlin Horn"}],"event_choices":[{"damage_healed":0,"gold_gain":100,"player_choice":"Pray","damage_taken":0,"max_hp_gain":0,"max_hp_loss":0,"event_name":"Golden Shrine","floor":5,"gold_loss":0}],"is_beta":false,"boss_relics":[],"items_purged_floors":[2,11],"is_endless":false,"potions_floor_spawned":[1,3,7],"killed_by":"Slime Boss","ascension_level":14}}