{"host":"ibonnlq6s1c814xj","time":1610625754,"event":{"mods":["BaseMod","BetterRewards","Good Game Mod","Minty Spire (QoL Compilation)","Shop Mod","【功能Mod】聪明的最终Boss"],"gold_per_floor":[111,111,10,0,75,110,166,201,253,323,44,44,60,72,72,168,168,181,181,193,373,383,383,383,383,383],"floor_reached":25,"language":"ZHS","playtime":741,"items_purged":["DevaForm","Strike_B"],"score":244,"play_id":"66374217-c7f8-423d-b3eb-57a810a2a5d8","local_time":"20210114200234","is_ascension_mode":true,"campfire_choices":[{"data":"Storm","floor":12,"key":"SMITH"},{"floor":15,"key":"REST"},{"floor":23,"key":"REST"}],"circlet_count":0,"master_deck":["Strike_B","Strike_B","Defend_B","Defend_B","Defend_B","Defend_B","Zap","Dualcast","Defragment","Storm+1","Redo","Static Discharge","Hologram","FTL","Loop","Electrodynamics","Redo"],"relics":["Cracked Core","REME:ComplimentaryCards","NeowsBlessing","Peace Pipe","Tiny Chest","Blood Vial","Gremlin Horn","MerchantsRug","Runic Pyramid","The Courier"],"acts_visited":["Exordium","TheCity"],"potions_floor_usage":[16,16,16],"damage_taken":[{"damage":0.0,"enemies":"Small Slimes","floor":1.0,"turns":1.0},{"damage":0.0,"enemies":"Lagavulin","floor":6.0,"turns":1.0},{"damage":0.0,"enemies":"3 Sentries","floor":7.0,"turns":1.0},{"damage":36.0,"enemies":"Gremlin Nob","floor":8.0,"turns":4.0},{"damage":1,"enemies":"Cultist","floor":13,"turns":3},{"damage":11,"enemies":"Jaw Worm","floor":14,"turns":2},{"damage":42,"enemies":"The Guardian","floor":16,"turns":8},{"damage":15,"enemies":"Chosen","floor":18,"turns":3},{"damage":18,"enemies":"3 Byrds","floor":20,"turns":3},{"damage":17,"enemies":"Centurion and Healer","floor":22,"turns":3},{"damage":49,"enemies":"Book of Stabbing","floor":25,"turns":4}],"seed_played":"-2370806540069512894","potions_obtained":[{"floor":8.0,"key":"SkillPotion"},{"floor":13,"key":"Dexterity Potion"},{"floor":14,"key":"FearPotion"},{"floor":18,"key":"SteroidPotion"}],"is_trial":false,"path_per_floor":["M","?","$","$","?","E","?","E","T","T","$","R","M","M","R","B",null,"M","?","M","?","M","R","T","E"],"character_chosen":"DEFECT","items_purchased":["Storm","Redo","Loop","MerchantsRug"],"campfire_rested":2,"item_purchase_floors":[3,3,11,11],"current_hp_per_floor":[75,75,75,75,64,74,74,38,38,38,38,38,39,30,55,15,85,70,70,54,35,20,45,45,0,0],"gold":383,"neow_bonus":"THREE_ENEMY_KILL","is_daily":false,"chose_seed":false,"campfire_upgraded":1,"win_rate":0.0,"timestamp":1610625754,"path_taken":["M","?","?","$","?","E","?","E","T","?","$","R","M","M","R","BOSS","M","?","M","?","M","R","?","E"],"items_purchased_type":["Card","Card","Card","Relic"],"build_version":"2020-12-22","purchased_purges":2,"victory":false,"max_hp_per_floor":[75,75,75,75,75,85,85,85,85,85,85,85,85,85,85,85,85,85,85,85,85,85,85,85,85,85],"card_choices":[{"not_picked":["Gash","Conserve Battery"],"picked":"Defragment","floor":1.0},{"not_picked":["Barrage","Stack"],"picked":"Static Discharge","floor":6.0},{"not_picked":["Conserve Battery","Coolheaded"],"picked":"Hologram","floor":7.0},{"not_picked":["Chaos","Sweeping Beam"],"picked":"FTL","floor":8.0},{"not_picked":["Stack","Melter","Chaos"],"picked":"SKIP","floor":13},{"not_picked":["Beam Cell","Reprogram","Gash"],"picked":"SKIP","floor":14},{"not_picked":["Thunder Strike","Amplify"],"picked":"Electrodynamics","floor":16},{"not_picked":["Tempest","Glacier+1","Steam"],"picked":"SKIP","floor":18},{"not_picked":["Ball Lightning","Barrage+1","Stack"],"picked":"SKIP","floor":20},{"not_picked":["Ball Lightning+1","Beam Cell","Hologram"],"picked":"SKIP","floor":22}],"player_experience":205987,"relics_obtained":[{"floor":6.0,"key":"Pear"},{"floor":7.0,"key":"Peace Pipe"},{"floor":8.0,"key":"Tiny Chest"},{"floor":9.0,"key":"Blood Vial"},{"floor":10.0,"key":"Gremlin Horn"},{"floor":24,"key":"The Courier"}],"event_choices":[{"cards_removed":["Strike_B"],"damage_healed":0.0,"max_hp_gain":0.0,"max_hp_loss":0.0,"gold_gain":0.0,"event_name":"Bonfire Elementals","player_choice":"Offered Basic","floor":2.0,"gold_loss":0.0,"damage_taken":0.0},{"damage_healed":0.0,"max_hp_gain":0.0,"max_hp_loss":0.0,"gold_gain":75.0,"event_name":"World of Goop","player_choice":"Gather Gold","floor":5.0,"gold_loss":0.0,"damage_taken":11.0},{"damage_healed":0.0,"max_hp_gain":0.0,"max_hp_loss":0.0,"gold_gain":0.0,"event_name":"Dead Adventurer","player_choice":"Searched \u00271\u0027 times","floor":7.0,"gold_loss":0.0,"damage_taken":0.0},{"damage_healed":0,"gold_gain":0,"player_choice":"Ignored","damage_taken":0,"max_hp_gain":0,"max_hp_loss":0,"event_name":"Vampires","floor":19,"gold_loss":0},{"damage_healed":0,"gold_gain":180,"player_choice":"GOLD GOLD ","damage_taken":19,"max_hp_gain":0,"max_hp_loss":0,"event_name":"Knowing Skull","floor":21,"potions_obtained":[],"gold_loss":0,"cards_obtained":[]}],"is_beta":false,"boss_relics":[{"not_picked":["Coffee Dripper","Busted Crown"],"picked":"Runic Pyramid"}],"items_purged_floors":[4,11],"is_endless":false,"potions_floor_spawned":[8,13,14,18],"killed_by":"Book of Stabbing","ascension_level":1}}