{"host":"2yhbarjh4s9lrrzt","time":1610609720,"event":{"mods":["BaseMod","Better Third Choice","Minty Spire (QoL Compilation)","Replay The Spire","StSLib"],"gold_per_floor":[119,15,30,30,44,44,18,18,18,29,41,41,74,86,98,208,220,252,264,288,310,237,249,261,261],"floor_reached":24,"language":"ENG","playtime":2447,"items_purged":[],"score":196,"play_id":"6b4c5a2b-2562-4312-9c60-cb11c590062f","local_time":"20210114023520","is_ascension_mode":false,"campfire_choices":[{"floor":6,"key":"RECALL"},{"data":"Eruption","floor":8,"key":"SMITH"},{"floor":12,"key":"REST"},{"floor":15,"key":"REST"},{"floor":23,"key":"REST"}],"circlet_count":0,"master_deck":["Strike_P","Strike_P","Strike_P","Strike_P","Defend_P","Defend_P","Defend_P","Eruption+1","SashWhip","FearNoEvil","FearNoEvil","EmptyBody","CrushJoints","Brilliance","Devotion","Replay:AtTheReady","ThirdEye","Fasting2","Meditate","Bash","DevaForm","FollowUp","Purity","Replay:BasicMightCard","InnerPeace","SignatureMove+1"],"relics":["MawBank","Replay:M_SmolderingBlood","Honey Jar","ReplayFunnel"],"acts_visited":["Exordium","TheCity"],"potions_floor_usage":[13,16,21,24,24],"damage_taken":[{"damage":4,"enemies":"2 Louse","floor":1,"turns":4},{"damage":6,"enemies":"Cultist","floor":3,"turns":3},{"damage":6,"enemies":"Jaw Worm","floor":5,"turns":2},{"damage":0,"enemies":"Lots of Slimes","floor":10,"turns":3},{"damage":2,"enemies":"2 Fungi Beasts","floor":11,"turns":3},{"damage":24,"enemies":"Lagavulin","floor":13,"turns":6},{"damage":36,"enemies":"Fading Forest","floor":16,"turns":11},{"damage":16,"enemies":"2 Thieves","floor":18,"turns":3},{"damage":17,"enemies":"Spheric Guardian","floor":20,"turns":4},{"damage":15,"enemies":"Snake Plant","floor":21,"turns":5},{"damage":45,"enemies":"Slavers","floor":24,"turns":5}],"seed_played":"-1579751281417368490","potions_obtained":[{"floor":1,"key":"BottledMiracle"},{"floor":11,"key":"Block Potion"},{"floor":16,"key":"Weak Potion"},{"floor":18,"key":"Weak Potion"},{"floor":21,"key":"Dexterity Potion"}],"is_trial":false,"path_per_floor":["M","$","M","?","M","R","$","R","T","M","M","R","E","?","R","B",null,"M","?","M","M","?","R","E"],"character_chosen":"WATCHER","items_purchased":["FearNoEvil","EmptyBody","Replay:AtTheReady"],"campfire_rested":3,"item_purchase_floors":[2,2,7],"current_hp_per_floor":[75,75,69,69,63,63,63,63,63,63,61,79,55,55,78,42,79,63,44,27,12,12,35,0,0],"gold":261,"neow_bonus":"TEN_PERCENT_HP_BONUS","is_daily":false,"chose_seed":false,"campfire_upgraded":1,"win_rate":0.0,"timestamp":1610609720,"path_taken":["M","$","M","?","M","R","$","R","T","?","M","R","E","?","R","BOSS","M","?","?","M","?","R","E"],"items_purchased_type":["Card","Card","Card"],"build_version":"2020-12-22","purchased_purges":0,"victory":false,"max_hp_per_floor":[79,79,79,79,79,79,79,79,79,79,79,79,79,79,79,79,79,79,79,79,79,79,79,79,79],"card_choices":[{"not_picked":["Adaptation","FlyingSleeves"],"picked":"SashWhip","floor":1},{"not_picked":["SashWhip","FearNoEvil"],"picked":"CrushJoints","floor":3},{"not_picked":["FollowUp","Consecrate"],"picked":"Devotion","floor":5},{"not_picked":["JustLucky","Study"],"picked":"ThirdEye","floor":10},{"not_picked":["Evaluate","BowlingBash"],"picked":"Fasting2","floor":11},{"not_picked":["FollowUp","JustLucky"],"picked":"Meditate","floor":13},{"not_picked":["LessonLearned","Vault"],"picked":"DevaForm","floor":16},{"not_picked":["CutThroughFate","Consecrate","SashWhip+1"],"picked":"FollowUp","floor":18},{"not_picked":["BowlingBash+1","FollowUp","Replay:Vibes"],"picked":"InnerPeace","floor":20},{"not_picked":["CutThroughFate+1","Crescendo+1","Replay:BluntJabs"],"picked":"SignatureMove+1","floor":21}],"player_experience":193968,"relics_obtained":[{"floor":13,"key":"MawBank"}],"event_choices":[{"damage_healed":0,"gold_gain":0,"cards_transformed":["Defend_P"],"player_choice":"Transformed","damage_taken":0,"max_hp_gain":0,"max_hp_loss":0,"event_name":"Transmorgrifier","floor":4,"gold_loss":0,"cards_obtained":["Brilliance"]},{"damage_healed":0,"gold_gain":0,"player_choice":"CARD CARD ","damage_taken":19,"max_hp_gain":0,"max_hp_loss":0,"event_name":"Knowing Skull","floor":19,"potions_obtained":[],"gold_loss":0,"cards_obtained":["Purity","Replay:BasicMightCard"]},{"damage_healed":0,"gold_gain":0,"player_choice":"Obtained Relic","damage_taken":0,"relics_obtained":["ReplayFunnel"],"max_hp_gain":0,"max_hp_loss":0,"event_name":"Addict","floor":22,"gold_loss":85}],"is_beta":false,"boss_relics":[{"not_picked":["Kintsugi","SacredBark"],"picked":"Honey Jar"}],"items_purged_floors":[],"is_endless":false,"potions_floor_spawned":[1,11,16,18,21],"killed_by":"Slavers","ascension_level":0}}