{"host":"1a3cjta80tad0aqj","time":1610613264,"event":{"mods":["2.2 Compatiblity","AchievementEnabler","BaseMod","Colored Map","DeckTracker","KOR Keyword Fix","Keyboard Shortcuts","Minty Spire (QoL Compilation)","Permanent Neow","Quick Restart","Random Character Button","StSLib","SuperFastMode","everything is the same but u backflip on backflip"],"gold_per_floor":[114,114,32,32,56,90,90,131,131,165,165,19,55,125,125,255,255,276,276,54,69,69,69,105,105,105,149,149,193,108,148,148,274,274,295,295,316,38,260,260,260,323,323,338,338,374,374,392,392,392],"floor_reached":51,"language":"KOR","playtime":2081,"items_purged":["Defend_P","Strike_P","Shame"],"score":1151,"play_id":"fb40545b-cb2b-4b5a-bbbf-7d5f17560d97","local_time":"20210114173424","is_ascension_mode":true,"campfire_choices":[{"data":"Eruption","floor":7.0,"key":"SMITH"},{"data":"Vault","floor":11.0,"key":"SMITH"},{"data":"Adaptation","floor":15.0,"key":"SMITH"},{"data":"Ragnarok","floor":23.0,"key":"SMITH"},{"floor":25.0,"key":"REST"},{"floor":32.0,"key":"REST"},{"data":"Blasphemy","floor":40.0,"key":"SMITH"},{"data":"SashWhip","floor":47,"key":"SMITH"},{"floor":49,"key":"REST"}],"circlet_count":0,"master_deck":["Strike_P","Defend_P+1","Defend_P+1","Eruption+1","Vigilance","EmptyFist","TalkToTheHand+1","SashWhip+1","Vault+1","Adaptation+1","BowlingBash","Ragnarok+1","Halt","FlurryOfBlows+1","MentalFortress","Blasphemy+1","DeusExMachina+1","Judgement+1","Protect+1","FollowUp+1"],"relics":["PureWater","NeowsBlessing","Golden Idol","Vajra","Strawberry","Ornamental Fan","Anchor","Meat on the Bone","Ancient Tea Set","Cursed Key","Nilry\u0027s Codex","Bag of Preparation","Juzu Bracelet","Dream Catcher","War Paint","Nloth\u0027s Gift","Red Mask","Gremlin Horn","Boot","Astrolabe","Omamori","TungstenRod","Whetstone","Ginger"],"acts_visited":["Exordium","TheCity","TheBeyond"],"potions_floor_usage":[50,50],"damage_taken":[{"damage":0.0,"enemies":"2 Louse","floor":1.0,"turns":1.0},{"damage":0.0,"enemies":"Small Slimes","floor":5.0,"turns":1.0},{"damage":0.0,"enemies":"Lagavulin","floor":6.0,"turns":1.0},{"damage":16.0,"enemies":"Gremlin Nob","floor":8.0,"turns":3.0},{"damage":15.0,"enemies":"Lagavulin","floor":10.0,"turns":7.0},{"damage":4.0,"enemies":"Gremlin Nob","floor":13.0,"turns":4.0},{"damage":0.0,"enemies":"3 Sentries","floor":14.0,"turns":3.0},{"damage":17.0,"enemies":"The Guardian","floor":16.0,"turns":8.0},{"damage":0.0,"enemies":"Spheric Guardian","floor":18.0,"turns":3.0},{"damage":2.0,"enemies":"Shell Parasite","floor":21.0,"turns":4.0},{"damage":26.0,"enemies":"Gremlin Leader","floor":24.0,"turns":6.0},{"damage":15.0,"enemies":"Book of Stabbing","floor":27.0,"turns":5.0},{"damage":0.0,"enemies":"Masked Bandits","floor":29.0,"turns":3.0},{"damage":0.0,"enemies":"Gremlin Leader","floor":31.0,"turns":3.0},{"damage":26.0,"enemies":"Champ","floor":33.0,"turns":11.0},{"damage":0.0,"enemies":"3 Darklings","floor":35.0,"turns":3.0},{"damage":5.0,"enemies":"Orb Walker","floor":37.0,"turns":3.0},{"damage":0.0,"enemies":"Mind Bloom Boss Battle","floor":42.0,"turns":4.0},{"damage":0.0,"enemies":"Writhing Mass","floor":44.0,"turns":2.0},{"damage":10,"enemies":"Reptomancer","floor":46,"turns":6},{"damage":6,"enemies":"Maw","floor":48,"turns":5},{"damage":14,"enemies":"Awakened One","floor":50,"turns":10}],"seed_played":"127402833100857679","potions_obtained":[{"floor":6.0,"key":"DuplicationPotion"},{"floor":8.0,"key":"PowerPotion"},{"floor":13.0,"key":"Weak Potion"},{"floor":14.0,"key":"FearPotion"},{"floor":21.0,"key":"SteroidPotion"},{"floor":33.0,"key":"GamblersBrew"},{"floor":46,"key":"Dexterity Potion"}],"is_trial":false,"path_per_floor":["M","?","$","?","M","E","R","E","T","E","R","$","E","?","R","B",null,"M","?","$","M","?","R","E","R","T","E","?","?","?","E","R","B",null,"M","?","M","$","?","R","?","?","T","M","?","E","R","M","R","B",null],"character_chosen":"WATCHER","items_purchased":["TalkToTheHand","LiquidMemories","Block Potion","EssenceOfSteel","Omamori"],"campfire_rested":3,"item_purchase_floors":[3,12,20,20,38],"current_hp_per_floor":[65,47,47,71,71,71,71,55,62,47,47,47,43,43,43,38,69,69,69,69,67,51,51,37,60,60,45,45,45,45,45,68,42,70,70,70,65,65,65,65,65,65,65,65,65,55,55,49,71,57],"gold":392,"neow_bonus":"THREE_ENEMY_KILL","is_daily":false,"chose_seed":false,"campfire_upgraded":6,"win_rate":0.0,"timestamp":1610613264,"path_taken":["M","?","$","?","M","E","R","E","T","E","R","$","E","?","R","BOSS","M","?","$","M","?","R","E","R","T","E","?","?","?","E","R","BOSS","M","?","M","$","?","R","?","?","T","M","?","E","R","M","R","BOSS"],"items_purchased_type":["Card","Potion","Potion","Potion","Relic"],"build_version":"2020-12-22","purchased_purges":3,"victory":true,"max_hp_per_floor":[72,72,72,72,72,72,72,72,79,79,79,79,79,79,79,79,79,79,79,79,79,79,79,79,79,79,79,79,79,79,79,79,79,79,79,79,79,79,79,79,79,79,79,79,75,75,75,75,75,75],"card_choices":[{"not_picked":["WindmillStrike","BowlingBash"],"picked":"EmptyFist","floor":1.0},{"not_picked":["Swivel","FollowUp","EmptyFist"],"picked":"SKIP","floor":5.0},{"not_picked":["BattleHymn","Omniscience"],"picked":"SashWhip","floor":6.0},{"not_picked":["FlyingSleeves","BowlingBash"],"picked":"Vault","floor":8.0},{"not_picked":["PathToVictory","Establishment"],"picked":"Adaptation","floor":10.0},{"not_picked":["Collect","SandsOfTime"],"picked":"BowlingBash","floor":13.0},{"not_picked":["Scrawl","Vault"],"picked":"Ragnarok","floor":16.0},{"not_picked":["BowlingBash+1","Protect","Conclude+1"],"picked":"SKIP","floor":18.0},{"not_picked":["TalkToTheHand","EmptyMind","PathToVictory"],"picked":"SKIP","floor":21.0},{"not_picked":["SandsOfTime","CarveReality+1","Wireheading"],"picked":"SKIP","floor":24.0},{"not_picked":["Crescendo","FollowUp"],"picked":"Halt","floor":27.0},{"not_picked":["FollowUp","Conclude"],"picked":"FlurryOfBlows","floor":29.0},{"not_picked":["Halt","SignatureMove","Fasting2"],"picked":"SKIP","floor":31.0},{"not_picked":["FollowUp","Pray"],"picked":"MentalFortress","floor":32.0},{"not_picked":["Omniscience","Devotion"],"picked":"Blasphemy","floor":33.0},{"not_picked":["FearNoEvil","Halt+1"],"picked":"ReachHeaven","floor":35.0},{"not_picked":["Vengeance","WheelKick+1","Prostrate"],"picked":"SKIP","floor":37.0},{"not_picked":["BowlingBash","Protect+1"],"picked":"FollowUp+1","floor":42.0},{"not_picked":["WindmillStrike+1","Weave+1","ThirdEye"],"picked":"SKIP","floor":44.0},{"not_picked":["ClearTheMind","WreathOfFlame","BowlingBash"],"picked":"SKIP","floor":46},{"not_picked":["Nirvana","EmptyFist+1","Halt"],"picked":"SKIP","floor":48}],"player_experience":315833,"relics_obtained":[{"floor":6.0,"key":"Vajra"},{"floor":8.0,"key":"Matryoshka"},{"floor":9.0,"key":"Strawberry"},{"floor":9.0,"key":"Ornamental Fan"},{"floor":10.0,"key":"Anchor"},{"floor":13.0,"key":"Meat on the Bone"},{"floor":14.0,"key":"Ancient Tea Set"},{"floor":22.0,"key":"Nilry\u0027s Codex"},{"floor":24.0,"key":"Bag of Preparation"},{"floor":26.0,"key":"Juzu Bracelet"},{"floor":26.0,"key":"Dream Catcher"},{"floor":27.0,"key":"War Paint"},{"floor":29.0,"key":"Red Mask"},{"floor":31.0,"key":"Boot"},{"floor":42.0,"key":"TungstenRod"},{"floor":43.0,"key":"Whetstone"},{"floor":46,"key":"Ginger"}],"event_choices":[{"damage_healed":0.0,"max_hp_gain":0.0,"max_hp_loss":0.0,"gold_gain":0.0,"event_name":"Golden Idol","player_choice":"Take Damage","floor":2.0,"gold_loss":0.0,"damage_taken":18.0,"relics_obtained":["Golden Idol"]},{"damage_healed":24.0,"max_hp_gain":0.0,"max_hp_loss":0.0,"gold_gain":0.0,"event_name":"Big Fish","player_choice":"Banana","floor":4.0,"gold_loss":0.0,"damage_taken":0.0},{"damage_healed":0.0,"max_hp_gain":0.0,"max_hp_loss":0.0,"gold_gain":0.0,"event_name":"Dead Adventurer","player_choice":"Searched \u00272\u0027 times","floor":14.0,"gold_loss":0.0,"damage_taken":0.0},{"damage_healed":0.0,"max_hp_gain":0.0,"max_hp_loss":0.0,"gold_gain":0.0,"event_name":"Vampires","player_choice":"Ignored","floor":19.0,"gold_loss":0.0,"damage_taken":0.0},{"damage_healed":0.0,"max_hp_gain":0.0,"max_hp_loss":0.0,"gold_gain":0.0,"event_name":"Cursed Tome","player_choice":"Obtained Book","floor":22.0,"gold_loss":0.0,"damage_taken":16.0},{"damage_healed":0.0,"max_hp_gain":0.0,"max_hp_loss":0.0,"gold_gain":0.0,"event_name":"N\u0027loth","player_choice":"Traded Relic","floor":28.0,"relics_lost":["Matryoshka"],"gold_loss":0.0,"damage_taken":0.0,"relics_obtained":["Nloth\u0027s Gift"]},{"damage_healed":0.0,"max_hp_gain":0.0,"max_hp_loss":0.0,"gold_gain":0.0,"event_name":"Masked Bandits","player_choice":"Fought Bandits","floor":29.0,"gold_loss":0.0,"damage_taken":0.0},{"damage_healed":0.0,"max_hp_gain":0.0,"max_hp_loss":0.0,"gold_gain":0.0,"event_name":"Addict","player_choice":"Obtained Relic","floor":30.0,"gold_loss":85.0,"damage_taken":0.0,"relics_obtained":["Gremlin Horn"]},{"cards_removed":["ReachHeaven"],"damage_healed":0.0,"max_hp_gain":0.0,"max_hp_loss":0.0,"gold_gain":0.0,"event_name":"Falling","player_choice":"Removed Attack","floor":36.0,"gold_loss":0.0,"damage_taken":0.0},{"damage_healed":0.0,"max_hp_gain":0.0,"max_hp_loss":0.0,"gold_gain":222.0,"event_name":"Tomb of Lord Red Mask","player_choice":"Wore Mask","floor":39.0,"gold_loss":0.0,"damage_taken":0.0},{"damage_healed":0.0,"max_hp_gain":0.0,"max_hp_loss":0.0,"gold_gain":0.0,"event_name":"Match and Keep!","player_choice":"0 cards matched","floor":41.0,"gold_loss":0.0,"damage_taken":0.0,"cards_obtained":[]},{"damage_healed":0.0,"max_hp_gain":0.0,"max_hp_loss":0.0,"gold_gain":0.0,"event_name":"MindBloom","player_choice":"Fight","floor":42.0,"gold_loss":0.0,"damage_taken":0.0},{"damage_healed":0.0,"max_hp_gain":0.0,"max_hp_loss":4.0,"gold_gain":0.0,"event_name":"Winding Halls","player_choice":"Max HP","floor":45.0,"gold_loss":0.0,"damage_taken":0.0}],"is_beta":false,"boss_relics":[{"not_picked":["Empty Cage","SacredBark"],"picked":"Cursed Key"},{"not_picked":["Snecko Eye","Calling Bell"],"picked":"Astrolabe"}],"items_purged_floors":[12,20,38],"is_endless":false,"potions_floor_spawned":[6,8,13,14,21,24,27,33,37,46],"ascension_level":6}}