{"host":"4cz9gr89nglr7k8k","time":1610659760,"event":{"mods":["BaseMod","Minty Spire (QoL Compilation)","Relic Stats","Slay-I"],"gold_per_floor":[116,116,132,132,81,108,108,108,158,492,129,144,67,67,67,144,144,159,159,159,159,209,209,228,243,268,193,193,193],"floor_reached":28,"language":"DEU","playtime":671,"items_purged":[],"score":494,"play_id":"f762ba60-9e95-42f4-8ca8-493abd76c3de","local_time":"20210114222920","is_ascension_mode":true,"campfire_choices":[{"floor":8,"key":"REST"},{"data":"Heavy Blade","floor":15,"key":"SMITH"},{"floor":23,"key":"REST"}],"circlet_count":0,"master_deck":["AscendersBane","Strike_R+1","Strike_R+1","Strike_R+1","Defend_R+1","Defend_R+1","Defend_R+1","Bash","Inflame","Thunderclap","Bash","Spot Weakness","Clothesline","Twin Strike","Heavy Blade+1","Metallicize","Pummel","Spot Weakness","Feed","Whirlwind+1","Fire Breathing+1","Pommel Strike+1","Rage","Armaments","Clash"],"relics":["Burning Blood","NeowsBlessing","Juzu Bracelet","Ancient Tea Set","Potion Belt","Old Coin","Pantograph","Turnip","Astrolabe","Smiling Mask"],"acts_visited":["Exordium","TheCity"],"potions_floor_usage":[16,18,18,24,28,28],"damage_taken":[{"damage":0,"enemies":"Cultist","floor":1,"turns":1},{"damage":0,"enemies":"Jaw Worm","floor":3,"turns":1},{"damage":0,"enemies":"3 Sentries","floor":6,"turns":1},{"damage":36,"enemies":"Gremlin Nob","floor":10,"turns":4},{"damage":1,"enemies":"2 Louse","floor":12,"turns":4},{"damage":44,"enemies":"Hexaghost","floor":16,"turns":8},{"damage":13,"enemies":"3 Byrds","floor":18,"turns":5},{"damage":10,"enemies":"2 Thieves","floor":24,"turns":3},{"damage":32,"enemies":"Cultist and Chosen","floor":25,"turns":5},{"damage":46,"enemies":"Slavers","floor":28,"turns":3}],"seed_played":"-726683150358045808","potions_obtained":[{"floor":3,"key":"HeartOfIron"},{"floor":10,"key":"Weak Potion"},{"floor":16,"key":"SkillPotion"},{"floor":18,"key":"Block Potion"},{"floor":24,"key":"ColorlessPotion"},{"floor":25,"key":"GamblersBrew"}],"is_trial":false,"path_per_floor":["M","?","M","?","$","E","?","R","T","E","$","M","$","T","R","B",null,"M","?","?","?","?","R","M","M","T","?","E"],"character_chosen":"IRONCLAD","items_purchased":["Clothesline","Metallicize","Pantograph","Spot Weakness"],"campfire_rested":2,"item_purchase_floors":[5,11,11,13],"current_hp_per_floor":[74,74,75,85,85,85,50,75,75,45,45,50,50,50,50,37,73,66,66,66,41,41,68,64,41,41,41,0,0],"gold":193,"neow_bonus":"THREE_ENEMY_KILL","is_daily":false,"chose_seed":false,"campfire_upgraded":1,"win_rate":0.0,"timestamp":1610659760,"path_taken":["M","?","?","?","?","E","?","R","T","E","$","M","$","?","R","BOSS","M","?","?","?","?","R","M","M","T","?","E"],"items_purchased_type":["Card","Card","Relic","Card"],"build_version":"2020-12-22","purchased_purges":0,"victory":false,"max_hp_per_floor":[75,75,75,85,85,85,85,85,85,85,85,85,85,85,85,85,85,85,85,85,90,90,90,90,93,93,93,93,93],"relic_stats":{"counters":[10,35],"Pantograph":25,"Astrolabe":["Whirlwind","Fire Breathing","Pommel Strike"],"Turnip":[0],"Juzu Bracelet":1,"Smiling Mask":0,"obtain_stats":[{"Potion Belt":9,"NeowsBlessing":0,"Pantograph":11,"Astrolabe":17,"Turnip":14,"Juzu Bracelet":6,"Ancient Tea Set":7,"Smiling Mask":26,"Burning Blood":0,"Old Coin":10},{"Potion Belt":3,"NeowsBlessing":0,"Pantograph":4,"Astrolabe":6,"Turnip":5,"Juzu Bracelet":3,"Ancient Tea Set":3,"Smiling Mask":9,"Burning Blood":0,"Old Coin":4},{"Potion Belt":3,"NeowsBlessing":0,"Pantograph":7,"Astrolabe":19,"Turnip":11,"Juzu Bracelet":3,"Ancient Tea Set":3,"Smiling Mask":32,"Burning Blood":0,"Old Coin":7}],"Burning Blood":43},"card_choices":[{"not_picked":["Clothesline","Wild Strike"],"picked":"Inflame","floor":1},{"not_picked":["Flex","Intimidate"],"picked":"Spot Weakness","floor":3},{"not_picked":["Headbutt","Battle Trance"],"picked":"Twin Strike","floor":6},{"not_picked":["Hemokinesis","Metallicize"],"picked":"Heavy Blade","floor":10},{"not_picked":["Seeing Red","Headbutt"],"picked":"Pummel","floor":12},{"not_picked":["Exhume","Barricade"],"picked":"Feed","floor":16},{"not_picked":["Perfected Strike","Warcry"],"picked":"Rage","floor":18},{"not_picked":["Havoc","Iron Wave"],"picked":"Armaments","floor":24},{"not_picked":["Perfected Strike","Barricade"],"picked":"Clash","floor":25}],"player_experience":1494437,"relics_obtained":[{"floor":6,"key":"Juzu Bracelet"},{"floor":9,"key":"Potion Belt"},{"floor":10,"key":"Old Coin"},{"floor":14,"key":"Turnip"},{"floor":26,"key":"Smiling Mask"}],"event_choices":[{"damage_healed":0,"gold_gain":0,"player_choice":"4 cards matched","damage_taken":0,"max_hp_gain":0,"max_hp_loss":0,"event_name":"Match and Keep!","floor":2,"gold_loss":0,"cards_obtained":["Blood for Blood","Double Tap","Thunderclap","Bash"]},{"cards_removed":["Double Tap"],"damage_healed":0,"gold_gain":0,"player_choice":"Offered Rare","damage_taken":0,"max_hp_gain":10,"max_hp_loss":0,"event_name":"Bonfire Elementals","floor":4,"gold_loss":0},{"damage_healed":0,"gold_gain":0,"player_choice":"Success","damage_taken":35,"relics_obtained":["Ancient Tea Set"],"max_hp_gain":0,"max_hp_loss":0,"event_name":"Scrap Ooze","floor":7,"gold_loss":0},{"damage_healed":0,"gold_gain":0,"player_choice":"Ignored","damage_taken":0,"max_hp_gain":0,"max_hp_loss":0,"event_name":"Vampires","floor":19,"gold_loss":0},{"damage_healed":0,"gold_gain":0,"player_choice":"Simplicity","damage_taken":0,"max_hp_gain":0,"max_hp_loss":0,"event_name":"Back to Basics","floor":20,"gold_loss":0,"cards_upgraded":["Strike_R","Strike_R","Strike_R","Defend_R","Defend_R","Defend_R"]},{"damage_healed":0,"gold_gain":0,"player_choice":"Shed Blood","damage_taken":30,"max_hp_gain":5,"max_hp_loss":0,"event_name":"Forgotten Altar","floor":21,"gold_loss":0},{"damage_healed":0,"gold_gain":50,"player_choice":"Stole From Cult","damage_taken":0,"max_hp_gain":0,"max_hp_loss":0,"event_name":"Nest","floor":22,"gold_loss":0},{"cards_removed":["Blood for Blood"],"damage_healed":0,"gold_gain":0,"player_choice":"Gave Gold","damage_taken":0,"max_hp_gain":0,"max_hp_loss":0,"event_name":"Beggar","floor":27,"gold_loss":75}],"is_beta":false,"boss_relics":[{"not_picked":["Philosopher\u0027s Stone","Velvet Choker"],"picked":"Astrolabe"}],"items_purged_floors":[],"is_endless":false,"potions_floor_spawned":[3,10,16,18,24,25],"killed_by":"Slavers","ascension_level":20}}