{"host":"gxfwlvk9al6s9931","time":1610604218,"event":{"mods":["2.2 Compatiblity","BaseMod","Colored Powertips","Friendly Minions","Minty Spire (QoL Compilation)","StSLib","The Servant 0.9.4"],"gold_per_floor":[368,387,133,79,97,97,113,124,124,74,405,424,424,196,196,298,298,313,340,340,240,240,270,270,301,324,343,343,357,373,383,383,487,487,499,499,513,524,399,399,416,416,416,443,59,76,104,114,114,114,114,114,64,96,96,96],"floor_reached":55,"language":"ENG","playtime":7697,"items_purged":["Normality","Strike_S","Defend_S","Defend_S","Defend_S"],"score":884,"play_id":"49398e6d-b7b0-4253-9f0c-c6840fa858f7","local_time":"20210113220338","is_ascension_mode":true,"campfire_choices":[{"data":"KidneyShot","floor":6.0,"key":"SMITH"},{"data":"Moonlight","floor":15.0,"key":"SMITH"},{"floor":24.0,"key":"REST"},{"data":"Defy","floor":28.0,"key":"SMITH"},{"data":"SoulSculpture","floor":32.0,"key":"SMITH"},{"floor":40,"key":"RECALL"},{"data":"Potential","floor":42,"key":"SMITH"},{"floor":49,"key":"REST"},{"data":"Embodiment","floor":52,"key":"SMITH"}],"circlet_count":0,"master_deck":["Strike_S","Strike_S","Defend_S","KidneyShot+1","Exchange","Advance","GearUp","WasteNot","TheWorld","ShatteredReality","Read+1","Moonlight+1","SoulSculpture+1","Potential+1","ShiftingGears+1","Defy+1","Defy+1","Revamp+1","ShiftingGears+1","FlawlessForm+1","BottledTime+1","Dilation","Embodiment+1","Contraction+1"],"relics":["Uniform","TheAbacus","Akabeko","InkBottle","Old Coin","Vajra","MysterySword","Red Mask","Molten Egg 2","Pantograph","Orichalcum","Black Star","Pear","Boot","Strange Spoon","Calipers","Smiling Mask","Oddly Smooth Stone","Strawberry"],"acts_visited":["Exordium","TheCity","TheBeyond","TheEnding"],"potions_floor_usage":[50,55],"damage_taken":[{"damage":2.0,"enemies":"2 Louse","floor":1.0,"turns":3.0},{"damage":5.0,"enemies":"Cultist","floor":2.0,"turns":5.0},{"damage":0.0,"enemies":"Small Slimes","floor":5.0,"turns":5.0},{"damage":0.0,"enemies":"Exordium Thugs","floor":7.0,"turns":4.0},{"damage":0.0,"enemies":"2 Fungi Beasts","floor":8.0,"turns":1.0},{"damage":4.0,"enemies":"3 Sentries","floor":11.0,"turns":9.0},{"damage":0.0,"enemies":"Red Slaver","floor":12.0,"turns":1.0},{"damage":0.0,"enemies":"The Guardian","floor":16.0,"turns":7.0},{"damage":4.0,"enemies":"Shell Parasite","floor":18.0,"turns":3.0},{"damage":26.0,"enemies":"Masked Bandits","floor":19.0,"turns":5.0},{"damage":43.0,"enemies":"Slavers","floor":23.0,"turns":5.0},{"damage":13.0,"enemies":"Book of Stabbing","floor":25.0,"turns":4.0},{"damage":0.0,"enemies":"3 Byrds","floor":27.0,"turns":4.0},{"damage":0.0,"enemies":"Centurion and Healer","floor":29.0,"turns":6.0},{"damage":0.0,"enemies":"Cultist and Chosen","floor":30.0,"turns":5.0},{"damage":0.0,"enemies":"3 Cultists","floor":31.0,"turns":5.0},{"damage":12.0,"enemies":"Champ","floor":33.0,"turns":17.0},{"damage":0,"enemies":"Orb Walker","floor":35,"turns":3},{"damage":0,"enemies":"3 Shapes","floor":37,"turns":4},{"damage":0,"enemies":"Spire Growth","floor":38,"turns":5},{"damage":0,"enemies":"3 Darklings","floor":41,"turns":7},{"damage":48,"enemies":"Reptomancer","floor":44,"turns":8},{"damage":12,"enemies":"Sphere and 2 Shapes","floor":46,"turns":5},{"damage":8,"enemies":"Giant Head","floor":47,"turns":7},{"damage":0,"enemies":"Jaw Worm Horde","floor":48,"turns":4},{"damage":18,"enemies":"Time Eater","floor":50,"turns":12},{"damage":0,"enemies":"Shield and Spear","floor":54,"turns":7},{"damage":119,"enemies":"The Heart","floor":55,"turns":15}],"seed_played":"2777823328981933755","potions_obtained":[{"floor":7.0,"key":"Swift Potion"},{"floor":16.0,"key":"Regen Potion"},{"floor":23.0,"key":"Dexterity Potion"},{"floor":29.0,"key":"BlessingOfTheForge"},{"floor":30.0,"key":"Strength Potion"},{"floor":31.0,"key":"EssenceOfSteel"},{"floor":41,"key":"LiquidMemories"},{"floor":44,"key":"FairyPotion"}],"is_trial":false,"path_per_floor":["M","M","$","?","M","R","M","M","T","?","E","M","?","$","R","B",null,"M","?","?","$","?","E","R","E","T","M","R","M","M","M","R","B",null,"M","?","M","M","$","R","M","R","T","E","$","M","E","M","R","B",null,"R","$","E","B"],"character_chosen":"THE_SERVANT","items_purchased":["WasteNot","TheAbacus","Vajra","Moonlight","Dilation","Strange Spoon"],"campfire_rested":2,"item_purchase_floors":[3,3,14,14,45,45],"current_hp_per_floor":[63,58,58,58,58,58,58,58,58,58,54,54,54,54,54,54,65,61,35,35,35,35,6,25,12,12,12,12,12,12,12,12,25,65,65,65,65,65,65,65,65,65,65,27,27,15,7,7,29,36,75,75,75,82,0,0],"gold":96,"neow_bonus":"TWO_FIFTY_GOLD","is_daily":false,"chose_seed":false,"campfire_upgraded":6,"win_rate":0.0,"timestamp":1610604218,"path_taken":["M","M","$","?","M","R","?","M","T","?","E","M","?","$","R","BOSS","M","?","?","$","?","E","R","E","T","?","R","M","M","M","R","BOSS","M","?","M","M","$","R","M","R","T","E","?","M","E","?","R","BOSS","R","$","E","BOSS"],"items_purchased_type":["Card","Relic","Relic","Card","Card","Relic"],"build_version":"2020-12-22","purchased_purges":5,"victory":false,"max_hp_per_floor":[65,65,65,65,65,65,65,65,65,65,65,65,65,65,65,65,65,65,65,65,65,65,65,65,65,65,65,65,65,65,65,65,65,65,65,65,65,65,65,65,65,65,65,75,75,75,75,75,75,75,75,75,75,82,82,82],"card_choices":[{"not_picked":["Alleviate","Revamp"],"picked":"Advance","floor":1.0},{"not_picked":["Foresight","Rearm"],"picked":"GearUp","floor":2.0},{"not_picked":["Revamp","RealityMarble"],"picked":"TheWorld","floor":5.0},{"not_picked":["Alleviate","Spin"],"picked":"ShatteredReality","floor":7.0},{"not_picked":["Alleviate","Ricochet"],"picked":"Read","floor":8.0},{"not_picked":["BottledTime","Contraction","Shuttle"],"picked":"SKIP","floor":11.0},{"not_picked":["FastForward","Starlight","Rewind"],"picked":"SKIP","floor":12.0},{"not_picked":["Initiator","ForgedInTime"],"picked":"SoulSculpture","floor":16.0},{"not_picked":["BestPractice","Starlight"],"picked":"Potential","floor":18.0},{"not_picked":["Shuttle","DoubleEdge"],"picked":"ShiftingGears+1","floor":19.0},{"not_picked":["Sabotage+1","Ricochet+1","ShatteredReality+1"],"picked":"SKIP","floor":23.0},{"not_picked":["FastForward+1","LightFlow+1"],"picked":"Defy","floor":25.0},{"not_picked":["Potential+1","GearUp+1"],"picked":"Defy+1","floor":27.0},{"not_picked":["Luminosity","Starlight+1"],"picked":"Revamp+1","floor":29.0},{"not_picked":["Starlight+1","Defy+1"],"picked":"ShiftingGears+1","floor":30.0},{"not_picked":["Starlight+1","Revamp","Spin+1"],"picked":"SKIP","floor":31.0},{"not_picked":["Initiator+1","Deny"],"picked":"FlawlessForm","floor":33.0},{"not_picked":["Rewind","Revamp"],"picked":"BottledTime+1","floor":35},{"not_picked":["Rewind","StarChef","Moonlight+1"],"picked":"SKIP","floor":37},{"not_picked":["GearUp+1","Sabotage+1","DoubleEdge+1"],"picked":"SKIP","floor":38},{"not_picked":["Rearm+1","Ricochet+1","Deadline"],"picked":"SKIP","floor":41},{"not_picked":["Rearm+1","TimeWarp+1","Alleviate"],"picked":"SKIP","floor":44},{"not_picked":["TimeWarp+1","Rewind+1"],"picked":"Embodiment","floor":46},{"not_picked":["Ricochet+1","Sabotage+1","Alleviate+1"],"picked":"SKIP","floor":47},{"not_picked":["Rewind","Defy","Unruled+1"],"picked":"SKIP","floor":48},{"not_picked":["ShatteredReality+1","Manipulate"],"picked":"Contraction+1","floor":54}],"player_experience":288827,"relics_obtained":[{"floor":9.0,"key":"InkBottle"},{"floor":11.0,"key":"Old Coin"},{"floor":19.0,"key":"Red Mask"},{"floor":23.0,"key":"Molten Egg 2"},{"floor":25.0,"key":"Pantograph"},{"floor":26.0,"key":"Orichalcum"},{"floor":44,"key":"Pear"},{"floor":44,"key":"Boot"},{"floor":47,"key":"Calipers"},{"floor":47,"key":"Smiling Mask"},{"floor":54,"key":"Oddly Smooth Stone"},{"floor":54,"key":"Strawberry"}],"event_choices":[{"damage_healed":0.0,"max_hp_gain":0.0,"max_hp_loss":0.0,"gold_gain":0.0,"event_name":"WeMeetAgain","player_choice":"Paid Gold","floor":4.0,"gold_loss":54.0,"damage_taken":0.0,"relics_obtained":["Akabeko"]},{"cards_removed":["Strike_S"],"damage_healed":0.0,"max_hp_gain":0.0,"max_hp_loss":0.0,"gold_gain":0.0,"event_name":"The Cleric","player_choice":"Card Removal","floor":10.0,"gold_loss":50.0,"damage_taken":0.0},{"damage_healed":0.0,"max_hp_gain":0.0,"max_hp_loss":0.0,"gold_gain":0.0,"event_name":"Upgrade Shrine","player_choice":"Upgraded","floor":13.0,"gold_loss":0.0,"damage_taken":0.0,"cards_upgraded":["Read"]},{"damage_healed":0.0,"max_hp_gain":0.0,"max_hp_loss":0.0,"gold_gain":0.0,"event_name":"Masked Bandits","player_choice":"Fought Bandits","floor":19.0,"gold_loss":0.0,"damage_taken":0.0},{"damage_healed":0.0,"max_hp_gain":0.0,"max_hp_loss":0.0,"gold_gain":0.0,"event_name":"Ghosts","player_choice":"Ignored","floor":20.0,"gold_loss":0.0,"damage_taken":0.0},{"damage_healed":0.0,"max_hp_gain":0.0,"max_hp_loss":0.0,"gold_gain":0.0,"event_name":"Match and Keep!","player_choice":"0 cards matched","floor":22.0,"gold_loss":0.0,"damage_taken":0.0,"cards_obtained":[]},{"damage_healed":0,"gold_gain":0,"player_choice":"Upgraded","damage_taken":0,"max_hp_gain":0,"max_hp_loss":0,"event_name":"Upgrade Shrine","floor":36,"gold_loss":0,"cards_upgraded":["FlawlessForm"]}],"is_beta":false,"boss_relics":[{"not_picked":["Pandora\u0027s Box","Runic Pyramid"],"picked":"MysterySword"},{"not_picked":["StoneMask","Snecko Eye"],"picked":"Black Star"}],"items_purged_floors":[3,21,39,45,53],"is_endless":false,"potions_floor_spawned":[7,16,23,29,30,31,41,44,46],"killed_by":"The Heart","ascension_level":1}}