{"host":"d23wowvt3mehu8rg","time":1610649542,"event":{"mods":["BaseMod","Colored Powertips","Dark Map","Highlight Path","Minty Spire (QoL Compilation)","Slay-I"],"gold_per_floor":[113,113,126,145,161,161,189,189,236,271,289,304,27,46,46,144,144,131,161,174,174,185,218,218,253,279,279,308,308,328,328,328,430,430,450,460,126,348,348,374,374,409,409,429,429,443,443,462,462,462],"floor_reached":51,"language":"ENG","playtime":5050,"items_purged":["Defend_G","Strike_G"],"score":867,"play_id":"a57a7f93-730e-465a-a27a-af328a451ec1","local_time":"20210114193902","is_ascension_mode":true,"campfire_choices":[{"data":"Neutralize","floor":6.0,"key":"SMITH"},{"data":"PiercingWail","floor":8.0,"key":"SMITH"},{"data":"Cloak And Dagger","floor":15.0,"key":"SMITH"},{"data":"Infinite Blades","floor":24.0,"key":"SMITH"},{"data":"Venomology","floor":27.0,"key":"SMITH"},{"data":"Blade Dance","floor":29.0,"key":"SMITH"},{"floor":32.0,"key":"REST"},{"data":"Burst","floor":41,"key":"SMITH"},{"floor":45,"key":"REST"},{"data":"Blade Dance","floor":47,"key":"SMITH"},{"floor":49,"key":"REST"}],"circlet_count":0,"master_deck":["Strike_G","Strike_G","Strike_G","Strike_G","Defend_G","Defend_G","Defend_G","Defend_G","Survivor","Neutralize+1","Dagger Throw","Blade Dance+1","All Out Attack","PiercingWail+1","Dodge and Roll","Leg Sweep","Cloak And Dagger+1","Venomology+1","Blade Dance+1","Necronomicurse","Infinite Blades+1","Deflect+1","Prepared+1","Blur","Burst+1","CurseOfTheBell","Finisher+1","Acrobatics+1","Accuracy","Footwork+1","Backflip","Tactician+1","Escape Plan+1"],"relics":["Ring of the Snake","Anchor","Kunai","Bag of Preparation","Happy Flower","HandDrill","SacredBark","Red Mask","Necronomicon","Bottled Lightning","Bronze Scales","Boot","Molten Egg 2","Calling Bell","MealTicket","Sundial","Incense Burner","Vajra","Blood Vial","Gremlin Horn","Ornamental Fan"],"acts_visited":["Exordium","TheCity","TheBeyond"],"potions_floor_usage":[33,33,36,36,40,40,40,40,40,40,42,46,50,50,50,50],"damage_taken":[{"damage":0.0,"enemies":"Small Slimes","floor":1.0,"turns":3.0},{"damage":0.0,"enemies":"Jaw Worm","floor":3.0,"turns":4.0},{"damage":0.0,"enemies":"2 Louse","floor":4.0,"turns":2.0},{"damage":0.0,"enemies":"Blue Slaver","floor":5.0,"turns":2.0},{"damage":9.0,"enemies":"3 Sentries","floor":7.0,"turns":5.0},{"damage":7.0,"enemies":"Gremlin Nob","floor":10.0,"turns":3.0},{"damage":0.0,"enemies":"Exordium Wildlife","floor":11.0,"turns":4.0},{"damage":0.0,"enemies":"Lots of Slimes","floor":12.0,"turns":2.0},{"damage":1.0,"enemies":"Exordium Thugs","floor":14.0,"turns":5.0},{"damage":5.0,"enemies":"Slime Boss","floor":16.0,"turns":10.0},{"damage":4.0,"enemies":"2 Thieves","floor":18.0,"turns":4.0},{"damage":25.0,"enemies":"Masked Bandits","floor":19.0,"turns":7.0},{"damage":0.0,"enemies":"Chosen","floor":20.0,"turns":11.0},{"damage":6.0,"enemies":"3 Cultists","floor":22.0,"turns":8.0},{"damage":0.0,"enemies":"Gremlin Leader","floor":23.0,"turns":4.0},{"damage":20.0,"enemies":"Slavers","floor":25.0,"turns":8.0},{"damage":13.0,"enemies":"Gremlin Leader","floor":28.0,"turns":8.0},{"damage":0.0,"enemies":"Cultist and Chosen","floor":30.0,"turns":5.0},{"damage":0,"enemies":"Automaton","floor":33,"turns":15},{"damage":15,"enemies":"3 Shapes","floor":35,"turns":7},{"damage":16,"enemies":"3 Darklings","floor":36,"turns":7},{"damage":4,"enemies":"Nemesis","floor":40,"turns":7},{"damage":21,"enemies":"Giant Head","floor":42,"turns":12},{"damage":21,"enemies":"Maw","floor":44,"turns":8},{"damage":0,"enemies":"Writhing Mass","floor":46,"turns":5},{"damage":1,"enemies":"Transient","floor":48,"turns":5},{"damage":7,"enemies":"Awakened One","floor":50,"turns":12}],"seed_played":"4138375136320809623","potions_obtained":[{"floor":4.0,"key":"SteroidPotion"},{"floor":7.0,"key":"Ancient Potion"},{"floor":11.0,"key":"Regen Potion"},{"floor":12.0,"key":"SpeedPotion"},{"floor":18.0,"key":"Ancient Potion"},{"floor":23.0,"key":"SkillPotion"},{"floor":28.0,"key":"Dexterity Potion"},{"floor":36,"key":"DuplicationPotion"},{"floor":44,"key":"SteroidPotion"}],"is_trial":false,"path_per_floor":["M","?","M","M","M","R","E","R","T","E","M","M","$","M","R","B",null,"M","?","M","?","M","E","R","E","T","R","E","R","M","?","R","B",null,"M","M","$","?","?","E","R","E","T","M","R","M","R","M","R","B",null],"character_chosen":"THE_SILENT","items_purchased":["HandDrill","FearPotion","Vajra","Accuracy"],"campfire_rested":3,"item_purchase_floors":[13,13,37,37],"current_hp_per_floor":[70,70,70,70,70,70,61,61,61,54,54,54,54,53,53,48,70,66,41,41,25,68,68,68,48,48,48,35,35,35,35,56,56,70,55,39,54,54,47,43,43,24,24,5,26,28,28,29,50,70],"gold":462,"neow_bonus":"RANDOM_COMMON_RELIC","is_daily":false,"chose_seed":false,"campfire_upgraded":8,"win_rate":0.0,"timestamp":1610649542,"path_taken":["M","?","M","M","M","R","E","R","T","E","M","M","$","M","R","BOSS","M","?","M","?","M","E","R","E","T","R","E","R","M","?","R","BOSS","M","M","$","?","?","E","R","E","T","M","R","M","R","M","R","BOSS"],"items_purchased_type":["Relic","Potion","Relic","Card"],"build_version":"2020-12-22","purchased_purges":2,"victory":true,"max_hp_per_floor":[70,70,70,70,70,70,70,70,70,70,70,70,70,70,70,70,70,70,70,70,70,70,70,70,70,70,70,70,70,70,70,70,70,70,70,70,70,70,70,70,70,70,70,70,70,70,70,70,70,70],"card_choices":[{"not_picked":["Prepared","Accuracy","Eviscerate"],"picked":"SKIP","floor":1.0},{"not_picked":["Flying Knee","Calculated Gamble"],"picked":"Dagger Throw","floor":3.0},{"not_picked":["Heel Hook","Backflip"],"picked":"Blade Dance","floor":4.0},{"not_picked":["Acrobatics","Outmaneuver"],"picked":"All Out Attack","floor":5.0},{"not_picked":["Outmaneuver","Quick Slash"],"picked":"PiercingWail","floor":7.0},{"not_picked":["Catalyst","Reflex"],"picked":"Dodge and Roll","floor":10.0},{"not_picked":["Sucker Punch","Acrobatics"],"picked":"Leg Sweep","floor":11.0},{"not_picked":["Glass Knife","Underhanded Strike","Sucker Punch"],"picked":"SKIP","floor":12.0},{"not_picked":["PiercingWail","Crippling Poison"],"picked":"Cloak And Dagger","floor":14.0},{"not_picked":["Wraith Form v2","Malaise"],"picked":"Venomology","floor":16.0},{"not_picked":["Flying Knee","Predator","Bane"],"picked":"SKIP","floor":18.0},{"not_picked":["Dagger Spray","Slice"],"picked":"Blade Dance","floor":20.0},{"not_picked":["PiercingWail+1","Setup"],"picked":"Infinite Blades","floor":22.0},{"not_picked":["Bane","Heel Hook+1","Predator"],"picked":"SKIP","floor":23.0},{"not_picked":["Quick Slash","Skewer"],"picked":"Deflect+1","floor":25.0},{"not_picked":["PiercingWail+1","Acrobatics"],"picked":"Prepared+1","floor":28.0},{"not_picked":["Caltrops","Dagger Throw+1"],"picked":"Blur","floor":30.0},{"not_picked":["Venomology","Bullet Time"],"picked":"Burst","floor":33},{"not_picked":["Slice+1","Poisoned Stab+1"],"picked":"Finisher+1","floor":35},{"not_picked":["Heel Hook+1","Crippling Poison"],"picked":"Acrobatics+1","floor":36},{"not_picked":["Deflect+1","Deadly Poison+1","Acrobatics"],"picked":"SKIP","floor":40},{"not_picked":["Concentrate","Dodge and Roll"],"picked":"Footwork+1","floor":42},{"not_picked":["Deflect+1","Prepared"],"picked":"Backflip","floor":44},{"not_picked":["Choke+1","Dagger Throw+1"],"picked":"Tactician+1","floor":46},{"not_picked":["Skewer+1","Quick Slash+1"],"picked":"Escape Plan+1","floor":48}],"player_experience":179068,"relics_obtained":[{"floor":7.0,"key":"Kunai"},{"floor":9.0,"key":"Bag of Preparation"},{"floor":10.0,"key":"Happy Flower"},{"floor":19.0,"key":"Red Mask"},{"floor":21.0,"key":"Necronomicon"},{"floor":23.0,"key":"Bottled Lightning"},{"floor":25.0,"key":"Bronze Scales"},{"floor":26.0,"key":"Boot"},{"floor":28.0,"key":"Molten Egg 2"},{"floor":34,"key":"MealTicket"},{"floor":34,"key":"Sundial"},{"floor":34,"key":"Incense Burner"},{"floor":40,"key":"Blood Vial"},{"floor":42,"key":"Gremlin Horn"},{"floor":43,"key":"Ornamental Fan"}],"event_choices":[{"damage_healed":0.0,"max_hp_gain":0.0,"max_hp_loss":0.0,"gold_gain":0.0,"event_name":"Shining Light","player_choice":"Ignored","floor":2.0,"gold_loss":0.0,"damage_taken":0.0},{"damage_healed":0.0,"max_hp_gain":0.0,"max_hp_loss":0.0,"gold_gain":0.0,"event_name":"Masked Bandits","player_choice":"Fought Bandits","floor":19.0,"gold_loss":0.0,"damage_taken":0.0},{"damage_healed":0.0,"max_hp_gain":0.0,"max_hp_loss":0.0,"gold_gain":0.0,"event_name":"Cursed Tome","player_choice":"Obtained Book","floor":21.0,"gold_loss":0.0,"damage_taken":16.0},{"damage_healed":0.0,"max_hp_gain":0.0,"max_hp_loss":0.0,"gold_gain":0.0,"event_name":"Vampires","player_choice":"Ignored","floor":31.0,"gold_loss":0.0,"damage_taken":0.0},{"damage_healed":0,"gold_gain":222,"player_choice":"Wore Mask","damage_taken":0,"max_hp_gain":0,"max_hp_loss":0,"event_name":"Tomb of Lord Red Mask","floor":38,"gold_loss":0},{"damage_healed":0,"gold_gain":0,"player_choice":"Damaged","damage_taken":7,"max_hp_gain":0,"max_hp_loss":0,"event_name":"Wheel of Change","floor":39,"gold_loss":0}],"is_beta":false,"boss_relics":[{"not_picked":["Sozu","Runic Pyramid"],"picked":"SacredBark"},{"not_picked":["Tiny House","Ring of the Serpent"],"picked":"Calling Bell"}],"items_purged_floors":[13,37],"is_endless":false,"potions_floor_spawned":[4,7,11,12,18,23,28,36,44,46],"ascension_level":1}}