{"host":"eu5wvbbtjeiar27l","time":1610627389,"event":{"mods":["Astrologer","BaseMod","Colored Powertips","Conspire","Energized Spire","Hubris","Infinite Spire","Mad Scientist","Melee Mod","Minty Spire (QoL Compilation)","Potionbrewer","Rare Cards Sparkle","StSLib","The Construct","The Factory","The Jungle","The Runesmith","The Valiant","Treasure Hunter","themimic","vexMod"],"gold_per_floor":[65,79,93,93,168,194,194,222,222,222,235,246,246,266,266,367,367,377,377,377,389,408,408,436,446,446,446,462,481,497,515,515,612,612,628,638,48,48,48,48,67,67,67],"floor_reached":42,"language":"ENG","playtime":3799,"items_purged":["Defend_Valiant","Strike_Valiant"],"score":459,"play_id":"06921e80-b0c1-4c46-b32f-e0aacbf69d1a","local_time":"20210114122949","is_ascension_mode":false,"campfire_choices":[{"data":"FullAwakening","floor":7,"key":"SMITH"},{"data":"SeekAnswers","floor":10,"key":"SMITH"},{"data":"DualSpirit","floor":15,"key":"SMITH"},{"data":"FullAwakening","floor":23,"key":"SMITH"},{"data":"Strike_Valiant","floor":32,"key":"PURGE"},{"data":"Defend_Valiant","floor":40,"key":"PURGE"}],"circlet_count":0,"master_deck":["Strike_Valiant","Defend_Valiant","Defend_Valiant","BlindingLight","MinorHealing","MinorHealing","MercilessSmite","ItsSmitingTime","SeekAnswers+1","FullAwakening+1","SeekAnswers","ArchangelsBoon","DualSpirit+1","FullAwakening+1","MaddeningRevelation","AbandonReason","BraceThePain+1","infinitespire:Execution","PiercingStab+1","CombatDance+1","StrainingSmite+1","ArcaneHealing","AbandonReason+1","MercilessSmite","Parasite","PiercingStab"],"relics":["Cross Pendant","potionbrewer:Torch","vexMod:RetaliationKit","vexMod:BarristanHead","energizedSpire:DeadBattery","Runesmith:AutoHammer","Matryoshka","Orichalcum","Peace Pipe","conspire:Dentures","hubris:CrackedHourglass","Bottled Flame","Mummified Hand"],"acts_visited":["Exordium","TheCity","TheBeyond"],"potions_floor_usage":[8,16,16,16,24,25],"damage_taken":[{"damage":13,"enemies":"Cultist","floor":1,"turns":5},{"damage":0,"enemies":"Small Slimes","floor":2,"turns":5},{"damage":5,"enemies":"2 Louse","floor":3,"turns":3},{"damage":46,"enemies":"3 Sentries","floor":6,"turns":15},{"damage":23,"enemies":"Gremlin Nob","floor":8,"turns":4},{"damage":12,"enemies":"2 Fungi Beasts","floor":11,"turns":5},{"damage":5,"enemies":"Gremlin Gang","floor":12,"turns":2},{"damage":9,"enemies":"Lots of Slimes","floor":14,"turns":7},{"damage":59,"enemies":"Hexaghost","floor":16,"turns":14},{"damage":32,"enemies":"Shell Parasite","floor":18,"turns":11},{"damage":46,"enemies":"Chosen","floor":21,"turns":9},{"damage":29,"enemies":"Snake Plant","floor":22,"turns":6},{"damage":48,"enemies":"Nightmare","floor":24,"turns":9},{"damage":23,"enemies":"Sentry and Sphere","floor":25,"turns":9},{"damage":41,"enemies":"Shelled Parasite and Fungi","floor":28,"turns":13},{"damage":29,"enemies":"Snecko","floor":29,"turns":6},{"damage":26,"enemies":"Snake Plant","floor":30,"turns":4},{"damage":47,"enemies":"Centurion and Healer","floor":31,"turns":15},{"damage":34,"enemies":"conspire:MysteriousRune","floor":33,"turns":9},{"damage":13,"enemies":"Orb Walker","floor":35,"turns":4},{"damage":30,"enemies":"3 Darklings","floor":36,"turns":4},{"damage":16,"enemies":"Writhing Mass","floor":41,"turns":3}],"seed_played":"-8719089388220858813","potions_obtained":[{"floor":1,"key":"Ancient Potion"},{"floor":3,"key":"SteroidPotion"},{"floor":6,"key":"AttackPotion"},{"floor":14,"key":"PowerPotion"},{"floor":21,"key":"SteroidPotion"},{"floor":22,"key":"SneckoOil"},{"floor":24,"key":"Swift Potion"},{"floor":29,"key":"potionbrewer:BoundlessPotion"},{"floor":35,"key":"Explosive Potion"},{"floor":41,"key":"CultistPotion"}],"is_trial":false,"path_per_floor":["M","M","M","?","?","E","R","E","T","R","M","M","?","M","R","B",null,"M","?","?","M","M","R","NM","M","T","AVR","M","M","M","M","R","B",null,"M","M","$","?","$","R","M","M"],"character_chosen":"TheValiant","items_purchased":["Bottled Flame","Mummified Hand"],"campfire_rested":0,"item_purchase_floors":[37,37],"current_hp_per_floor":[98,98,98,98,88,54,54,39,39,39,44,39,39,52,52,11,100,87,87,87,87,71,71,55,32,32,32,100,82,56,100,100,82,100,87,57,57,57,57,57,41,0,0],"gold":67,"neow_bonus":"TRANSFORM_CARD","is_daily":false,"chose_seed":false,"campfire_upgraded":4,"win_rate":0.0,"timestamp":1610627389,"path_taken":["M","M","?","?","?","E","R","E","T","R","?","M","?","M","R","BOSS","M","?","?","M","M","R","NM","M","T","AVR","M","?","M","M","R","BOSS","M","?","$","?","?","R","M","M"],"items_purchased_type":["Relic","Relic"],"build_version":"2020-12-22","purchased_purges":2,"victory":false,"max_hp_per_floor":[100,100,100,100,100,100,100,100,100,100,100,100,100,100,100,100,100,100,100,100,100,100,100,100,100,100,100,100,100,100,100,100,100,100,100,100,100,100,100,100,100,100,100],"card_choices":[{"not_picked":["Decimate","ArcaneHealing"],"picked":"ItsSmitingTime","floor":1},{"not_picked":["MightBracer","TurnTables","Cleanse"],"picked":"SKIP","floor":2},{"not_picked":["Desperation","ReduceToNothing"],"picked":"SeekAnswers","floor":3},{"not_picked":["MightBracer","CombatDance"],"picked":"FullAwakening","floor":6},{"not_picked":["TH:EnergyPotion","TH:CopperCoins"],"picked":"SKIP","floor":6},{"not_picked":["Zen","Cleanse"],"picked":"SeekAnswers","floor":8},{"not_picked":["TH:TreasureMap","TH:ElvenBoots"],"picked":"SKIP","floor":8},{"not_picked":["TH:TreasureMap","TH:BikiniMail"],"picked":"SKIP","floor":9},{"not_picked":["Meaballize","WideSmite"],"picked":"ArchangelsBoon","floor":11},{"not_picked":["ToweringCharge","Charge","QuickSiphon"],"picked":"SKIP","floor":12},{"not_picked":["Tantrum","MightBracer"],"picked":"DualSpirit","floor":14},{"not_picked":["FinalGambit","DangerousSmash"],"picked":"FullAwakening","floor":16},{"not_picked":["ReduceToNothing","FuriousSmite"],"picked":"MaddeningRevelation","floor":18},{"not_picked":["MightBracer","Meaballize","FuriousSmite"],"picked":"SKIP","floor":21},{"not_picked":["SoulStrain","Decimate"],"picked":"BraceThePain+1","floor":22},{"not_picked":["TH:BikiniMail","TH:DeckOfManyThings"],"picked":"SKIP","floor":24},{"not_picked":["Uprising","AtAllCosts","DangerousSmash"],"picked":"SKIP","floor":24},{"not_picked":["SoulStrain","ZealousSmite","Quickstep"],"picked":"SKIP","floor":25},{"not_picked":["TH:ElvenBoots","TH:TreasureMap"],"picked":"SKIP","floor":26},{"not_picked":["Cleanse+1","Radiance+1"],"picked":"PiercingStab+1","floor":28},{"not_picked":["QuickSiphon","FlashOfAnger+1"],"picked":"CombatDance+1","floor":29},{"not_picked":["TearSoul","DangerousSmash"],"picked":"StrainingSmite+1","floor":30},{"not_picked":["Zen","Quickstep"],"picked":"ArcaneHealing","floor":31},{"not_picked":["MightBracer+1","MightForm+1"],"picked":"AbandonReason+1","floor":35},{"not_picked":["TakeAim","UnyieldingZeal+1"],"picked":"MercilessSmite","floor":36},{"not_picked":["Quickstep+1","FlashOfAnger+1"],"picked":"PiercingStab","floor":41}],"player_experience":157283,"relics_obtained":[{"floor":6,"key":"potionbrewer:Torch"},{"floor":8,"key":"vexMod:RetaliationKit"},{"floor":9,"key":"vexMod:BarristanHead"},{"floor":24,"key":"Matryoshka"},{"floor":26,"key":"Orichalcum"},{"floor":26,"key":"Peace Pipe"}],"event_choices":[{"damage_healed":0,"gold_gain":75,"player_choice":"Touch","damage_taken":10,"max_hp_gain":0,"max_hp_loss":0,"event_name":"FaceTrader","floor":5,"gold_loss":0},{"damage_healed":0,"gold_gain":0,"player_choice":"Ignored","damage_taken":0,"max_hp_gain":0,"max_hp_loss":0,"event_name":"Liars Game","floor":13,"gold_loss":0},{"damage_healed":0,"gold_gain":0,"player_choice":"Opened","damage_taken":0,"relics_obtained":["Runesmith:AutoHammer"],"max_hp_gain":0,"max_hp_loss":0,"event_name":"The Mausoleum","floor":19,"gold_loss":0},{"damage_healed":0,"gold_gain":0,"cards_transformed":["Strike_Valiant"],"player_choice":"Transformed","damage_taken":0,"max_hp_gain":0,"max_hp_loss":0,"event_name":"Transmorgrifier","floor":20,"gold_loss":0,"cards_obtained":["AbandonReason"]},{"damage_healed":0,"gold_gain":0,"player_choice":"Ignored","damage_taken":0,"max_hp_gain":0,"max_hp_loss":0,"event_name":"NoteForYourself","floor":38,"gold_loss":0}],"is_beta":false,"boss_relics":[{"not_picked":["hubris:HollowSoul","conspire:RunicOctahedron"],"picked":"energizedSpire:DeadBattery"},{"not_picked":["energizedSpire:MagnifyingGlass","Snecko Eye"],"picked":"hubris:CrackedHourglass"}],"items_purged_floors":[27,37],"is_endless":true,"potions_floor_spawned":[1,3,6,14,21,22,24,29,35,41],"killed_by":"Sphere and 2 Shapes","ascension_level":0}}