{"host":"nc9kxycvldgbp2kx","time":1610648470,"event":{"mods":["2.2 Compatiblity","AchievementEnabler","BaseMod","Better Altar","Better Match","Better Note","Better Sensory Stone","Better Skull","Better Third Choice","Better Vampires","Block Reminder","Colored Powertips","Curses Come First","GifTheSpireLib","Highlight Path","Minty Spire (QoL Compilation)","Permanent Neow","Quick Restart","Random Character Button","Rare Cards Sparkle","Relic Sorter","Relic Stats","Spicy Shops","StSLib","Transform Curses"],"gold_per_floor":[116,116,116,116,41,72,72,83,83,97,132,132,145,173,173,276,276,290,290,290,290,307,307,337,85,112,128,128,145,95,124,124,225,225,238,288,288,288,308,334,358,405,417,429,452,464,506,531,543,555,567,579,27,54,54,54],"floor_reached":55,"language":"ENG","playtime":10514,"items_purged":["Strike_B"],"score":877,"play_id":"1b6f81b5-59ef-45f6-93af-1170396705fc","local_time":"20210114192110","is_ascension_mode":true,"campfire_choices":[{"floor":7.0,"key":"REST"},{"floor":12.0,"key":"RECALL"},{"data":"Loop","floor":15.0,"key":"SMITH"},{"data":"Capacitor","floor":23.0,"key":"SMITH"},{"data":"Chill","floor":32.0,"key":"SMITH"},{"data":"Recycle","floor":49.0,"key":"SMITH"},{"data":"White Noise","floor":52.0,"key":"SMITH"}],"circlet_count":0,"master_deck":["Zap+1","Dualcast","Barrage","Secret Weapon","Chill+1","Loop+1","Glacier","Self Repair","BootSequence","BootSequence","Echo Form","Rip and Tear","Skim","Heatsinks","Go for the Eyes","Capacitor+1","Steam","Barrage","Core Surge","Recycle+1","White Noise+1","Static Discharge+1","Chaos+1","Chill","Redo+1"],"relics":["Cracked Core","Thread and Needle","Orichalcum","Tiny Chest","Pandora\u0027s Box","Nilry\u0027s Codex","Potion Belt","Happy Flower","Bottled Tornado","Bag of Marbles","Gremlin Horn","Boot","Inserter","Unceasing Top","Frozen Egg 2","MawBank","Letter Opener","Vajra","Strawberry","Sundial","Nunchaku","Mercury Hourglass","Blue Candle"],"acts_visited":["Exordium","TheCity","TheBeyond","TheEnding"],"potions_floor_usage":[55,55,55],"damage_taken":[{"damage":1.0,"enemies":"Jaw Worm","floor":1.0,"turns":5.0},{"damage":10.0,"enemies":"Gremlin Nob","floor":6.0,"turns":3.0},{"damage":0.0,"enemies":"Small Slimes","floor":8.0,"turns":2.0},{"damage":0.0,"enemies":"2 Louse","floor":10.0,"turns":2.0},{"damage":0.0,"enemies":"3 Sentries","floor":11.0,"turns":8.0},{"damage":0.0,"enemies":"Large Slime","floor":13.0,"turns":6.0},{"damage":4.0,"enemies":"Lagavulin","floor":14.0,"turns":10.0},{"damage":5.0,"enemies":"The Guardian","floor":16.0,"turns":11.0},{"damage":4.0,"enemies":"Spheric Guardian","floor":18.0,"turns":4.0},{"damage":0.0,"enemies":"Chosen","floor":22.0,"turns":7.0},{"damage":10.0,"enemies":"Slavers","floor":24.0,"turns":7.0},{"damage":5.0,"enemies":"Snake Plant","floor":27.0,"turns":7.0},{"damage":1.0,"enemies":"Chosen and Byrds","floor":29.0,"turns":6.0},{"damage":0.0,"enemies":"Book of Stabbing","floor":31.0,"turns":6.0},{"damage":22.0,"enemies":"Automaton","floor":33.0,"turns":10.0},{"damage":0.0,"enemies":"3 Darklings","floor":35.0,"turns":5.0},{"damage":5.0,"enemies":"Mind Bloom Boss Battle","floor":36.0,"turns":6.0},{"damage":21.0,"enemies":"3 Shapes","floor":39.0,"turns":3.0},{"damage":8.0,"enemies":"Reptomancer","floor":40.0,"turns":6.0},{"damage":1.0,"enemies":"Transient","floor":41.0,"turns":5.0},{"damage":5.0,"enemies":"Giant Head","floor":42.0,"turns":9.0},{"damage":2.0,"enemies":"Maw","floor":45.0,"turns":5.0},{"damage":6.0,"enemies":"Nemesis","floor":47.0,"turns":6.0},{"damage":2.0,"enemies":"Jaw Worm Horde","floor":48.0,"turns":4.0},{"damage":60.0,"enemies":"Donu and Deca","floor":50.0,"turns":7.0},{"damage":36.0,"enemies":"Shield and Spear","floor":54.0,"turns":6.0},{"damage":54,"enemies":"The Heart","floor":55,"turns":5}],"seed_played":"7255649932037021648","potions_obtained":[{"floor":1.0,"key":"PowerPotion"},{"floor":10.0,"key":"SteroidPotion"},{"floor":14.0,"key":"BlessingOfTheForge"},{"floor":27.0,"key":"PowerPotion"},{"floor":29.0,"key":"Swift Potion"},{"floor":36.0,"key":"Block Potion"},{"floor":39.0,"key":"PotionOfCapacity"},{"floor":42.0,"key":"Strength Potion"},{"floor":47.0,"key":"SteroidPotion"}],"is_trial":false,"path_per_floor":["M","?","?","?","$","E","R","M","T","M","E","R","M","E","R","B",null,"M","?","?","T","M","R","E","$","T","M","T","M","?","E","R","B",null,"M","?","?","T","M","E","M","E","T","?","M","?","E","M","R","B",null,"R","$","E","B"],"character_chosen":"DEFECT","items_purchased":["Bottled Tornado","Sundial","Nunchaku","Mercury Hourglass","Strength Potion"],"campfire_rested":1,"item_purchase_floors":[25,53,53,53,53],"current_hp_per_floor":[74,79,79,63,63,53,77,77,77,77,77,77,80,80,80,80,80,80,80,64,64,64,64,61,61,61,70,70,76,76,80,80,72,80,80,80,76,76,55,54,60,69,69,69,74,74,83,83,83,30,83,83,83,54,0,0],"gold":54,"neow_bonus":"REMOVE_CARD","is_daily":false,"chose_seed":false,"campfire_upgraded":5,"win_rate":0.0,"timestamp":1610648470,"path_taken":["M","?","?","?","?","E","R","M","T","M","E","R","M","E","R","BOSS","M","?","?","?","M","R","E","$","T","M","?","M","?","E","R","BOSS","M","?","?","?","?","E","M","E","T","?","M","?","E","M","R","BOSS","R","$","E","BOSS"],"items_purchased_type":["Relic","Relic","Relic","Relic","Potion"],"build_version":"2020-12-22","purchased_purges":1,"victory":false,"max_hp_per_floor":[75,80,80,80,80,80,80,80,80,80,80,80,80,80,80,80,80,80,80,80,80,80,80,80,80,80,80,80,80,80,80,80,80,80,80,80,76,76,76,76,76,76,76,76,76,76,83,83,83,83,83,83,83,83,83,83],"relic_stats":{"Inserter":[27],"Happy Flower":[32],"Gremlin Horn":[15,15],"counters":[27,161],"Blue Candle":[0],"Letter Opener":[125],"Orichalcum":[186],"Boot":[255],"MawBank":156,"Mercury Hourglass":[36],"Nunchaku":[2],"Sundial":[2],"Tiny Chest":2,"Pandora\u0027s Box":["Reinforced Body","Rebound","Rip and Tear","Skim","Heatsinks","Go for the Eyes"],"obtain_stats":[{"Potion Belt":21,"Inserter":34,"Happy Flower":24,"Gremlin Horn":28,"Nilry\u0027s Codex":20,"Blue Candle":54,"Vajra":43,"Thread and Needle":6,"Letter Opener":42,"Orichalcum":11,"Bottled Tornado":25,"Frozen Egg 2":38,"Boot":31,"MawBank":40,"Mercury Hourglass":53,"Nunchaku":53,"Sundial":53,"Strawberry":47,"Tiny Chest":14,"Pandora\u0027s Box":17,"Bag of Marbles":26,"Cracked Core":0,"Unceasing Top":36},{"Potion Belt":9,"Inserter":15,"Happy Flower":11,"Gremlin Horn":12,"Nilry\u0027s Codex":9,"Blue Candle":26,"Vajra":21,"Thread and Needle":2,"Letter Opener":21,"Orichalcum":5,"Bottled Tornado":11,"Frozen Egg 2":17,"Boot":14,"MawBank":19,"Mercury Hourglass":25,"Nunchaku":25,"Sundial":25,"Strawberry":23,"Tiny Chest":7,"Pandora\u0027s Box":8,"Bag of Marbles":11,"Cracked Core":0,"Unceasing Top":17},{"Potion Belt":51,"Inserter":94,"Happy Flower":65,"Gremlin Horn":72,"Nilry\u0027s Codex":51,"Blue Candle":156,"Vajra":128,"Thread and Needle":8,"Letter Opener":128,"Orichalcum":20,"Bottled Tornado":65,"Frozen Egg 2":105,"Boot":84,"MawBank":114,"Mercury Hourglass":150,"Nunchaku":150,"Sundial":150,"Strawberry":139,"Tiny Chest":36,"Pandora\u0027s Box":47,"Bag of Marbles":65,"Cracked Core":0,"Unceasing Top":105}],"Unceasing Top":[52]},"card_choices":[{"not_picked":["Lockon","Gash"],"picked":"Barrage","floor":1.0},{"not_picked":["Mind Blast","Impatience"],"picked":"Secret Weapon","floor":3.0},{"not_picked":["Glacier","Ball Lightning"],"picked":"Chill","floor":6.0},{"not_picked":["Chill","Consume"],"picked":"Loop","floor":8.0},{"not_picked":["Redo","Turbo"],"picked":"Glacier","floor":10.0},{"not_picked":["Beam Cell","Coolheaded"],"picked":"Self Repair","floor":11.0},{"not_picked":["Cold Snap","Streamline"],"picked":"BootSequence","floor":13.0},{"not_picked":["Ball Lightning","Chill"],"picked":"BootSequence","floor":14.0},{"not_picked":["Amplify","Hyperbeam"],"picked":"Echo Form","floor":16.0},{"not_picked":["Leap","Scrape"],"picked":"Capacitor","floor":18.0},{"not_picked":["Leap","Consume","Beam Cell+1"],"picked":"SKIP","floor":22.0},{"not_picked":["Cold Snap","Turbo"],"picked":"Barrage","floor":24.0},{"not_picked":["Genetic Algorithm","Cold Snap","Consume"],"picked":"SKIP","floor":27.0},{"not_picked":["Chill","Rip and Tear","Genetic Algorithm"],"picked":"SKIP","floor":29.0},{"not_picked":["Gash+1","Cold Snap","Scrape"],"picked":"SKIP","floor":31.0},{"not_picked":["Echo Form","Biased Cognition"],"picked":"Core Surge","floor":33.0},{"not_picked":["Sweeping Beam","Genetic Algorithm+1","Rebound+1"],"picked":"SKIP","floor":35.0},{"not_picked":["Beam Cell","Lockon"],"picked":"Recycle","floor":36.0},{"not_picked":["Barrage","Cold Snap","Sweeping Beam+1"],"picked":"SKIP","floor":39.0},{"not_picked":["Fusion","Rebound+1"],"picked":"White Noise","floor":40.0},{"not_picked":["Doom and Gloom","Conserve Battery","Rebound+1"],"picked":"SKIP","floor":41.0},{"not_picked":["Echo Form+1","Seek"],"picked":"Static Discharge+1","floor":42.0},{"not_picked":["Hologram+1","Self Repair+1"],"picked":"Chaos+1","floor":45.0},{"not_picked":["Hello World+1","Redo"],"picked":"Chill","floor":47.0},{"not_picked":["Reinforced Body","Sweeping Beam+1","Compile Driver+1"],"picked":"SKIP","floor":48.0},{"not_picked":["Loop+1","All For One"],"picked":"Redo+1","floor":54.0}],"player_experience":309807,"relics_obtained":[{"floor":6.0,"key":"Thread and Needle"},{"floor":11.0,"key":"Orichalcum"},{"floor":14.0,"key":"Tiny Chest"},{"floor":20.0,"key":"Nilry\u0027s Codex"},{"floor":21.0,"key":"Potion Belt"},{"floor":24.0,"key":"Happy Flower"},{"floor":26.0,"key":"Bag of Marbles"},{"floor":28.0,"key":"Gremlin Horn"},{"floor":31.0,"key":"Boot"},{"floor":36.0,"key":"Unceasing Top"},{"floor":38.0,"key":"Frozen Egg 2"},{"floor":40.0,"key":"MawBank"},{"floor":42.0,"key":"Letter Opener"},{"floor":43.0,"key":"Vajra"},{"floor":47.0,"key":"Strawberry"},{"floor":54.0,"key":"Blue Candle"}],"event_choices":[{"damage_healed":0.0,"max_hp_gain":5.0,"max_hp_loss":0.0,"gold_gain":0.0,"event_name":"Big Fish","player_choice":"Donut","floor":2.0,"gold_loss":0.0,"damage_taken":0.0},{"damage_healed":0.0,"max_hp_gain":0.0,"max_hp_loss":0.0,"gold_gain":1.0,"event_name":"betterStone:BetterStone","player_choice":"1","floor":3.0,"gold_loss":0.0,"damage_taken":0.0},{"damage_healed":79.0,"max_hp_gain":0.0,"max_hp_loss":80.0,"gold_gain":0.0,"event_name":"betterThird:BetterShining","player_choice":"Upgrade","floor":4.0,"gold_loss":0.0,"damage_taken":16.0,"cards_upgraded":["Defend_B","Zap"]},{"damage_healed":0.0,"max_hp_gain":0.0,"max_hp_loss":0.0,"gold_gain":0.0,"cards_transformed":["Reinforced Body","Rebound"],"event_name":"Drug Dealer","player_choice":"Became Test Subject","floor":19.0,"gold_loss":0.0,"damage_taken":0.0,"cards_obtained":["Steam","Auto Shields"]},{"damage_healed":0.0,"max_hp_gain":0.0,"max_hp_loss":0.0,"gold_gain":0.0,"event_name":"Cursed Tome","player_choice":"Obtained Book","floor":20.0,"gold_loss":0.0,"damage_taken":16.0},{"damage_healed":0.0,"max_hp_gain":0.0,"max_hp_loss":0.0,"gold_gain":0.0,"event_name":"The Joust","player_choice":"Bet on Murderer","floor":30.0,"gold_loss":50.0,"damage_taken":0.0},{"damage_healed":0.0,"max_hp_gain":0.0,"max_hp_loss":0.0,"gold_gain":0.0,"event_name":"MindBloom","player_choice":"Fight","floor":36.0,"gold_loss":0.0,"damage_taken":0.0},{"damage_healed":0.0,"max_hp_gain":0.0,"max_hp_loss":4.0,"gold_gain":0.0,"event_name":"Winding Halls","player_choice":"Max HP","floor":37.0,"gold_loss":0.0,"damage_taken":0.0},{"damage_healed":0.0,"max_hp_gain":0.0,"max_hp_loss":0.0,"gold_gain":0.0,"event_name":"Mysterious Sphere","player_choice":"Ignored","floor":44.0,"gold_loss":0.0,"damage_taken":0.0},{"cards_removed":["Auto Shields"],"damage_healed":0.0,"max_hp_gain":0.0,"max_hp_loss":0.0,"gold_gain":0.0,"event_name":"Falling","player_choice":"Removed Skill","floor":46.0,"gold_loss":0.0,"damage_taken":0.0}],"is_beta":false,"boss_relics":[{"not_picked":["Runic Pyramid","Astrolabe"],"picked":"Pandora\u0027s Box"},{"not_picked":["SlaversCollar","Coffee Dripper"],"picked":"Inserter"}],"items_purged_floors":[5],"is_endless":false,"potions_floor_spawned":[1,10,14,27,29,36,39,42,47],"killed_by":"The Heart","ascension_level":1}}