{"host":"1shobamjx3kfwgso","time":1610586454,"event":{"mods":["2.2 Compatiblity","AchievementEnabler","Act Like it!","Aspiration","BaseMod","Beaked The Cultist","Better Altar","Better Match","Better Sensory Stone","Better Skull","Better Third Choice","BetterRewards","Block Reminder","CCEM","CapriCore","Challenge The Spire","Clockwork Mod","Colored Map","Colored Powertips","Conjunction","Conspire","Dark Map","Defuse TimeMaze Blight","Downfall","Energized Spire","Exacting","FoggyMod","GifTheSpireLib","GungeonMod","Halation","Hallownest","Hermit","Highlight Path","Hubris","Infinite Spire","Ironclad Rager","JesterMod","Lobotomy","LobotomyExtend","Mimic Mod","Minty Spire (QoL Compilation)","Pale of the Ancients","Quick Restart","Relic Sorter","Replay The Spire","Shade Mod","Shop Mod","StSLib","Stuff the Spire","The Bladedancer","The Blue Laboratory","The Bug Knight","The Construct","The Cursed","The Dragon Tamer","The Druid","The Immortal","The Juggle","The Marked","The Mystic","The Sage","The Servant 0.9.4","TheFirefly","TheVacant","Uncapped","vexMod"],"gold_per_floor":[125,125,158,43,4,4,32,32,111,111,111,129,129,31,31,128,78,93,93,68,68,68,68,68,68,68,68,68,68,68,68,68,163,163,196,196,196,47,97,97,50,50,125,125,125,125,125,50,50,0,0,0,0,0,0,0],"floor_reached":57,"language":"ENG","playtime":3536,"items_purged":[],"score":882,"play_id":"599479b9-544d-4a96-8b56-eaedcd67d21f","local_time":"20210113200734","is_ascension_mode":false,"campfire_choices":[],"circlet_count":0,"master_deck":["SpecialBullet","SpecialBullet","SpecialBullet","SpecialBullet","SpecialBullet","SpecialBullet","SpecialBullet","SpecialBullet","InformationCode","WelfareCode","CentralCode","Spore","Wellcheers","ShedSkin+1","BlackSwan_ego","Pinks","Strike_R","ScreamingWedge","SomewhereSpear","ExtractionCode","ParadiseLost+1","LongBird","ParadiseLost+1","Soda+1","Freischutz","CUTE+1","Mimicry+1","Logging+1","LifeForTheDareDevil+1","DisciplinaryCode"],"relics":["CogitoBucket","RabbitCall","StuffTheSpire:OldFever","LetterFromLob","DemoMod:GnawedKey","hubris:Potato","DemoMod:GlassGuonStoneRelic","energizedSpire:HugeHouse","hubris:CrystalStatue","CCEMRelics:Barrel","conspire:SpecialSausage","halation:EternalFortune","Pet Ghost","halation:SwordOfLegend","aspiration:HummingbirdHeart","halation:BottledLove"],"acts_visited":["Exordium","TheCity","TheBeyond"],"potions_floor_usage":[],"damage_taken":[{"damage":11.0,"enemies":"Jaw Worm","floor":1.0,"turns":3.0},{"damage":0.0,"enemies":"Cultist","floor":3.0,"turns":2.0},{"damage":0.0,"enemies":"Lagavulin","floor":7.0,"turns":13.0},{"damage":0.0,"enemies":"Small Slimes","floor":12.0,"turns":3.0},{"damage":0.0,"enemies":"The Guardian","floor":16.0,"turns":36.0},{"damage":0.0,"enemies":"Spheric Guardian","floor":18.0,"turns":16.0},{"damage":0.0,"enemies":"Champ","floor":33.0,"turns":31.0},{"damage":0.0,"enemies":"3 Shapes","floor":35.0,"turns":4.0},{"damage":0.0,"enemies":"Mind Bloom Boss Battle","floor":39.0,"turns":11.0},{"damage":0.0,"enemies":"3 Darklings","floor":41.0,"turns":6.0},{"damage":0.0,"enemies":"infinitespire:MassOfShapes","floor":50.0,"turns":11.0},{"damage":0.0,"enemies":"Malkuth","floor":51.0,"turns":10.0},{"damage":0.0,"enemies":"Hod","floor":52.0,"turns":14.0},{"damage":0.0,"enemies":"Geburah","floor":56.0,"turns":44.0}],"seed_played":"4833437493685236514","potions_obtained":[{"floor":3.0,"key":"blueLaboratory:PyrophylliteBrew"},{"floor":7.0,"key":"Guardian:BlockOnCardUsePotion"},{"floor":12.0,"key":"champ:CounterPotion"},{"floor":18.0,"key":"FearPotion"},{"floor":35.0,"key":"Block Potion"},{"floor":41.0,"key":"Elixir"}],"is_trial":false,"path_per_floor":["M","?","M","$","$","R","E","R","T","?","R","M","R","$","R","B",null,"M","?","?","?","?","R","?","R","T","R","M","$","AVR","?","R","B",null,"M","?","?","$","M","R","M","$","T","M","R","AVR","M","?","R","B",null,null,null,null,null,null,null,null,null,null],"character_chosen":"Angela","items_purchased":["DemoMod:GnawedKey","ShedSkin","FairyPotion","Pet Ghost"],"campfire_rested":0,"item_purchase_floors":[4,5,14,38],"current_hp_per_floor":[59,70,70,70,70,70,70,70,70,70,70,70,70,70,70,70,65,65,65,65,65,65,65,65,65,65,65,65,65,65,65,65,65,65,65,68,68,68,68,67,71,71,71,71,71,71,71,71,71,71,71,71,71,71,71,71],"gold":0,"neow_bonus":"RANDOM_COMMON_RELIC","is_daily":false,"chose_seed":false,"campfire_upgraded":0,"win_rate":0.0,"timestamp":1610586454,"path_taken":["M","?","?","?","$","R","E","R","T","?","R","?","R","$","R","BOSS","M","?","?","?","?","R","?","R","T","R","?","?","AVR","?","R","BOSS","M","?","?","$","?","R","?","?","T","?","R","AVR","?","?","R","BOSS"],"items_purchased_type":["Relic","Card","Potion","Relic"],"build_version":"2020-12-22","purchased_purges":0,"victory":true,"max_hp_per_floor":[70,70,70,70,70,70,70,70,70,70,70,70,70,70,70,70,65,65,65,65,65,65,65,65,65,65,65,65,65,65,65,65,65,65,65,68,68,68,68,68,71,71,71,71,71,71,71,71,71,71,71,71,71,71,71,71],"card_choices":[{"not_picked":["MagicBullet"],"picked":"Ecstasy","floor":1.0},{"not_picked":["FourthMatchFlame"],"picked":"Spore","floor":3.0},{"not_picked":["WallGazer","SnowQueen"],"picked":"Wellcheers","floor":3.0},{"not_picked":["MHz","DespairKnight"],"picked":"Yin","floor":7.0},{"not_picked":["FourthMatchFlame"],"picked":"BlackSwan_ego","floor":7.0},{"not_picked":["FourthMatchFlame"],"picked":"RapturousDream","floor":12.0},{"not_picked":["SoundOfStar"],"picked":"Pinks","floor":16.0},{"not_picked":["Noise+1"],"picked":"SomewhereSpear","floor":18.0},{"not_picked":["UniverseFragment","Porccubus"],"picked":"BigBird","floor":18.0},{"not_picked":["SoundOfStar+1","Mimicry+1"],"picked":"ParadiseLost+1","floor":33.0},{"not_picked":["MeltingLove","RedShoes"],"picked":"LongBird","floor":33.0},{"not_picked":["Twilight+1","DaCapo+1"],"picked":"ParadiseLost+1","floor":33.0},{"not_picked":["Loneliness+1","RedEyes+1"],"picked":"Soda+1","floor":35.0},{"not_picked":["HappyTeddy","Porccubus","LittleHelper"],"picked":"Singing Bowl","floor":35.0},{"not_picked":["CherryBlossoms","SingingMachine"],"picked":"Freischutz","floor":35.0},{"not_picked":["Reverberation+1","Noise+1"],"picked":"CUTE+1","floor":35.0},{"not_picked":["FourthMatchFlame+1","WristCuter+1"],"picked":"Mimicry+1","floor":39.0},{"not_picked":["DreamingCurrent","DespairKnight","HeroicMonk"],"picked":"Singing Bowl","floor":39.0},{"not_picked":["Regret_ego+1","Beak+1"],"picked":"Logging+1","floor":39.0},{"not_picked":["LittlePrince","QueenBee","LaLuna"],"picked":"Singing Bowl","floor":41.0},{"not_picked":["Christmas+1","CherryBlossom+1"],"picked":"Soda+1","floor":41.0},{"not_picked":["Loneliness+1","Diffraction+1"],"picked":"LifeForTheDareDevil+1","floor":41.0}],"player_experience":302577,"relics_obtained":[{"floor":1.0,"key":"LetterFromLob"},{"floor":7.0,"key":"hubris:Potato"},{"floor":26.0,"key":"hubris:CrystalStatue"},{"floor":39.0,"key":"halation:SwordOfLegend"},{"floor":41.0,"key":"halation:EternalFortune"},{"floor":43.0,"key":"aspiration:HummingbirdHeart"}],"event_choices":[{"cards_removed":["Ecstasy"],"damage_healed":11.0,"max_hp_gain":0.0,"max_hp_loss":0.0,"gold_gain":0.0,"event_name":"Bonfire Elementals","player_choice":"Offered Uncommon","floor":2.0,"gold_loss":0.0,"damage_taken":0.0},{"damage_healed":0.0,"max_hp_gain":0.0,"max_hp_loss":0.0,"gold_gain":0.0,"event_name":"betterMatch:BetterMatch","player_choice":"3","floor":10.0,"gold_loss":0.0,"damage_taken":0.0,"cards_obtained":[]},{"damage_healed":0.0,"max_hp_gain":0.0,"max_hp_loss":0.0,"gold_gain":0.0,"event_name":"Ghosts","player_choice":"Ignored","floor":19.0,"gold_loss":0.0,"damage_taken":0.0},{"damage_healed":0.0,"max_hp_gain":0.0,"max_hp_loss":0.0,"gold_gain":0.0,"event_name":"conspire:Investor","player_choice":"Leave","floor":21.0,"gold_loss":0.0,"damage_taken":0.0},{"damage_healed":0.0,"max_hp_gain":0.0,"max_hp_loss":0.0,"gold_gain":0.0,"event_name":"MindBloom","player_choice":"Fight","floor":39.0,"gold_loss":0.0,"damage_taken":0.0},{"cards_removed":["BigBird"],"damage_healed":0.0,"max_hp_gain":0.0,"max_hp_loss":0.0,"gold_gain":0.0,"event_name":"Purifier","player_choice":"Purged","floor":44.0,"gold_loss":0.0,"damage_taken":0.0},{"cards_removed":["Soda"],"damage_healed":0.0,"max_hp_gain":0.0,"max_hp_loss":0.0,"gold_gain":0.0,"event_name":"Falling","player_choice":"Removed Power","floor":47.0,"gold_loss":0.0,"damage_taken":0.0},{"damage_healed":0.0,"max_hp_gain":0.0,"max_hp_loss":0.0,"gold_gain":0.0,"event_name":"betterMatch:BetterMatch","player_choice":"3","floor":48.0,"gold_loss":0.0,"damage_taken":0.0,"cards_obtained":[]}],"is_beta":false,"boss_relics":[{"not_picked":["Replay:Wanted Poster","Runic Dome"],"picked":"energizedSpire:HugeHouse"},{"not_picked":["Snecko Eye","SacredBark"],"picked":"conspire:SpecialSausage"}],"items_purged_floors":[],"is_endless":false,"potions_floor_spawned":[3,7,12,18,35,41],"ascension_level":0}}