{"host":"rfig31diolzjwfq0","time":1610619030,"event":{"mods":["AchievementEnabler","BaseMod","Colored Map","Colored Powertips","Downfall","Googly Eyes","Highlight Path","Minty Spire (QoL Compilation)","Relic Stats","StSLib"],"gold_per_floor":[99,109,109,109,120,140,140,157,157,142,142,152,214,225,241,342,342,342,353,373,473,77,77,104,104,120,120,131,116,136,146,161,261,261,261,275,291,305,133,183,233,233,250,250,250,250,250,250,250],"floor_reached":47,"language":"ENG","playtime":6697,"items_purged":[],"score":421,"play_id":"1ed4e8ab-c573-4dd1-b41e-c85c5232bcd8","local_time":"20210114041030","is_ascension_mode":false,"campfire_choices":[{"data":"hexamod:Sear","floor":1.0,"key":"SMITH"},{"data":"hexamod:FastForward","floor":9.0,"key":"SMITH"},{"data":"hexamod:SpectersWail","floor":11.0,"key":"SMITH"},{"data":"hexamod:HexaLevel","floor":18.0,"key":"SMITH"},{"data":"hexamod:PhantomCloak","floor":25.0,"key":"SMITH"},{"floor":27.0,"key":"REST"},{"data":"hexamod:FastForward","floor":35.0,"key":"SMITH"}],"circlet_count":0,"master_deck":["hexamod:Strike","hexamod:Strike+1","hexamod:Strike+1","hexamod:Strike+1","hexamod:Defend","hexamod:Defend","hexamod:Defend","hexamod:Defend+1","hexamod:Sear+1","hexamod:Float","hexamod:RainOfEmbers","hexamod:GhostOfSpireFuture+1","hexamod:InspiringFlames","hexamod:FastForward+1","hexamod:SpectersWail+1","hexamod:AdvancingGuard+1","hexamod:NightmareGuise","hexamod:AdvancingGuard","hexamod:HexaLevel+1","hexamod:FastForward+1","hexamod:RecurringNightmare","hexamod:SixthSeal","hexamod:PhantomCloak+1","hexamod:Hexaguard+1","hexamod:AdvancingGuard+1","hexamod:RetreatToShadows","hexamod:HexaLevel","hexamod:VolcanoVisage+1","hexamod:PhantomCloak+1","hexamod:FastForward+1","hexamod:HexaLevel"],"relics":["hexamod:SpiritBrand","MealTicket","Ancient Tea Set","Shuriken","Blue Candle","Black Star","StoneCalendar","Meat on the Bone","Matryoshka","Question Card","Bronze Scales","SacredBark","Potion Belt","Turnip","hexamod:MatchstickCase","Regal Pillow"],"acts_visited":["Exordium","TheCity","TheBeyond"],"potions_floor_usage":[38,47],"damage_taken":[{"damage":0.0,"enemies":"Jaw Worm","floor":2.0,"turns":3.0},{"damage":0.0,"enemies":"2 Louse","floor":5.0,"turns":3.0},{"damage":0.0,"enemies":"Small Slimes","floor":6.0,"turns":3.0},{"damage":11.0,"enemies":"Lots of Slimes","floor":8.0,"turns":7.0},{"damage":0.0,"enemies":"downfall:FleeingMerchant","floor":10.0,"turns":4.0},{"damage":0.0,"enemies":"2 Fungi Beasts","floor":12.0,"turns":2.0},{"damage":10.0,"enemies":"Gremlin Nob","floor":13.0,"turns":3.0},{"damage":0.0,"enemies":"3 Louse","floor":14.0,"turns":2.0},{"damage":1.0,"enemies":"Lots of Slimes","floor":15.0,"turns":5.0},{"damage":24.0,"enemies":"downfall:Silent","floor":16.0,"turns":13.0},{"damage":0.0,"enemies":"Chosen","floor":19.0,"turns":6.0},{"damage":25.0,"enemies":"Snake Plant","floor":20.0,"turns":5.0},{"damage":20.0,"enemies":"downfall:Defect","floor":21.0,"turns":7.0},{"damage":0.0,"enemies":"downfall:FleeingMerchant","floor":22.0,"turns":4.0},{"damage":2.0,"enemies":"Snecko","floor":26.0,"turns":5.0},{"damage":6.0,"enemies":"Cultist and Chosen","floor":28.0,"turns":7.0},{"damage":0.0,"enemies":"downfall:FleeingMerchant","floor":29.0,"turns":4.0},{"damage":18.0,"enemies":"Centurion and Healer","floor":30.0,"turns":7.0},{"damage":6.0,"enemies":"Shelled Parasite and Fungi","floor":31.0,"turns":6.0},{"damage":9.0,"enemies":"Snake Plant","floor":32.0,"turns":4.0},{"damage":29.0,"enemies":"downfall:Watcher","floor":33.0,"turns":10.0},{"damage":19.0,"enemies":"3 Darklings","floor":36.0,"turns":6.0},{"damage":26.0,"enemies":"3 Shapes","floor":37.0,"turns":7.0},{"damage":13,"enemies":"Sphere and 2 Shapes","floor":38,"turns":7},{"damage":14,"enemies":"downfall:FleeingMerchant","floor":39,"turns":4},{"damage":6,"enemies":"Mind Bloom Boss Battle","floor":40,"turns":7},{"damage":13,"enemies":"Jaw Worm Horde","floor":43,"turns":7},{"damage":72,"enemies":"Reptomancer","floor":47,"turns":2}],"seed_played":"-5371494349097860171","potions_obtained":[{"floor":5.0,"key":"SkillPotion"},{"floor":8.0,"key":"sneckomod:MuddlingPotion"},{"floor":12.0,"key":"CultistPotion"},{"floor":14.0,"key":"DistilledChaos"},{"floor":23.0,"key":"DuplicationPotion"},{"floor":30.0,"key":"hexamod:EctoCoolerPotion"},{"floor":38,"key":"ColorlessPotion"},{"floor":43,"key":"FearPotion"}],"is_trial":false,"path_per_floor":["R","M","?","?","M","M","T","M","R","$","R","M","?","M","M","B",null,"R","M","M","?","$","?","T","R","M","R","M","$","M","M","M","B",null,"R","M","M","M","$","?","T","?","M","?","?","?","E"],"character_chosen":"THE_SPIRIT","items_purchased":["Matryoshka","hexamod:PhantomCloak","hexamod:Hexaguard","Potion Belt"],"campfire_rested":1,"item_purchase_floors":[22,22,22,39],"current_hp_per_floor":[70,70,67,67,67,67,67,56,56,70,70,70,60,60,59,35,70,70,70,45,25,40,40,40,40,38,59,53,68,50,44,47,30,70,70,51,37,36,37,43,43,43,42,42,42,42,0,0,0],"gold":250,"neow_bonus":"RANDOM_COMMON_RELIC","is_daily":false,"chose_seed":false,"campfire_upgraded":6,"win_rate":0.0,"timestamp":1610619030,"path_taken":["R","M","?","?","M","M","T","M","R","$","R","M","?","M","M","BOSS","R","M","M","?","$","?","T","R","M","R","M","$","?","M","M","BOSS","R","M","M","M","$","?","T","?","?","?","?","?","E"],"items_purchased_type":["Relic","Card","Card","Relic"],"build_version":"2020-12-22","purchased_purges":0,"victory":false,"max_hp_per_floor":[70,70,70,70,70,70,70,70,70,70,70,70,70,70,70,70,70,70,70,70,70,70,70,70,70,70,70,70,70,70,70,70,70,70,70,70,70,70,70,70,70,70,70,70,70,70,70,70,70],"relic_stats":{"Regal Pillow":0,"counters":[28,150],"Shuriken":[3],"Blue Candle":[0],"Bronze Scales":[230],"MealTicket":59,"StoneCalendar":[136],"Turnip":[0],"Black Star":0,"Question Card":13,"obtain_stats":[{"Potion Belt":39,"Regal Pillow":41,"Blue Candle":13,"SacredBark":34,"StoneCalendar":21,"Ancient Tea Set":3,"Question Card":24,"hexamod:MatchstickCase":41,"Matryoshka":22,"Shuriken":7,"Bronze Scales":24,"MealTicket":0,"Turnip":40,"Black Star":17,"hexamod:SpiritBrand":0,"Meat on the Bone":21},{"Potion Belt":25,"Regal Pillow":26,"Blue Candle":7,"SacredBark":21,"StoneCalendar":13,"Ancient Tea Set":1,"Question Card":14,"hexamod:MatchstickCase":26,"Matryoshka":14,"Shuriken":3,"Bronze Scales":14,"MealTicket":0,"Turnip":26,"Black Star":10,"hexamod:SpiritBrand":0,"Meat on the Bone":13},{"Potion Belt":134,"Regal Pillow":141,"Blue Candle":25,"SacredBark":110,"StoneCalendar":63,"Ancient Tea Set":3,"Question Card":67,"hexamod:MatchstickCase":141,"Matryoshka":67,"Shuriken":9,"Bronze Scales":67,"MealTicket":0,"Turnip":141,"Black Star":45,"hexamod:SpiritBrand":0,"Meat on the Bone":63}],"Meat on the Bone":72},"card_choices":[{"not_picked":["hexamod:BacktrackSmack","hexamod:NightmareStrike"],"picked":"hexamod:RainOfEmbers","floor":2.0},{"not_picked":["hexamod:SpectersWail","hexamod:ThermalTransfer"],"picked":"hexamod:GhostOfSpireFuture","floor":5.0},{"not_picked":["hexamod:EmpoweredFlame","hexamod:NightmareGuise"],"picked":"hexamod:InspiringFlames","floor":6.0},{"not_picked":["hexamod:BurningTouch","hexamod:GhostLash"],"picked":"hexamod:FastForward","floor":8.0},{"not_picked":["hexamod:HauntingEcho","hexamod:SixthSeal"],"picked":"hexamod:SpectersWail","floor":10.0},{"not_picked":["hexamod:BacktrackSmack","hexamod:Firestarter","hexamod:SwordOfDarkness"],"picked":"SKIP","floor":12.0},{"not_picked":["hexamod:SwordOfDarkness","hexamod:FourthSeal"],"picked":"hexamod:AdvancingGuard","floor":13.0},{"not_picked":["hexamod:Firestarter","hexamod:SwordOfDarkness"],"picked":"hexamod:NightmareGuise","floor":14.0},{"not_picked":["hexamod:EmpoweredFlame","hexamod:SpectersWail"],"picked":"hexamod:AdvancingGuard","floor":15.0},{"not_picked":["hexamod:CrushingStance","hexamod:UnleashSpirits"],"picked":"hexamod:HexaLevel","floor":16.0},{"not_picked":["hexamod:SwordOfDarkness","hexamod:ShieldOfDarkness","hexamod:HauntingEcho"],"picked":"SKIP","floor":19.0},{"not_picked":["hexamod:SwordOfDarkness","hexamod:GhostShield"],"picked":"hexamod:FastForward","floor":20.0},{"not_picked":["hexamod:NightmareGuise+1","hexamod:RainOfEmbers+1"],"picked":"hexamod:RecurringNightmare","floor":21.0},{"not_picked":["hexamod:EmpoweredFlame+1","hexamod:BurningTouch"],"picked":"hexamod:SixthSeal","floor":22.0},{"not_picked":["hexamod:ShieldOfDarkness","hexamod:Firestarter","hexamod:NightmareGuise"],"picked":"hexamod:AdvancingGuard+1","floor":26.0},{"not_picked":["hexamod:NightmareStrike","hexamod:ChargedBarrage","hexamod:AdvancingGuard","hexamod:ThirdSeal"],"picked":"SKIP","floor":28.0},{"not_picked":["hexamod:Again","hexamod:RainOfEmbers","hexamod:BurningTouch+1","hexamod:NightmareStrike"],"picked":"SKIP","floor":29.0},{"not_picked":["hexamod:SpectersWail","hexamod:BacktrackSmack","hexamod:GhostShield+1","hexamod:EtherealExpedition"],"picked":"SKIP","floor":30.0},{"not_picked":["hexamod:Rewind","hexamod:Firestarter","hexamod:NightmareStrike"],"picked":"hexamod:RetreatToShadows","floor":31.0},{"not_picked":["hexamod:Hexaguard","hexamod:GhostShield+1","hexamod:RainOfEmbers"],"picked":"hexamod:HexaLevel","floor":32.0},{"not_picked":["hexamod:TurnItUp","hexamod:GhostflameInferno","hexamod:WildfireWeapon"],"picked":"hexamod:VolcanoVisage","floor":33.0},{"not_picked":["hexamod:AdvancingGuard","hexamod:GhostLash","hexamod:InspiringFlames"],"picked":"hexamod:PhantomCloak+1","floor":36.0},{"not_picked":["hexamod:ExtraCrispy","hexamod:Hexaguard+1","hexamod:RainOfEmbers+1","hexamod:BacktrackSmack+1"],"picked":"SKIP","floor":37.0},{"not_picked":["hexamod:GhostShield+1","hexamod:CatchUp+1","hexamod:SkipABeat"],"picked":"hexamod:FastForward+1","floor":38},{"not_picked":["hexamod:PhantomFireball","hexamod:BacktrackSmack","hexamod:Firestarter","hexamod:AdvancingGuard"],"picked":"SKIP","floor":39},{"not_picked":["hexamod:AdvancingGuard","hexamod:InspiringFlames","hexamod:BurningTouch+1"],"picked":"hexamod:HexaLevel","floor":43}],"player_experience":225538,"relics_obtained":[{"floor":7.0,"key":"Shuriken"},{"floor":13.0,"key":"Blue Candle"},{"floor":21.0,"key":"StoneCalendar"},{"floor":21.0,"key":"Meat on the Bone"},{"floor":24.0,"key":"Question Card"},{"floor":24.0,"key":"Bronze Scales"},{"floor":40,"key":"Turnip"},{"floor":41,"key":"hexamod:MatchstickCase"},{"floor":41,"key":"Regal Pillow"}],"event_choices":[{"damage_healed":0.0,"max_hp_gain":0.0,"max_hp_loss":0.0,"gold_gain":0.0,"event_name":"Scrap Ooze","player_choice":"Success","floor":3.0,"gold_loss":0.0,"damage_taken":3.0,"relics_obtained":["Ancient Tea Set"]},{"damage_healed":0.0,"max_hp_gain":0.0,"max_hp_loss":0.0,"gold_gain":0.0,"event_name":"Lab","player_choice":"Got Potions","floor":23.0,"gold_loss":0.0,"damage_taken":0.0},{"damage_healed":0,"gold_gain":0,"player_choice":"Forge","damage_taken":0,"max_hp_gain":0,"max_hp_loss":0,"event_name":"Accursed Blacksmith","floor":42,"gold_loss":0,"cards_upgraded":["hexamod:VolcanoVisage"]},{"damage_healed":0,"gold_gain":0,"player_choice":"Ignored","damage_taken":0,"max_hp_gain":0,"max_hp_loss":0,"event_name":"NoteForYourself","floor":46,"gold_loss":0}],"is_beta":false,"boss_relics":[{"not_picked":["Philosopher\u0027s Stone","Fusion Hammer"],"picked":"Black Star"},{"not_picked":["Pandora\u0027s Box","Runic Pyramid"],"picked":"SacredBark"}],"items_purged_floors":[],"is_endless":false,"potions_floor_spawned":[5,8,12,14,15,16,19,20,28,30,31,36,38,43],"killed_by":"Reptomancer","ascension_level":0}}