{"host":"3y2rtlgteqp2nuo3","time":1610621806,"event":{"mods":["2.2 Compatiblity","AchievementEnabler","BaseMod","Colored Map","DeckTracker","Highlight Path","Keyboard Shortcuts","Minty Spire (QoL Compilation)","Permanent Neow","Quick Restart","StSLib","SuperFastMode","everything is the same but u backflip on backflip"],"gold_per_floor":[113,124,136,149,6,35,54,54,128,128,53,68,97,157,169,181,181],"floor_reached":16,"language":"KOR","playtime":336,"items_purged":["Strike_R"],"score":151,"play_id":"f39937c8-2745-4801-b748-e8a0bd8e9578","local_time":"20210114195646","is_ascension_mode":true,"campfire_choices":[{"data":"Bash","floor":8.0,"key":"SMITH"},{"data":"Immolate","floor":10.0,"key":"SMITH"},{"data":"Second Wind","floor":15.0,"key":"SMITH"}],"circlet_count":0,"master_deck":["Strike_R","Strike_R","Strike_R","Defend_R","Defend_R","Defend_R","Defend_R","Bash+1","Wild Strike","Fire Breathing","Shrug It Off","Immolate+1","Spot Weakness","Whirlwind","Second Wind+1"],"relics":["Burning Blood","Potion Belt","FossilizedHelix","MawBank"],"acts_visited":["Exordium"],"potions_floor_usage":[16,16],"damage_taken":[{"damage":11.0,"enemies":"Jaw Worm","floor":1.0,"turns":7.0},{"damage":1.0,"enemies":"2 Louse","floor":2.0,"turns":3.0},{"damage":1.0,"enemies":"Small Slimes","floor":3.0,"turns":4.0},{"damage":28.0,"enemies":"Exordium Thugs","floor":4.0,"turns":5.0},{"damage":20.0,"enemies":"3 Sentries","floor":6.0,"turns":4.0},{"damage":0.0,"enemies":"2 Fungi Beasts","floor":7.0,"turns":3.0},{"damage":16.0,"enemies":"Blue Slaver","floor":12.0,"turns":4.0},{"damage":8.0,"enemies":"Gremlin Nob","floor":13.0,"turns":3.0},{"damage":10.0,"enemies":"3 Sentries","floor":14.0,"turns":4.0},{"damage":53,"enemies":"The Guardian","floor":16,"turns":7}],"seed_played":"-4465163855065257211","potions_obtained":[{"floor":1.0,"key":"DuplicationPotion"},{"floor":3.0,"key":"PowerPotion"},{"floor":6.0,"key":"Block Potion"},{"floor":12.0,"key":"LiquidBronze"},{"floor":14.0,"key":"Regen Potion"}],"is_trial":false,"path_per_floor":["M","M","M","M","$","E","M","R","T","R","$","M","E","?","R","B"],"character_chosen":"IRONCLAD","items_purchased":["Immolate"],"campfire_rested":0,"item_purchase_floors":[5],"current_hp_per_floor":[67,72,77,55,55,41,47,47,47,47,47,37,35,31,31,0,0],"gold":181,"neow_bonus":"REMOVE_CARD","is_daily":false,"chose_seed":false,"campfire_upgraded":3,"win_rate":0.0,"timestamp":1610621806,"path_taken":["M","M","M","M","$","E","M","R","T","R","$","M","E","?","R","BOSS"],"items_purchased_type":["Card"],"build_version":"2020-12-22","purchased_purges":1,"victory":false,"max_hp_per_floor":[80,80,80,80,80,80,80,80,80,80,80,80,80,80,80,80,80],"card_choices":[{"not_picked":["Dual Wield","Seeing Red"],"picked":"Wild Strike","floor":1.0},{"not_picked":["Perfected Strike","Clash"],"picked":"Fire Breathing","floor":2.0},{"not_picked":["Cleave","Iron Wave"],"picked":"Shrug It Off","floor":3.0},{"not_picked":["Clash","Sentinel","Warcry"],"picked":"SKIP","floor":4.0},{"not_picked":["Flex","Twin Strike","Pummel"],"picked":"SKIP","floor":6.0},{"not_picked":["Corruption","Flex"],"picked":"Spot Weakness","floor":7.0},{"not_picked":["Cleave","Rupture","Iron Wave"],"picked":"SKIP","floor":12.0},{"not_picked":["Bloodletting","Havoc"],"picked":"Whirlwind","floor":13.0},{"not_picked":["Rupture","Headbutt"],"picked":"Second Wind","floor":14.0}],"player_experience":691336,"relics_obtained":[{"floor":6.0,"key":"Potion Belt"},{"floor":13.0,"key":"FossilizedHelix"},{"floor":14.0,"key":"MawBank"}],"event_choices":[{"damage_healed":0.0,"max_hp_gain":0.0,"max_hp_loss":0.0,"gold_gain":0.0,"event_name":"Dead Adventurer","player_choice":"Searched \u00271\u0027 times","floor":14.0,"gold_loss":0.0,"damage_taken":0.0}],"is_beta":false,"boss_relics":[],"items_purged_floors":[11],"is_endless":false,"potions_floor_spawned":[1,3,6,12,14],"killed_by":"The Guardian","ascension_level":7}}