{"host":"x52zk6e1f2bye2h7","time":1610656916,"event":{"mods":["AchievementEnabler","BaseMod","Highlight Path","Minty Spire (QoL Compilation)","everything is the same but u backflip on backflip"],"gold_per_floor":[116,129,129,59,78,78,105,125,196,230,230,230,230,246,246,246,246],"floor_reached":16,"language":"ENG","playtime":732,"items_purged":[],"score":116,"play_id":"6669b010-ce56-47c1-9f1d-882061ec3bc4","local_time":"20210114204156","is_ascension_mode":true,"campfire_choices":[{"data":"Footwork","floor":6,"key":"SMITH"},{"data":"Blade Dance","floor":11,"key":"SMITH"},{"floor":15,"key":"REST"}],"circlet_count":0,"master_deck":["Strike_G","Strike_G","Strike_G+1","Defend_G","Defend_G","Defend_G","Defend_G","Defend_G+1","Survivor","Neutralize","Blade Dance","Footwork+1","Quick Slash","Blade Dance+1","Backstab","Die Die Die"],"relics":["Ring of the Snake","Ice Cream","Tiny Chest"],"acts_visited":["Exordium"],"potions_floor_usage":[7,10],"damage_taken":[{"damage":2,"enemies":"Small Slimes","floor":1,"turns":4},{"damage":0,"enemies":"2 Louse","floor":2,"turns":2},{"damage":0,"enemies":"Jaw Worm","floor":5,"turns":4},{"damage":24,"enemies":"Lagavulin","floor":7,"turns":10},{"damage":9,"enemies":"Exordium Thugs","floor":8,"turns":4},{"damage":6,"enemies":"Gremlin Nob","floor":10,"turns":3},{"damage":0,"enemies":"3 Louse","floor":14,"turns":1},{"damage":39,"enemies":"Hexaghost","floor":16,"turns":11}],"seed_played":"-4561371783964856267","potions_obtained":[{"floor":1,"key":"Swift Potion"},{"floor":8,"key":"SteroidPotion"}],"is_trial":false,"path_per_floor":["M","M","?","$","M","R","E","M","T","E","R","?","?","M","R","B"],"character_chosen":"THE_SILENT","items_purchased":["Footwork"],"campfire_rested":1,"item_purchase_floors":[4],"current_hp_per_floor":[75,75,68,68,68,68,44,35,35,29,29,29,14,14,37,0,0],"gold":246,"neow_bonus":"TEN_PERCENT_HP_BONUS","is_daily":false,"chose_seed":false,"campfire_upgraded":2,"win_rate":0.0,"timestamp":1610656916,"path_taken":["M","M","?","$","M","R","E","M","T","E","R","?","?","M","R","BOSS"],"items_purchased_type":["Card"],"build_version":"2020-12-22","purchased_purges":0,"victory":false,"max_hp_per_floor":[77,77,77,77,77,77,77,77,77,77,77,77,77,77,77,77,77],"card_choices":[{"not_picked":["Calculated Gamble","Flying Knee"],"picked":"Blade Dance","floor":1},{"not_picked":["Predator","Bane","Deadly Poison"],"picked":"SKIP","floor":2},{"not_picked":["Deflect","Riddle With Holes"],"picked":"Quick Slash","floor":5},{"not_picked":["Poisoned Stab","Bouncing Flask"],"picked":"Blade Dance","floor":7},{"not_picked":["Blade Dance","Caltrops","Slice"],"picked":"SKIP","floor":8},{"not_picked":["Dash","Bouncing Flask"],"picked":"Backstab","floor":10},{"not_picked":["Flechettes","Predator","Backstab"],"picked":"SKIP","floor":14}],"player_experience":91766,"relics_obtained":[{"floor":7,"key":"Ice Cream"},{"floor":10,"key":"Tiny Chest"}],"event_choices":[{"cards_removed":["Strike_G"],"damage_healed":0,"gold_gain":0,"player_choice":"Card Removal","damage_taken":7,"max_hp_gain":0,"max_hp_loss":0,"event_name":"Golden Wing","floor":3,"gold_loss":0},{"damage_healed":0,"gold_gain":0,"cards_transformed":["Strike_G"],"player_choice":"Change","damage_taken":0,"max_hp_gain":0,"max_hp_loss":0,"event_name":"Living Wall","floor":12,"gold_loss":0,"cards_obtained":["Die Die Die"]},{"damage_healed":0,"gold_gain":0,"player_choice":"Entered Light","damage_taken":15,"max_hp_gain":0,"max_hp_loss":0,"event_name":"Shining Light","floor":13,"gold_loss":0,"cards_upgraded":["Defend_G","Strike_G"]}],"is_beta":false,"boss_relics":[],"items_purged_floors":[],"is_endless":false,"potions_floor_spawned":[1,8],"killed_by":"Hexaghost","ascension_level":1}}