{"host":"w3q5ijqu8eoknil3","time":1610615232,"event":{"mods":["AchievementEnabler","BaseMod","Block Reminder","Colored Powertips","Curses Come First","Minty Spire (QoL Compilation)","Quick Restart","Relic Stats","StSLib","ojb\u0027s Better Paths Mod","ojb\u0027s Info Mod","slay the spire mod where everything is the same but ironclad has a cowboy hat"],"gold_per_floor":[116,133,152,164,183,183,248,276,276,291,291,291],"floor_reached":11,"language":"ENG","playtime":559,"items_purged":[],"score":146,"play_id":"7995f24d-1a61-490c-ad12-bc5b2f36bae0","local_time":"20210114090712","is_ascension_mode":true,"campfire_choices":[{"floor":6,"key":"REST"}],"circlet_count":0,"master_deck":["AscendersBane","Strike_G","Strike_G","Strike_G","Strike_G","Strike_G","Defend_G","Defend_G","Defend_G","Defend_G","Defend_G","Survivor","Neutralize","Deadly Poison","Skewer","Underhanded Strike","Masterful Stab","Leg Sweep","All Out Attack","Blur","Poisoned Stab"],"relics":["Black Star","Potion Belt","Smiling Mask","TungstenRod","Kunai"],"acts_visited":["Exordium"],"potions_floor_usage":[5,8,11],"damage_taken":[{"damage":13,"enemies":"Cultist","floor":1,"turns":6},{"damage":2,"enemies":"Jaw Worm","floor":2,"turns":5},{"damage":2,"enemies":"Small Slimes","floor":3,"turns":5},{"damage":4,"enemies":"Exordium Thugs","floor":4,"turns":5},{"damage":16,"enemies":"Lots of Slimes","floor":5,"turns":6},{"damage":42,"enemies":"Gremlin Nob","floor":7,"turns":5},{"damage":17,"enemies":"3 Sentries","floor":8,"turns":6},{"damage":0,"enemies":"2 Fungi Beasts","floor":10,"turns":4},{"damage":3,"enemies":"Gremlin Nob","floor":11,"turns":2}],"seed_played":"-8675157232165966755","potions_obtained":[{"floor":3,"key":"Block Potion"},{"floor":4,"key":"FairyPotion"},{"floor":7,"key":"Energy Potion"},{"floor":10,"key":"EssenceOfSteel"}],"is_trial":false,"path_per_floor":["M","M","M","M","M","R","?","E","T","M","E"],"character_chosen":"THE_SILENT","items_purchased":[],"campfire_rested":1,"item_purchase_floors":[],"current_hp_per_floor":[46,44,42,38,22,41,19,2,2,2,0,0],"gold":291,"neow_bonus":"BOSS_RELIC","is_daily":false,"chose_seed":false,"campfire_upgraded":0,"win_rate":0.0,"timestamp":1610615232,"path_taken":["M","M","M","M","?","R","?","E","T","M","E"],"items_purchased_type":[],"build_version":"2020-12-22","purchased_purges":0,"victory":false,"max_hp_per_floor":[66,66,66,66,66,66,66,66,66,66,66,66],"relic_stats":{"counters":[9,44],"Black Star":1,"Kunai":[2],"Smiling Mask":0,"obtain_stats":[{"Potion Belt":7,"Black Star":0,"Kunai":9,"Smiling Mask":8,"TungstenRod":8,"Ring of the Snake":0},{"Potion Belt":6,"Black Star":0,"Kunai":7,"Smiling Mask":7,"TungstenRod":7,"Ring of the Snake":0},{"Potion Belt":32,"Black Star":0,"Kunai":38,"Smiling Mask":38,"TungstenRod":38,"Ring of the Snake":0}],"TungstenRod":1},"card_choices":[{"not_picked":["Underhanded Strike","Catalyst"],"picked":"Deadly Poison","floor":1},{"not_picked":["Bane","Terror"],"picked":"Skewer","floor":2},{"not_picked":["Acrobatics","Quick Slash"],"picked":"Underhanded Strike","floor":3},{"not_picked":["Prepared","Deadly Poison"],"picked":"Masterful Stab","floor":4},{"not_picked":["Choke","Calculated Gamble"],"picked":"Leg Sweep","floor":5},{"not_picked":["Outmaneuver","Deflect"],"picked":"All Out Attack","floor":7},{"not_picked":["Sucker Punch","Distraction"],"picked":"Blur","floor":8},{"not_picked":["Acrobatics","Dodge and Roll"],"picked":"Poisoned Stab","floor":10}],"player_experience":975215,"relics_obtained":[{"floor":7,"key":"Potion Belt"},{"floor":8,"key":"Smiling Mask"},{"floor":8,"key":"TungstenRod"},{"floor":9,"key":"Kunai"}],"event_choices":[{"damage_healed":0,"gold_gain":0,"player_choice":"Searched \u00271\u0027 times","damage_taken":0,"max_hp_gain":0,"max_hp_loss":0,"event_name":"Dead Adventurer","floor":7,"gold_loss":0}],"is_beta":false,"boss_relics":[],"items_purged_floors":[],"is_endless":false,"potions_floor_spawned":[3,4,7,10],"killed_by":"Gremlin Nob","ascension_level":18}}