{"host":"zdhcon9z6t4xbcdl","time":1610630933,"event":{"mods":["BaseMod","Minty Spire (QoL Compilation)"],"gold_per_floor":[116,291,291,52,127,127,154,169,214,225,239,239,259,290,290,388,388,405,421,433,451,451,451,122,147,173,223,238,238,337,357,357,357,357],"floor_reached":33,"language":"ENG","playtime":1994,"items_purged":["Strike_B","Strike_B"],"score":317,"play_id":"1f9cc30a-b270-46fa-9547-7dad6d5901a0","local_time":"20210114132853","is_ascension_mode":true,"campfire_choices":[{"data":"Chill","floor":6,"key":"SMITH"},{"data":"Chill","floor":12,"key":"SMITH"},{"floor":15,"key":"REST"},{"floor":23,"key":"REST"},{"floor":29,"key":"RECALL"},{"data":"Biased Cognition","floor":32,"key":"SMITH"}],"circlet_count":0,"master_deck":["Strike_B","Defend_B","Defend_B","Defend_B","Defend_B","Zap","Dualcast","Chill+1","Chill+1","Go for the Eyes","Auto Shields","Redo","Rebound","Self Repair","Beam Cell","Scrape","Defragment","Biased Cognition+1","Ball Lightning","Gash+1","Skim+1","Ball Lightning","Go for the Eyes","Sweeping Beam","Self Repair+1","Cold Snap+1","Gash+1"],"relics":["Cracked Core","NeowsBlessing","Anchor","Ancient Tea Set","Lantern","Philosopher\u0027s Stone","Lee\u0027s Waffle","Gremlin Horn","Smiling Mask"],"acts_visited":["Exordium","TheCity"],"potions_floor_usage":[16,16,33,33],"damage_taken":[{"damage":0,"enemies":"Jaw Worm","floor":1,"turns":1},{"damage":0,"enemies":"3 Sentries","floor":7,"turns":1},{"damage":0,"enemies":"2 Louse","floor":8,"turns":1},{"damage":0,"enemies":"Small Slimes","floor":10,"turns":3},{"damage":0,"enemies":"Red Slaver","floor":11,"turns":4},{"damage":20,"enemies":"Gremlin Gang","floor":13,"turns":6},{"damage":23,"enemies":"Lagavulin","floor":14,"turns":7},{"damage":33,"enemies":"Hexaghost","floor":16,"turns":13},{"damage":13,"enemies":"Chosen","floor":18,"turns":6},{"damage":29,"enemies":"3 Byrds","floor":19,"turns":7},{"damage":39,"enemies":"3 Cultists","floor":20,"turns":8},{"damage":13,"enemies":"Snake Plant","floor":21,"turns":5},{"damage":41,"enemies":"Gremlin Leader","floor":25,"turns":6},{"damage":1,"enemies":"Snecko","floor":28,"turns":6},{"damage":6,"enemies":"Shelled Parasite and Fungi","floor":31,"turns":7},{"damage":105,"enemies":"Automaton","floor":33,"turns":12}],"seed_played":"-3781724432287511927","potions_obtained":[{"floor":1,"key":"Energy Potion"},{"floor":7,"key":"Weak Potion"},{"floor":16,"key":"FocusPotion"},{"floor":20,"key":"GamblersBrew"},{"floor":21,"key":"SkillPotion"}],"is_trial":false,"path_per_floor":["M","?","?","$","?","R","E","M","T","M","M","R","M","E","R","B",null,"M","M","M","M","?","R","$","E","T","T","M","R","?","M","R","B"],"character_chosen":"DEFECT","items_purchased":["Chill","Go for the Eyes","Auto Shields","Go for the Eyes","Sweeping Beam","Lee\u0027s Waffle"],"campfire_rested":2,"item_purchase_floors":[4,4,4,24,24,24],"current_hp_per_floor":[75,75,75,75,68,68,68,68,68,68,75,75,62,46,68,35,75,69,47,15,9,9,31,82,41,41,41,57,57,57,68,68,0,0],"gold":357,"neow_bonus":"THREE_ENEMY_KILL","is_daily":false,"chose_seed":false,"campfire_upgraded":3,"win_rate":0.0,"timestamp":1610630933,"path_taken":["M","?","?","?","?","R","E","M","T","?","M","R","M","E","R","BOSS","M","?","M","M","?","R","$","E","T","?","M","R","?","M","R","BOSS"],"items_purchased_type":["Card","Card","Card","Card","Card","Relic"],"build_version":"2020-12-22","purchased_purges":2,"victory":false,"max_hp_per_floor":[75,75,75,75,75,75,75,75,75,75,75,75,75,75,75,75,75,75,75,75,75,75,75,82,82,82,82,82,82,82,82,82,82,82],"card_choices":[{"not_picked":["Leap","White Noise"],"picked":"Chill","floor":1},{"not_picked":["Fusion","Streamline"],"picked":"Redo","floor":7},{"not_picked":["Stack","Coolheaded"],"picked":"Rebound","floor":8},{"not_picked":["Chaos","Hello World"],"picked":"Self Repair","floor":10},{"not_picked":["Reinforced Body","Hologram"],"picked":"Beam Cell","floor":11},{"not_picked":["Ball Lightning","Sweeping Beam"],"picked":"Scrape","floor":13},{"not_picked":["Tempest","Sweeping Beam"],"picked":"Defragment","floor":14},{"not_picked":["Hyperbeam","Seek"],"picked":"Biased Cognition","floor":16},{"not_picked":["Leap","Rebound"],"picked":"Ball Lightning","floor":18},{"not_picked":["Compile Driver","Undo+1"],"picked":"Gash+1","floor":19},{"not_picked":["Turbo","Hello World"],"picked":"Skim+1","floor":20},{"not_picked":["Leap","Steam"],"picked":"Ball Lightning","floor":21},{"not_picked":["Lockon","Reprogram"],"picked":"Self Repair+1","floor":25},{"not_picked":["Redo","Reprogram"],"picked":"Cold Snap+1","floor":28},{"not_picked":["Hologram","Self Repair"],"picked":"Gash+1","floor":31}],"player_experience":47987,"relics_obtained":[{"floor":7,"key":"Anchor"},{"floor":9,"key":"Ancient Tea Set"},{"floor":14,"key":"Lantern"},{"floor":25,"key":"Gremlin Horn"},{"floor":27,"key":"Smiling Mask"}],"event_choices":[{"damage_healed":0,"gold_gain":175,"player_choice":"AGREE","damage_taken":0,"max_hp_gain":0,"max_hp_loss":0,"event_name":"Liars Game","floor":2,"gold_loss":0,"cards_obtained":["Doubt"]},{"cards_removed":["Doubt"],"damage_healed":0,"gold_gain":0,"player_choice":"Forget","damage_taken":0,"max_hp_gain":0,"max_hp_loss":0,"event_name":"Living Wall","floor":3,"gold_loss":0},{"damage_healed":0,"gold_gain":75,"player_choice":"Touch","damage_taken":7,"max_hp_gain":0,"max_hp_loss":0,"event_name":"FaceTrader","floor":5,"gold_loss":0},{"cards_removed":["Strike_B"],"damage_healed":0,"gold_gain":0,"player_choice":"Elegance","damage_taken":0,"max_hp_gain":0,"max_hp_loss":0,"event_name":"Back to Basics","floor":22,"gold_loss":0},{"damage_healed":0,"gold_gain":99,"player_choice":"Stole From Cult","damage_taken":0,"max_hp_gain":0,"max_hp_loss":0,"event_name":"Nest","floor":30,"gold_loss":0}],"is_beta":false,"boss_relics":[{"not_picked":["Snecko Eye","SlaversCollar"],"picked":"Philosopher\u0027s Stone"}],"items_purged_floors":[4,24],"is_endless":false,"potions_floor_spawned":[1,7,16,20,21],"killed_by":"Automaton","ascension_level":1}}