{"host":"dw8ij7emqco3quom","time":1610666310,"event":{"mods":["BaseMod","Minty Spire (QoL Compilation)"],"gold_per_floor":[116,116,116,116,134,160,160,175,175,188,188,188,213,231,231,328,328,338,348,348,348,359,359,359],"floor_reached":23,"language":"FRA","playtime":919,"items_purged":[],"score":241,"play_id":"edc2058b-0427-4e14-9ed9-3dacfef576e0","local_time":"20210115001830","is_ascension_mode":true,"campfire_choices":[{"floor":7.0,"key":"REST"},{"floor":12.0,"key":"REST"},{"floor":15.0,"key":"REST"}],"circlet_count":0,"master_deck":["Strike_B+1","Strike_B","Strike_B","Defend_B","Defend_B","Defend_B","Defend_B","Zap","Dualcast","Sweeping Beam","Ball Lightning","Lockon","Beam Cell+1","Gash","Biased Cognition+1","Leap","Echo Form+1","Undo","Decay","Biased Cognition+1"],"relics":["Cracked Core","Letter Opener","The Courier","Frozen Egg 2","Whetstone"],"acts_visited":["Exordium","TheCity"],"potions_floor_usage":[],"damage_taken":[{"damage":0.0,"enemies":"Small Slimes","floor":1.0,"turns":2.0},{"damage":7.0,"enemies":"Jaw Worm","floor":5.0,"turns":3.0},{"damage":40.0,"enemies":"3 Sentries","floor":6.0,"turns":5.0},{"damage":0.0,"enemies":"2 Louse","floor":8.0,"turns":2.0},{"damage":13.0,"enemies":"Large Slime","floor":10.0,"turns":5.0},{"damage":20.0,"enemies":"Lagavulin","floor":13.0,"turns":4.0},{"damage":3.0,"enemies":"Blue Slaver","floor":14.0,"turns":2.0},{"damage":27.0,"enemies":"The Guardian","floor":16.0,"turns":12.0},{"damage":12.0,"enemies":"3 Byrds","floor":18.0,"turns":4.0},{"damage":39.0,"enemies":"2 Thieves","floor":19.0,"turns":3.0},{"damage":70.0,"enemies":"Shelled Parasite and Fungi","floor":22.0,"turns":7.0},{"damage":3,"enemies":"Book of Stabbing","floor":23,"turns":2}],"seed_played":"-3269959465689286693","potions_obtained":[{"floor":0.0,"key":"SneckoOil"},{"floor":0.0,"key":"FairyPotion"},{"floor":0.0,"key":"PotionOfCapacity"},{"floor":6.0,"key":"FearPotion"},{"floor":10.0,"key":"AttackPotion"},{"floor":13.0,"key":"Dexterity Potion"},{"floor":22.0,"key":"PotionOfCapacity"}],"is_trial":false,"path_per_floor":["M","?","?","?","M","E","R","M","T","M","?","R","E","M","R","B",null,"M","M","?","?","M","E"],"character_chosen":"DEFECT","items_purchased":[],"campfire_rested":3,"item_purchase_floors":[],"current_hp_per_floor":[75,75,68,56,49,9,31,31,31,18,18,40,20,17,39,12,75,63,24,24,49,2,0,0],"gold":359,"neow_bonus":"THREE_SMALL_POTIONS","is_daily":false,"chose_seed":false,"campfire_upgraded":0,"win_rate":0.0,"timestamp":1610666310,"path_taken":["M","?","?","?","M","E","R","M","T","?","?","R","E","M","R","BOSS","M","M","?","?","M","E"],"items_purchased_type":[],"build_version":"2020-12-22","purchased_purges":0,"victory":false,"max_hp_per_floor":[75,75,75,75,75,75,75,75,75,75,75,75,75,75,75,75,75,75,75,75,75,75,75,75],"card_choices":[{"not_picked":["Recycle","Meteor Strike"],"picked":"Sweeping Beam","floor":1.0},{"not_picked":["Beam Cell","Steam"],"picked":"Ball Lightning","floor":5.0},{"not_picked":["Compile Driver","Sweeping Beam"],"picked":"Lockon","floor":6.0},{"not_picked":["Compile Driver","Hologram"],"picked":"Beam Cell","floor":8.0},{"not_picked":["Sweeping Beam","Darkness"],"picked":"Gash","floor":10.0},{"not_picked":["Beam Cell","Ball Lightning"],"picked":"Biased Cognition+1","floor":13.0},{"not_picked":["Go for the Eyes","Coolheaded"],"picked":"Leap","floor":14.0},{"not_picked":["Reboot","Rainbow"],"picked":"Echo Form+1","floor":16.0},{"not_picked":["Hologram","BootSequence"],"picked":"Undo","floor":18.0},{"not_picked":["Ball Lightning","Beam Cell","Compile Driver"],"picked":"SKIP","floor":19.0},{"not_picked":["Cold Snap","Streamline"],"picked":"Biased Cognition+1","floor":22.0}],"player_experience":658852,"relics_obtained":[{"floor":6.0,"key":"The Courier"},{"floor":9.0,"key":"Frozen Egg 2"},{"floor":13.0,"key":"Whetstone"}],"event_choices":[{"damage_healed":0.0,"max_hp_gain":0.0,"max_hp_loss":0.0,"gold_gain":0.0,"event_name":"The Cleric","player_choice":"Leave","floor":2.0,"gold_loss":0.0,"damage_taken":0.0},{"cards_removed":["Strike_B"],"damage_healed":0.0,"max_hp_gain":0.0,"max_hp_loss":0.0,"gold_gain":0.0,"event_name":"Golden Wing","player_choice":"Card Removal","floor":3.0,"gold_loss":0.0,"damage_taken":7.0},{"damage_healed":0.0,"max_hp_gain":0.0,"max_hp_loss":0.0,"gold_gain":0.0,"event_name":"Scrap Ooze","player_choice":"Success","floor":4.0,"gold_loss":0.0,"damage_taken":12.0,"relics_obtained":["Letter Opener"]},{"damage_healed":0.0,"max_hp_gain":0.0,"max_hp_loss":0.0,"gold_gain":0.0,"event_name":"Shining Light","player_choice":"Ignored","floor":11.0,"gold_loss":0.0,"damage_taken":0.0},{"damage_healed":0.0,"max_hp_gain":0.0,"max_hp_loss":0.0,"gold_gain":0.0,"event_name":"Forgotten Altar","player_choice":"Smashed Altar","floor":20.0,"gold_loss":0.0,"damage_taken":0.0,"cards_obtained":["Decay"]},{"damage_healed":25.0,"max_hp_gain":0.0,"max_hp_loss":0.0,"gold_gain":0.0,"event_name":"The Library","player_choice":"Heal","floor":21.0,"gold_loss":0.0,"damage_taken":0.0}],"is_beta":false,"boss_relics":[{"not_picked":["Runic Pyramid","Ectoplasm","FrozenCore"]}],"items_purged_floors":[],"is_endless":false,"potions_floor_spawned":[6,10,13,22],"killed_by":"Book of Stabbing","ascension_level":4}}