{"host":"0jile2yd1dg679g0","time":1610665774,"event":{"mods":["AchievementEnabler","Act Like it!","BaseMod","Better Third Choice","Colored Map","Colored Powertips","Gensokyo","Hermit","Luminous","Marisa????????","Minty Spire (QoL Compilation)","Random Character Button","Spicy Shops","StSLib","The Servant 0.9.4","Transform Curses","Waifu the Spire"],"gold_per_floor":[10,25,25,25,43,43,58,58,58,38,38,38,71,91,91,219,219,238,238,238,252,275,275,290,290,317,16,16,16,16],"floor_reached":29,"language":"ENG","playtime":4637,"items_purged":[],"score":256,"play_id":"9807e6eb-39e9-4644-81bf-793fbb5e144a","local_time":"20210114180934","is_ascension_mode":true,"campfire_choices":[{"data":"The Bomb","floor":6,"key":"SMITH"},{"data":"Eruption","floor":8,"key":"SMITH"},{"data":"ForeignInfluence","floor":11,"key":"SMITH"},{"data":"Collect","floor":15,"key":"SMITH"},{"floor":23,"key":"REST"},{"floor":25,"key":"REST"},{"floor":28,"key":"REST"}],"circlet_count":0,"master_deck":["Strike_P","Strike_P","Strike_P","Defend_P","Defend_P","Defend_P","Defend_P","Eruption+1","Vigilance","The Bomb+1","Prostrate","Consecrate","ForeignInfluence+1","SandsOfTime","DeceiveReality","Collect+1","Ragnarok","Crescendo+1","Prostrate","SandsOfTime+1","Consecrate"],"relics":["PureWater","Golden Idol","Pantograph","Odd Mushroom","Philosopher\u0027s Stone","Gambling Chip","Blood Vial","Ice Cream"],"acts_visited":["Exordium","TheCity"],"potions_floor_usage":[24],"damage_taken":[{"damage":4,"enemies":"Jaw Worm","floor":1,"turns":3},{"damage":1,"enemies":"Cultist","floor":2,"turns":5},{"damage":0,"enemies":"2 Louse","floor":5,"turns":3},{"damage":3,"enemies":"Looter","floor":7,"turns":3},{"damage":1,"enemies":"The Mushroom Lair","floor":13,"turns":3},{"damage":0,"enemies":"Exordium Wildlife","floor":14,"turns":2},{"damage":50,"enemies":"Slime Boss","floor":16,"turns":5},{"damage":23,"enemies":"2 Thieves","floor":18,"turns":4},{"damage":30,"enemies":"Shell Parasite","floor":21,"turns":5},{"damage":6,"enemies":"Snecko","floor":22,"turns":3},{"damage":36,"enemies":"Centurion and Healer","floor":24,"turns":6},{"damage":58,"enemies":"Slavers","floor":29,"turns":3}],"seed_played":"2926400353472164881","potions_obtained":[{"floor":1,"key":"SpeedPotion"},{"floor":7,"key":"BottledMiracle"},{"floor":10,"key":"SteroidPotion"},{"floor":22,"key":"Regen Potion"}],"is_trial":false,"path_per_floor":["M","M","?","?","M","R","M","R","T","?","R","$","?","M","R","B",null,"M","?","?","M","M","R","M","R","T","$","R","E"],"character_chosen":"WATCHER","items_purchased":["Ice Cream"],"campfire_rested":3,"item_purchase_floors":[27],"current_hp_per_floor":[68,67,49,49,49,49,46,46,46,46,46,46,45,45,45,20,72,49,49,49,19,13,34,13,34,34,34,55,0,0],"gold":16,"neow_bonus":"RANDOM_COLORLESS_2","is_daily":false,"chose_seed":false,"campfire_upgraded":4,"win_rate":0.0,"timestamp":1610665774,"path_taken":["M","M","?","?","?","R","M","R","T","?","R","?","?","M","R","BOSS","M","?","?","M","M","R","M","R","T","$","R","E"],"items_purchased_type":["Relic"],"build_version":"2020-12-22","purchased_purges":0,"victory":false,"max_hp_per_floor":[72,72,72,72,72,72,72,72,72,72,72,72,72,72,72,72,72,72,72,72,72,72,72,72,72,72,72,72,72,72],"card_choices":[{"not_picked":["Secret Technique","Thinking Ahead"],"picked":"The Bomb","floor":0},{"not_picked":["FlurryOfBlows","BowlingBash"],"picked":"Prostrate","floor":1},{"not_picked":["TalkToTheHand","WreathOfFlame"],"picked":"Consecrate","floor":2},{"not_picked":["CutThroughFate","EmptyMind"],"picked":"SandsOfTime","floor":5},{"not_picked":["BowlingBash","ThirdEye","FlyingSleeves"],"picked":"SKIP","floor":7},{"not_picked":["ForeignInfluence","Evaluate"],"picked":"DeceiveReality","floor":13},{"not_picked":["Study","PathToVictory"],"picked":"Collect","floor":14},{"not_picked":["Vault","LessonLearned"],"picked":"Ragnarok","floor":16},{"not_picked":["WheelKick","Nirvana"],"picked":"Crescendo+1","floor":18},{"not_picked":["Wireheading+1","Consecrate"],"picked":"SandsOfTime+1","floor":21},{"not_picked":["Tantrum","FlurryOfBlows+1","Evaluate"],"picked":"SKIP","floor":22},{"not_picked":["Adaptation","ThirdEye"],"picked":"Consecrate","floor":24}],"player_experience":291048,"relics_obtained":[{"floor":9,"key":"Pantograph"},{"floor":13,"key":"Odd Mushroom"},{"floor":26,"key":"Blood Vial"}],"event_choices":[{"damage_healed":0,"gold_gain":0,"player_choice":"Take Damage","damage_taken":18,"relics_obtained":["Golden Idol"],"max_hp_gain":0,"max_hp_loss":0,"event_name":"Golden Idol","floor":3,"gold_loss":0},{"damage_healed":0,"gold_gain":0,"cards_transformed":["Strike_P"],"player_choice":"Transformed","damage_taken":0,"max_hp_gain":0,"max_hp_loss":0,"event_name":"Transmorgrifier","floor":4,"gold_loss":0,"cards_obtained":["ForeignInfluence"]},{"damage_healed":0,"gold_gain":0,"player_choice":"Bought 1 Potion","damage_taken":0,"max_hp_gain":0,"max_hp_loss":0,"event_name":"The Woman in Blue","floor":10,"gold_loss":0},{"damage_healed":0,"gold_gain":0,"player_choice":"Fought Mushrooms","damage_taken":0,"max_hp_gain":0,"max_hp_loss":0,"event_name":"Mushrooms","floor":13,"gold_loss":0},{"damage_healed":0,"gold_gain":0,"player_choice":"Opened","damage_taken":0,"relics_obtained":["Gambling Chip"],"max_hp_gain":0,"max_hp_loss":0,"event_name":"The Mausoleum","floor":19,"gold_loss":0},{"damage_healed":0,"gold_gain":0,"player_choice":"Read","damage_taken":0,"max_hp_gain":0,"max_hp_loss":0,"event_name":"The Library","floor":20,"gold_loss":0,"cards_obtained":["Prostrate"]}],"is_beta":false,"boss_relics":[{"not_picked":["Velvet Choker","Empty Cage"],"picked":"Philosopher\u0027s Stone"}],"items_purged_floors":[],"is_endless":false,"potions_floor_spawned":[1,7,22],"killed_by":"Slavers","ascension_level":4}}