{"host":"t0r9wuv4zaiwets7","time":1610599698,"event":{"mods":["AchievementEnabler","BaseMod","Bestiary","Colored Map","Colored Powertips","Highlight Path","Minty Spire (QoL Compilation)","StSLib"],"gold_per_floor":[16,28,40,55,5,30,30,55,55,87,100,100,50,50,50,50,50],"floor_reached":16,"language":"ENG","playtime":825,"items_purged":[],"score":127,"play_id":"54e58f3d-560b-4c43-ace5-d52c12359e6a","local_time":"20210113204818","is_ascension_mode":true,"campfire_choices":[{"data":"Armaments","floor":7,"key":"SMITH"},{"floor":12,"key":"REST"},{"data":"Barricade","floor":15,"key":"SMITH"}],"circlet_count":0,"master_deck":["Strike_R","Strike_R","Strike_R","Strike_R","Defend_R","Defend_R","Defend_R","Defend_R","Bash","Offering","Iron Wave","Armaments+1","Dropkick","Cleave","Flame Barrier","Heavy Blade","Barricade+1","Infernal Blade"],"relics":["Burning Blood","Centennial Puzzle","Odd Mushroom","Paper Frog","FossilizedHelix","FaceOfCleric"],"acts_visited":["Exordium"],"potions_floor_usage":[6,10,11],"damage_taken":[{"damage":8,"enemies":"Jaw Worm","floor":1,"turns":4},{"damage":7,"enemies":"Small Slimes","floor":2,"turns":3},{"damage":6,"enemies":"Cultist","floor":3,"turns":4},{"damage":6,"enemies":"2 Fungi Beasts","floor":4,"turns":5},{"damage":31,"enemies":"3 Sentries","floor":6,"turns":8},{"damage":7,"enemies":"The Mushroom Lair","floor":8,"turns":5},{"damage":37,"enemies":"Lagavulin","floor":10,"turns":7},{"damage":6,"enemies":"Large Slime","floor":11,"turns":2},{"damage":54,"enemies":"Hexaghost","floor":16,"turns":11}],"seed_played":"-795523940384936426","potions_obtained":[{"floor":3,"key":"FearPotion"},{"floor":4,"key":"Fruit Juice"},{"floor":6,"key":"LiquidMemories"},{"floor":10,"key":"DistilledChaos"}],"is_trial":false,"path_per_floor":["M","M","M","M","$","E","R","?","T","E","M","R","?","?","R","B"],"character_chosen":"IRONCLAD","items_purchased":["BloodPotion"],"campfire_rested":1,"item_purchase_floors":[5],"current_hp_per_floor":[78,77,77,77,77,57,57,56,56,25,25,50,50,50,50,0,0],"gold":50,"neow_bonus":"THREE_RARE_CARDS","is_daily":false,"chose_seed":false,"campfire_upgraded":2,"win_rate":0.0,"timestamp":1610599698,"path_taken":["M","M","M","M","$","E","R","?","T","E","M","R","?","?","R","BOSS"],"items_purchased_type":["Potion"],"build_version":"2020-12-22","purchased_purges":0,"victory":false,"max_hp_per_floor":[80,80,80,80,80,85,85,85,85,85,85,85,85,85,85,85,85],"card_choices":[{"not_picked":["Limit Break","Corruption"],"picked":"Offering","floor":0},{"not_picked":["Cleave","Pommel Strike"],"picked":"Iron Wave","floor":1},{"not_picked":["Flame Barrier","Blood for Blood"],"picked":"Armaments","floor":2},{"not_picked":["Warcry","Twin Strike"],"picked":"Dropkick","floor":3},{"not_picked":["Dark Embrace","Feel No Pain"],"picked":"Cleave","floor":4},{"not_picked":["Havoc","Carnage"],"picked":"Flame Barrier","floor":6},{"not_picked":["Havoc","Sentinel"],"picked":"Heavy Blade","floor":8},{"not_picked":["Combust","Battle Trance"],"picked":"Barricade","floor":10},{"not_picked":["Heavy Blade","Pommel Strike"],"picked":"Infernal Blade","floor":11}],"player_experience":160483,"relics_obtained":[{"floor":6,"key":"Centennial Puzzle"},{"floor":8,"key":"Odd Mushroom"},{"floor":9,"key":"Paper Frog"},{"floor":10,"key":"FossilizedHelix"}],"event_choices":[{"damage_healed":0,"gold_gain":0,"player_choice":"Fought Mushrooms","damage_taken":0,"max_hp_gain":0,"max_hp_loss":0,"event_name":"Mushrooms","floor":8,"gold_loss":0},{"cards_removed":["Strike_R"],"damage_healed":0,"gold_gain":0,"player_choice":"Card Removal","damage_taken":0,"max_hp_gain":0,"max_hp_loss":0,"event_name":"The Cleric","floor":13,"gold_loss":50},{"damage_healed":0,"gold_gain":0,"player_choice":"Trade","damage_taken":0,"relics_obtained":["FaceOfCleric"],"max_hp_gain":0,"max_hp_loss":0,"event_name":"FaceTrader","floor":14,"gold_loss":0}],"is_beta":false,"boss_relics":[],"items_purged_floors":[],"is_endless":false,"potions_floor_spawned":[3,4,6,10],"killed_by":"Hexaghost","ascension_level":3}}