{"host":"pl1fbpkom0aq337f","time":1610624468,"event":{"mods":["AchievementEnabler","BaseMod","Colored Map","Minty Spire (QoL Compilation)"],"gold_per_floor":[114,114,114,114,67,80,112,112,127,127,127,127,1,0,18,18,45,63,63,63,136,136,153,153,163,183,123,123,123,123,150,150,150,150,150,181,181,214,214,234,252,252,252,324,324,342,361,371,371,153,186,186,186,186],"floor_reached":53,"language":"ENG","playtime":2321,"items_purged":["Strike_R"],"score":1148,"play_id":"2db224d2-4aab-4433-b6fd-541d3b91063d","local_time":"20210114124108","is_ascension_mode":true,"campfire_choices":[{"data":"Armaments","floor":8.0,"key":"SMITH"},{"floor":11.0,"key":"REST"},{"floor":16.0,"key":"REST"},{"data":"Shrug It Off","floor":19.0,"key":"SMITH"},{"floor":20.0,"key":"REST"},{"floor":28.0,"key":"REST"},{"floor":35.0,"key":"REST"},{"floor":39.0,"key":"REST"},{"data":"Regret","floor":42.0,"key":"PURGE"},{"data":"Pain","floor":43.0,"key":"PURGE"}],"circlet_count":0,"master_deck":["AscendersBane","Bash","Sword Boomerang","Fire Breathing","Armaments+1","Uppercut","Shockwave","Havoc","Immolate+1","Warcry","Shrug It Off+1","Immolate+1","Seeing Red","Iron Wave+1","Evolve","True Grit","Headbutt+1","Feed+1","True Grit","Feel No Pain+1","Feel No Pain+1","Feed+1","Impervious","Body Slam+1","Offering","Headbutt+1","Corruption+1","True Grit","Intimidate","Flame Barrier","Body Slam+1","Shockwave","Sentinel+1","Entrench"],"relics":["Empty Cage","Question Card","The Courier","Charon\u0027s Ashes","Molten Egg 2","Prayer Wheel","Cursed Key","Pear","InkBottle","Frozen Egg 2","Champion Belt","Peace Pipe","Pandora\u0027s Box","Self Forming Clay","Bronze Scales","Shuriken"],"acts_visited":["Exordium","TheCity","TheBeyond"],"potions_floor_usage":[],"damage_taken":[{"damage":7.0,"enemies":"Small Slimes","floor":1.0,"turns":3.0},{"damage":4.0,"enemies":"Jaw Worm","floor":6.0,"turns":4.0},{"damage":24.0,"enemies":"3 Sentries","floor":7.0,"turns":5.0},{"damage":9.0,"enemies":"2 Louse","floor":9.0,"turns":3.0},{"damage":11.0,"enemies":"Blue Slaver","floor":15.0,"turns":3.0},{"damage":24.0,"enemies":"Gremlin Nob","floor":17.0,"turns":4.0},{"damage":0.0,"enemies":"Lots of Slimes","floor":18.0,"turns":1.0},{"damage":39.0,"enemies":"The Guardian","floor":21.0,"turns":12.0},{"damage":25.0,"enemies":"Spheric Guardian","floor":23.0,"turns":4.0},{"damage":11.0,"enemies":"2 Thieves","floor":25.0,"turns":2.0},{"damage":0.0,"enemies":"3 Cultists","floor":26.0,"turns":2.0},{"damage":29.0,"enemies":"Gremlin Leader","floor":31.0,"turns":5.0},{"damage":21.0,"enemies":"Slavers","floor":36.0,"turns":3.0},{"damage":18.0,"enemies":"Book of Stabbing","floor":38.0,"turns":4.0},{"damage":4.0,"enemies":"Sentry and Sphere","floor":40.0,"turns":4.0},{"damage":6.0,"enemies":"Centurion and Healer","floor":41.0,"turns":6.0},{"damage":20.0,"enemies":"Champ","floor":44.0,"turns":13.0},{"damage":17.0,"enemies":"3 Darklings","floor":46.0,"turns":3.0},{"damage":16.0,"enemies":"3 Shapes","floor":47.0,"turns":3.0},{"damage":12.0,"enemies":"Maw","floor":48.0,"turns":8.0},{"damage":18.0,"enemies":"Giant Head","floor":51.0,"turns":8.0},{"damage":24,"enemies":"Reptomancer","floor":53,"turns":2}],"seed_played":"1439412605362481383","potions_obtained":[{"floor":1.0,"key":"BlessingOfTheForge"},{"floor":17.0,"key":"FairyPotion"},{"floor":18.0,"key":"SkillPotion"},{"floor":21.0,"key":"PowerPotion"},{"floor":23.0,"key":"PowerPotion"},{"floor":38.0,"key":"DuplicationPotion"},{"floor":47.0,"key":"Strength Potion"},{"floor":48.0,"key":"SkillPotion"}],"is_trial":false,"path_per_floor":["M","?","?","?","$","M","E","R","M","M","R","T","$","?","M","R","E","M","R","R","B",null,"M","?","M","M","$","R","?","$","E","T","T","?","R","E","?","E","R","M","M","R","R","B",null,"M","M","M","?","$","E","?","E"],"character_chosen":"IRONCLAD","items_purchased":["Sword Boomerang","Reckless Charge+1","Shockwave","Self Forming Clay"],"campfire_rested":6,"item_purchase_floors":[5,13,13,50],"current_hp_per_floor":[61,61,54,43,43,39,15,15,6,6,28,28,28,28,17,39,15,15,15,37,22,62,37,37,26,26,26,48,48,48,29,29,29,16,41,20,20,2,27,27,25,25,25,9,75,62,46,34,34,34,20,20,0,0],"gold":186,"neow_bonus":"BOSS_RELIC","is_daily":false,"chose_seed":false,"campfire_upgraded":2,"win_rate":0.0,"timestamp":1610624468,"path_taken":["M","?","?","?","$","M","E","R","M","?","R","T","$","?","M","R","E","M","R","R","BOSS","M","?","M","M","$","R","?","$","E","T","T","?","R","E","?","E","R","M","M","R","R","BOSS","M","M","M","?","$","E","?","E"],"items_purchased_type":["Card","Card","Card","Relic"],"build_version":"2020-12-22","purchased_purges":1,"victory":false,"max_hp_per_floor":[75,75,75,75,75,75,75,75,75,75,75,75,75,75,75,75,75,75,75,75,75,75,75,75,75,75,75,75,75,75,85,85,85,85,85,85,85,85,85,89,93,93,93,97,97,101,101,101,101,101,105,105,105,105],"card_choices":[{"not_picked":["Rage","Havoc","Iron Wave"],"picked":"SKIP","floor":1.0},{"not_picked":["Twin Strike","Sword Boomerang","Clothesline"],"picked":"Fire Breathing","floor":6.0},{"not_picked":["Clash","Perfected Strike","Second Wind"],"picked":"Armaments","floor":7.0},{"not_picked":["Rupture","Clash","Sentinel"],"picked":"Uppercut","floor":9.0},{"not_picked":["Reckless Charge+1","Flex","Armaments"],"picked":"Havoc","floor":15.0},{"not_picked":["Body Slam+1","True Grit","Rage"],"picked":"Immolate+1","floor":17.0},{"not_picked":["Cleave+1","Clash+1","Thunderclap+1"],"picked":"Warcry","floor":18.0},{"not_picked":["Pommel Strike+1","Entrench","Warcry"],"picked":"Shrug It Off","floor":18.0},{"not_picked":["Berserk","Barricade","Brutality"],"picked":"Immolate+1","floor":21.0},{"not_picked":["Perfected Strike+1","Rage","Twin Strike+1"],"picked":"Seeing Red","floor":23.0},{"not_picked":["Anger+1","Clothesline+1","Dropkick+1"],"picked":"Iron Wave+1","floor":23.0},{"not_picked":["Reckless Charge+1","Havoc","Flex"],"picked":"Evolve","floor":25.0},{"not_picked":["Body Slam+1","Havoc","Whirlwind+1"],"picked":"True Grit","floor":25.0},{"not_picked":["Battle Trance","Seeing Red","True Grit"],"picked":"Headbutt+1","floor":26.0},{"not_picked":["Thunderclap+1","Entrench","Combust","Shrug It Off"],"picked":"SKIP","floor":26.0},{"not_picked":["Shockwave","Wild Strike+1","Hemokinesis+1","Rage"],"picked":"SKIP","floor":31.0},{"not_picked":["Uppercut+1","Combust+1","Blood for Blood+1"],"picked":"True Grit","floor":36.0},{"not_picked":["Dual Wield","Sever Soul+1","Pummel+1"],"picked":"Feel No Pain+1","floor":38.0},{"not_picked":["Thunderclap+1","Anger+1","True Grit"],"picked":"Feel No Pain+1","floor":40.0},{"not_picked":["Headbutt+1","Combust+1","Shrug It Off","Heavy Blade+1"],"picked":"SKIP","floor":40.0},{"not_picked":["Sword Boomerang+1","Dropkick+1","Twin Strike+1"],"picked":"Feed+1","floor":41.0},{"not_picked":["Flame Barrier","Clash+1","Pummel+1","Reckless Charge+1"],"picked":"SKIP","floor":41.0},{"not_picked":["Brutality+1","Demon Form+1","Limit Break"],"picked":"Impervious","floor":44.0},{"not_picked":["Rampage+1","Power Through","Anger+1"],"picked":"Flame Barrier","floor":46.0},{"not_picked":["Burning Pact","Bloodletting+1","Cleave+1","Uppercut+1"],"picked":"SKIP","floor":46.0},{"not_picked":["Uppercut+1","Perfected Strike+1","Power Through"],"picked":"Body Slam+1","floor":47.0},{"not_picked":["Metallicize+1","Pommel Strike+1","Shrug It Off"],"picked":"Shockwave","floor":47.0},{"not_picked":["Rampage+1","Inflame+1","Anger+1"],"picked":"Sentinel+1","floor":48.0},{"not_picked":["Sever Soul+1","Cleave+1","Intimidate","Inflame+1"],"picked":"SKIP","floor":48.0},{"not_picked":["Body Slam+1","Cleave+1","Havoc"],"picked":"Entrench","floor":51.0}],"player_experience":464398,"relics_obtained":[{"floor":7.0,"key":"Charon\u0027s Ashes"},{"floor":12.0,"key":"Molten Egg 2"},{"floor":17.0,"key":"Prayer Wheel"},{"floor":31.0,"key":"Pear"},{"floor":32.0,"key":"InkBottle"},{"floor":33.0,"key":"Frozen Egg 2"},{"floor":36.0,"key":"Champion Belt"},{"floor":38.0,"key":"Peace Pipe"},{"floor":51.0,"key":"Bronze Scales"}],"event_choices":[{"damage_healed":0.0,"max_hp_gain":0.0,"max_hp_loss":0.0,"gold_gain":0.0,"event_name":"Big Fish","player_choice":"Box","floor":2.0,"gold_loss":0.0,"damage_taken":0.0,"relics_obtained":["Question Card"],"cards_obtained":["Regret"]},{"cards_removed":["Regret"],"damage_healed":0.0,"max_hp_gain":0.0,"max_hp_loss":0.0,"gold_gain":0.0,"event_name":"Golden Wing","player_choice":"Card Removal","floor":3.0,"gold_loss":0.0,"damage_taken":7.0},{"damage_healed":0.0,"max_hp_gain":0.0,"max_hp_loss":0.0,"gold_gain":0.0,"event_name":"Scrap Ooze","player_choice":"Success","floor":4.0,"gold_loss":0.0,"damage_taken":11.0,"relics_obtained":["The Courier"]},{"damage_healed":0.0,"max_hp_gain":0.0,"max_hp_loss":0.0,"gold_gain":0.0,"event_name":"World of Goop","player_choice":"Left Gold","floor":14.0,"gold_loss":1.0,"damage_taken":0.0},{"damage_healed":0.0,"max_hp_gain":0.0,"max_hp_loss":0.0,"gold_gain":0.0,"event_name":"Beggar","player_choice":"Ignored","floor":24.0,"gold_loss":0.0,"damage_taken":0.0},{"damage_healed":0.0,"max_hp_gain":0.0,"max_hp_loss":0.0,"gold_gain":0.0,"event_name":"The Library","player_choice":"Read","floor":29.0,"gold_loss":0.0,"damage_taken":0.0,"cards_obtained":["Feed"]},{"damage_healed":0.0,"max_hp_gain":0.0,"max_hp_loss":0.0,"gold_gain":0.0,"event_name":"Masked Bandits","player_choice":"Fought Bandits","floor":34.0,"gold_loss":0.0,"damage_taken":0.0},{"damage_healed":0.0,"max_hp_gain":0.0,"max_hp_loss":0.0,"gold_gain":0.0,"event_name":"The Mausoleum","player_choice":"Ignored","floor":37.0,"gold_loss":0.0,"damage_taken":0.0},{"damage_healed":0.0,"max_hp_gain":0.0,"max_hp_loss":0.0,"gold_gain":0.0,"event_name":"Tomb of Lord Red Mask","player_choice":"Ignored","floor":49.0,"gold_loss":0.0,"damage_taken":0.0},{"cards_removed":["Reckless Charge"],"damage_healed":0.0,"max_hp_gain":0.0,"max_hp_loss":0.0,"gold_gain":0.0,"event_name":"WeMeetAgain","player_choice":"Gave Card","floor":52.0,"gold_loss":0.0,"damage_taken":0.0,"relics_obtained":["Shuriken"]}],"is_beta":false,"boss_relics":[{"not_picked":["Tiny House","Calling Bell"],"picked":"Cursed Key"},{"not_picked":["Philosopher\u0027s Stone","Snecko Eye"],"picked":"Pandora\u0027s Box"}],"items_purged_floors":[27],"is_endless":false,"potions_floor_spawned":[1,17,18,21,23,26,38,40,47,48],"killed_by":"Reptomancer","ascension_level":19}}