{"host":"2lo6hma6kymb0g9i","time":1610602978,"event":{"mods":["BaseMod","Colored Map","DeckTracker","Minty Spire (QoL Compilation)"],"gold_per_floor":[115,131,131,131,206,244,244,163,214,229,154,178,199,228,228,324,324,338,263,263,263,188,188,212,212,212,212,291,291,316,336,336,431,431,452,452,465,465,465,465],"floor_reached":39,"language":"JPN","playtime":2404,"items_purged":["Defend_B"],"score":789,"play_id":"974cd926-94e5-4bc0-86d1-256d567fe720","local_time":"20210114144258","is_ascension_mode":true,"campfire_choices":[{"floor":7,"key":"REST"},{"data":"Streamline","floor":15,"key":"SMITH"},{"data":"Defragment","floor":23,"key":"SMITH"},{"data":"Hologram","floor":25,"key":"SMITH"},{"data":"Go for the Eyes","floor":27,"key":"SMITH"},{"floor":32,"key":"REST"}],"circlet_count":0,"master_deck":["AscendersBane","Defend_B","Defend_B","Defend_B","Coolheaded","Streamline+1","Defragment+1","Cold Snap","Cold Snap","Go for the Eyes+1","Heatsinks+1","Rebound+1","FTL+1","Hologram+1","Conserve Battery","Leap+1","Barrage","Core Surge"],"relics":["Cracked Core","NeowsBlessing","Golden Idol","Omamori","Blood Vial","Odd Mushroom","Astrolabe","Prayer Wheel","Blue Candle","SacredBark"],"acts_visited":["Exordium","TheCity","TheBeyond"],"potions_floor_usage":[14,16,24,33,33,39],"damage_taken":[{"damage":0,"enemies":"Jaw Worm","floor":1,"turns":1},{"damage":0,"enemies":"Small Slimes","floor":2,"turns":1},{"damage":0,"enemies":"3 Sentries","floor":6,"turns":2},{"damage":0,"enemies":"2 Louse","floor":10,"turns":2},{"damage":7,"enemies":"Blue Slaver","floor":12,"turns":4},{"damage":3,"enemies":"Exordium Wildlife","floor":13,"turns":3},{"damage":14,"enemies":"The Mushroom Lair","floor":14,"turns":4},{"damage":22,"enemies":"Hexaghost","floor":16,"turns":14},{"damage":27,"enemies":"2 Thieves","floor":18,"turns":4},{"damage":0,"enemies":"3 Byrds","floor":24,"turns":6},{"damage":18,"enemies":"Shelled Parasite and Fungi","floor":30,"turns":8},{"damage":15,"enemies":"Snake Plant","floor":31,"turns":7},{"damage":20,"enemies":"Champ","floor":33,"turns":16},{"damage":12,"enemies":"3 Shapes","floor":35,"turns":16},{"damage":16,"enemies":"Orb Walker","floor":37,"turns":7},{"damage":41,"enemies":"Maw","floor":39,"turns":9}],"seed_played":"-3823942549626019148","potions_obtained":[{"floor":2,"key":"Block Potion"},{"floor":12,"key":"Fire Potion"},{"floor":16,"key":"Strength Potion"},{"floor":18,"key":"Fire Potion"},{"floor":31,"key":"FocusPotion"},{"floor":35,"key":"Energy Potion"},{"floor":37,"key":"Energy Potion"}],"is_trial":false,"path_per_floor":["M","M","?","?","?","E","R","$","T","M","?","M","M","?","R","B",null,"M","?","?","?","$","R","M","R","T","R","T","?","M","M","R","B",null,"M","?","M","?","M"],"character_chosen":"DEFECT","items_purchased":["Defragment"],"campfire_rested":2,"item_purchase_floors":[8],"current_hp_per_floor":[64,64,64,40,29,29,50,50,50,52,52,47,46,34,34,14,57,32,32,32,32,32,32,34,34,34,34,34,34,18,5,26,8,55,45,45,31,31,0,0],"gold":465,"neow_bonus":"THREE_ENEMY_KILL","is_daily":false,"chose_seed":false,"campfire_upgraded":4,"win_rate":0.0,"timestamp":1610602978,"path_taken":["M","M","?","?","?","E","R","?","T","?","?","M","M","?","R","BOSS","M","?","?","?","?","R","M","R","T","R","?","?","M","M","R","BOSS","M","?","M","?","M"],"items_purchased_type":["Card"],"build_version":"2020-12-22","purchased_purges":1,"victory":false,"max_hp_per_floor":[71,71,71,71,71,71,71,71,71,71,71,71,71,71,71,71,71,71,71,71,71,71,71,71,71,71,71,71,71,71,71,71,71,71,71,71,71,71,71,71],"card_choices":[{"not_picked":["Chaos","Consume"],"picked":"Coolheaded","floor":1},{"not_picked":["Genetic Algorithm","Rebound"],"picked":"Streamline","floor":2},{"not_picked":["Double Energy","Rebound","Static Discharge"],"picked":"SKIP","floor":6},{"not_picked":["Sweeping Beam","Steam Power","Loop"],"picked":"SKIP","floor":10},{"not_picked":["Stack","Leap"],"picked":"Cold Snap","floor":12},{"not_picked":["Skim","Beam Cell"],"picked":"Cold Snap","floor":13},{"not_picked":["Compile Driver","Redo"],"picked":"Go for the Eyes","floor":14},{"not_picked":["Gash","Redo","Cold Snap"],"picked":"SKIP","floor":18},{"not_picked":["Streamline","Barrage"],"picked":"Hologram","floor":24},{"not_picked":["Turbo+1","Auto Shields"],"picked":"Conserve Battery","floor":30},{"not_picked":["Sweeping Beam+1","Force Field"],"picked":"Leap+1","floor":30},{"not_picked":["Conserve Battery","Redo"],"picked":"Barrage","floor":31},{"not_picked":["Coolheaded","Hologram","Steam Power"],"picked":"SKIP","floor":31},{"not_picked":["Creative AI","Thunder Strike"],"picked":"Core Surge","floor":33},{"not_picked":["Aggregate+1","Leap","Beam Cell"],"picked":"SKIP","floor":35},{"not_picked":["Rebound","Sweeping Beam+1","Redo+1"],"picked":"SKIP","floor":35},{"not_picked":["Barrage","Rebound+1","Steam Power+1"],"picked":"SKIP","floor":37},{"not_picked":["White Noise","Stack+1","Rebound+1"],"picked":"SKIP","floor":37}],"player_experience":1067478,"relics_obtained":[{"floor":6,"key":"Omamori"},{"floor":9,"key":"Blood Vial"},{"floor":14,"key":"Odd Mushroom"},{"floor":26,"key":"Prayer Wheel"},{"floor":28,"key":"Blue Candle"}],"event_choices":[{"damage_healed":0,"gold_gain":0,"player_choice":"Ignored","damage_taken":0,"max_hp_gain":0,"max_hp_loss":0,"event_name":"Liars Game","floor":3,"gold_loss":0},{"damage_healed":0,"gold_gain":0,"player_choice":"Take Damage","damage_taken":24,"relics_obtained":["Golden Idol"],"max_hp_gain":0,"max_hp_loss":0,"event_name":"Golden Idol","floor":4,"gold_loss":0},{"damage_healed":0,"gold_gain":75,"player_choice":"Gather Gold","damage_taken":11,"max_hp_gain":0,"max_hp_loss":0,"event_name":"World of Goop","floor":5,"gold_loss":0},{"cards_removed":["Strike_B"],"damage_healed":0,"gold_gain":0,"player_choice":"Card Removal","damage_taken":0,"max_hp_gain":0,"max_hp_loss":0,"event_name":"The Cleric","floor":11,"gold_loss":75},{"damage_healed":0,"gold_gain":0,"player_choice":"Fought Mushrooms","damage_taken":0,"max_hp_gain":0,"max_hp_loss":0,"event_name":"Mushrooms","floor":14,"gold_loss":0},{"cards_removed":["Zap"],"damage_healed":0,"gold_gain":0,"player_choice":"Gave Gold","damage_taken":0,"max_hp_gain":0,"max_hp_loss":0,"event_name":"Beggar","floor":19,"gold_loss":75},{"damage_healed":0,"gold_gain":0,"player_choice":"Ignored","damage_taken":0,"max_hp_gain":0,"max_hp_loss":0,"event_name":"The Mausoleum","floor":20,"gold_loss":0},{"damage_healed":0,"gold_gain":0,"player_choice":"Ignored","damage_taken":0,"max_hp_gain":0,"max_hp_loss":0,"event_name":"Cursed Tome","floor":21,"gold_loss":0},{"damage_healed":0,"gold_gain":0,"player_choice":"Ignored","damage_taken":0,"max_hp_gain":0,"max_hp_loss":0,"event_name":"Ghosts","floor":29,"gold_loss":0},{"damage_healed":0,"gold_gain":0,"player_choice":"Ignored","damage_taken":0,"max_hp_gain":0,"max_hp_loss":0,"event_name":"Tomb of Lord Red Mask","floor":36,"gold_loss":0},{"cards_removed":["Dualcast"],"damage_healed":0,"gold_gain":0,"player_choice":"Removed Skill","damage_taken":0,"max_hp_gain":0,"max_hp_loss":0,"event_name":"Falling","floor":38,"gold_loss":0}],"is_beta":false,"boss_relics":[{"not_picked":["Calling Bell","Tiny House"],"picked":"Astrolabe"},{"not_picked":["Snecko Eye","Black Star"],"picked":"SacredBark"}],"items_purged_floors":[22],"is_endless":false,"potions_floor_spawned":[2,12,16,18,31,35,37],"killed_by":"Maw","ascension_level":18}}