{"host":"a97fc7408ew47nx2","time":1610621429,"event":{"mods":["2.2 Compatiblity","AchievementEnabler","Arknights The Spire","Aspiration","BaseMod","Better Match","Better Note","Better Skull","Better Third Choice","BetterRewards","Colored Map","Colored Powertips","Conspire","Defuse TimeMaze Blight","Disable Question Mark Monsters","Dota2Spire","Downfall","Energized Spire","Evolution","Exacting","Fox Events","GifTheSpireLib","Halation","Hubris","Ironclad Rager","Lobotomy","Melee Mod","Minty Spire (QoL Compilation)","Permanent Neow","Poor People Problems","Puzzle Mod","Quarter Circle Forward PUNCH!","RRrroohrrRGHHhhh!!","RatMod","Reorder Act Four","Replay The Spire","Reworked Bosses","SCP261 Mod","Small Relic Pack","Spicy Shops","Spikes Relics","StSLib","Stuff the Spire","The Blue Laboratory","Trackpad","Transform Curses","Virulent Crown","Wandering Minibosses","vexMod"],"gold_per_floor":[99,116,116,136,136,153,153,153,182,182,201,31,31,31,44,145,145,145,165,196,207,482,495,495,495,495,495,495,495],"floor_reached":27,"language":"ENG","playtime":1323,"items_purged":[],"score":205,"play_id":"8d8bb9b3-dfe2-4397-ba37-f0433f2afc6c","local_time":"20210114035029","is_ascension_mode":false,"campfire_choices":[{"floor":1,"key":"RECALL"},{"data":"Guardian:TwinSlam","floor":8,"key":"SMITH"},{"data":"Delirium","floor":18,"key":"PURGE"}],"circlet_count":0,"master_deck":["Guardian:Strike_Guardian","Guardian:Strike_Guardian","Guardian:Strike_Guardian","Guardian:Defend_Guardian","Guardian:Defend_Guardian","Guardian:Defend_Guardian","Guardian:Defend_Guardian","Guardian:CurlUp","Guardian:TwinSlam+1","Guardian:BronzeOrb","Guardian:Planning","Guardian:Gem_Orange","Guardian:Preprogram","Guardian:DecasProtection","Guardian:FierceBash","Guardian:SpikerProtocol","Guardian:WalkerClaw","Guardian:RollAttack","Regret","Guardian:VentSteam+1","Guardian:Gem_Synthetic","Guardian:Gem_Blue"],"relics":["Guardian:ModeShifter","EVO:Axolotl","Dota2Spire:Butterfly","halation:SelfBoilingWater","trackpad:CultistFigurine","halation:StarCompass","Ring of Hypnosis","Ring of Searing","Black Star","StuffTheSpire:EmeraldSignet"],"acts_visited":["Exordium","TheCity"],"potions_floor_usage":[12,20],"damage_taken":[{"damage":0,"enemies":"Jaw Worm","floor":2,"turns":5},{"damage":0,"enemies":"Cultist","floor":4,"turns":4},{"damage":1,"enemies":"2 Louse","floor":6,"turns":2},{"damage":2,"enemies":"conspire:2 RoseBushes","floor":9,"turns":4},{"damage":10,"enemies":"Large Slime","floor":11,"turns":6},{"damage":0,"enemies":"downfall:FleeingMerchant","floor":12,"turns":4},{"damage":0,"enemies":"Blue Slaver","floor":15,"turns":3},{"damage":6,"enemies":"downfall:Watcher","floor":16,"turns":9},{"damage":30,"enemies":"conspire:FuzzyDice","floor":19,"turns":5},{"damage":0,"enemies":"Shelled Parasite and Fungi","floor":20,"turns":5},{"damage":12,"enemies":"conspire:HollyBat","floor":21,"turns":7},{"damage":20,"enemies":"Sentry and Sphere","floor":23,"turns":4},{"damage":20,"enemies":"Gremlin Leader","floor":27,"turns":3}],"seed_played":"-137663986277766088","potions_obtained":[{"floor":4,"key":"blueLaboratory:Moonshine"},{"floor":9,"key":"SteroidPotion"},{"floor":16,"key":"Dota2Spire:Clarity"},{"floor":20,"key":"blueLaboratory:RememoryPotion"}],"is_trial":false,"path_per_floor":["R_BF","M","?","M","T","M","T","R","M","?","M","$","?","?","M","B",null,"R_BF","M","M","M","?","M","T","?","?","E"],"character_chosen":"GUARDIAN","items_purchased":["trackpad:CultistFigurine"],"campfire_rested":0,"item_purchase_floors":[12],"current_hp_per_floor":[56,56,56,56,56,67,67,67,65,65,55,55,55,55,55,49,80,80,50,50,38,38,18,18,18,18,0,0,0],"gold":495,"neow_bonus":"ONE_RARE_RELIC","is_daily":false,"chose_seed":false,"campfire_upgraded":1,"win_rate":0.0,"timestamp":1610621429,"path_taken":["R_BF","M","?","M","?","M","T","R","?","?","?","$","?","?","M","BOSS","R_BF","M","M","M","?","M","T","?","?","E"],"items_purchased_type":["Relic"],"build_version":"2020-12-22","purchased_purges":0,"victory":false,"max_hp_per_floor":[80,80,80,80,80,80,80,80,80,80,80,80,80,80,80,80,80,80,80,80,80,80,80,80,80,80,80,80,80],"card_choices":[{"not_picked":["Guardian:PiercingHide","Guardian:PrimingBeam"],"picked":"Guardian:BronzeOrb","floor":2},{"not_picked":["Guardian:PrimingBeam","Guardian:CrystalBeam"],"picked":"Guardian:Planning","floor":4},{"not_picked":["Guardian:Planning","Guardian:TemporalShield"],"picked":"Guardian:Gem_Purple","floor":6},{"not_picked":["Guardian:PrismaticBarrier","Guardian:CrystalBeam"],"picked":"Guardian:Gem_Green","floor":9},{"not_picked":["Guardian:TemporalStrike","Guardian:PrismaticBeam"],"picked":"Guardian:Preprogram","floor":11},{"not_picked":["Guardian:Harden","Guardian:Gem_Cyan"],"picked":"Guardian:DecasProtection","floor":12},{"not_picked":["Guardian:Reroute","Guardian:StasisField"],"picked":"Guardian:Gem_Red","floor":15},{"not_picked":["Guardian:Gem_Synthetic","Guardian:SphericShield"],"picked":"Guardian:FierceBash","floor":16},{"not_picked":["Guardian:ChargeCore","Guardian:TemporalShield+1"],"picked":"Guardian:SpikerProtocol","floor":19},{"not_picked":["Guardian:Clone+1","Guardian:Gem_Lightblue"],"picked":"Guardian:WalkerClaw","floor":20},{"not_picked":["Guardian:PrimingBeam+1","Guardian:Gem_Lightblue"],"picked":"Guardian:RollAttack","floor":21},{"not_picked":["Guardian:FastForward","Guardian:Recover+1"],"picked":"Guardian:VentSteam+1","floor":23}],"player_experience":137122,"relics_obtained":[{"floor":7,"key":"halation:SelfBoilingWater"},{"floor":14,"key":"Ring of Hypnosis"},{"floor":14,"key":"Ring of Searing"},{"floor":24,"key":"StuffTheSpire:EmeraldSignet"}],"event_choices":[{"cards_removed":["Guardian:FierceBash"],"damage_healed":0,"gold_gain":0,"player_choice":"Give","damage_taken":0,"max_hp_gain":0,"max_hp_loss":0,"event_name":"betterNote:BetterNote","floor":25,"gold_loss":0,"cards_obtained":["None"]}],"is_beta":false,"boss_relics":[{"not_picked":["hubris:RunicObelisk","aspiration:RunicSpoon"],"picked":"Black Star"}],"items_purged_floors":[],"is_endless":false,"potions_floor_spawned":[4,9,16,20],"killed_by":"Gremlin Leader","ascension_level":0}}