{"host":"qm4rv4rkpk76sbxu","time":1610628964,"event":{"mods":["BaseMod","Bestiary","Block Reminder","DeckTracker","Filter the Spire","Keyboard Shortcuts","Minty Spire (QoL Compilation)","MonsterHotkey","Quick Restart","Relic Stats","Slay-I","StSLib","ojb\u0027s Better Paths Mod","ojb\u0027s Info Mod"],"gold_per_floor":[115,265,280,294,294,328,328,359,359,359,6,26,26,61,61,136,136,150,150,169,186,186,217,233,266,289,319,354,24,36,126,126,205,205,223,240,294,294,1293,1293,1318,1318,1393,1418,651,671,721,739,739,739,739,739,739,164,195,195],"floor_reached":57,"language":"ENG","playtime":4754,"items_purged":["Doubt","Pain","Normality","Normality"],"score":3097,"play_id":"853f7088-d987-4bc2-b733-9b76184e89bf","local_time":"20210114135604","is_ascension_mode":true,"campfire_choices":[{"floor":10.0,"key":"REST"},{"data":"Wraith Form v2","floor":13.0,"key":"SMITH"},{"data":"Dagger Spray","floor":15.0,"key":"SMITH"},{"floor":32.0,"key":"REST"},{"data":"Tools of the Trade","floor":40.0,"key":"SMITH"},{"data":"Noxious Fumes","floor":42.0,"key":"SMITH"},{"floor":49.0,"key":"RECALL"},{"data":"Well Laid Plans","floor":53.0,"key":"SMITH"}],"circlet_count":0,"master_deck":["AscendersBane","Survivor","Neutralize","Terror","Quick Slash","Dagger Spray+1","Crippling Poison+1","Wraith Form v2+1","Blade Dance+1","Blade Dance+1","Corpse Explosion+1","Leg Sweep+1","Catalyst+1","Dodge and Roll+1","Adrenaline+1","Dagger Throw","Backflip+1","Blade Dance+1","Noxious Fumes+1","Panacea+1","Concentrate+1","Acrobatics+1","Backflip+1","Envenom","Backstab","Escape Plan+1","Leg Sweep+1","Deflect+1","Night Terror+1","Predator","Dodge and Roll+1","Tools of the Trade+1","Blade Dance+1","Dagger Throw","PiercingWail+1","Acrobatics+1","Violence+1","Acrobatics+1","Backflip+1","Panacea+1","Secret Technique+1","Outmaneuver+1","Well Laid Plans+1","Well Laid Plans","Secret Weapon+1","Phantasmal Killer+1","Concentrate+1"],"relics":["Philosopher\u0027s Stone","Gambling Chip","Letter Opener","Kunai","Toxic Egg 2","Ancient Tea Set","WristBlade","WarpedTongs","InkBottle","Nunchaku","Strawberry","Paper Crane","Red Mask","Pandora\u0027s Box","Turnip","HornCleat","Mummified Hand","Membership Card","Potion Belt","Incense Burner","TwistedFunnel","Toy Ornithopter","Vajra","StrikeDummy"],"acts_visited":["Exordium","TheCity","TheBeyond","TheEnding"],"potions_floor_usage":[56,56,56,56,56,56,56,56],"damage_taken":[{"damage":2.0,"enemies":"Small Slimes","floor":1.0,"turns":5.0},{"damage":6.0,"enemies":"2 Louse","floor":3.0,"turns":4.0},{"damage":0.0,"enemies":"Cultist","floor":4.0,"turns":3.0},{"damage":31.0,"enemies":"Gremlin Nob","floor":6.0,"turns":4.0},{"damage":12.0,"enemies":"Lagavulin","floor":8.0,"turns":7.0},{"damage":0.0,"enemies":"Exordium Thugs","floor":12.0,"turns":3.0},{"damage":7.0,"enemies":"3 Sentries","floor":14.0,"turns":6.0},{"damage":2.0,"enemies":"Slime Boss","floor":16.0,"turns":9.0},{"damage":0.0,"enemies":"3 Byrds","floor":18.0,"turns":2.0},{"damage":12.0,"enemies":"Shell Parasite","floor":20.0,"turns":2.0},{"damage":2.0,"enemies":"Centurion and Healer","floor":21.0,"turns":2.0},{"damage":19.0,"enemies":"Slavers","floor":23.0,"turns":4.0},{"damage":3.0,"enemies":"Shelled Parasite and Fungi","floor":24.0,"turns":2.0},{"damage":4.0,"enemies":"Book of Stabbing","floor":25.0,"turns":5.0},{"damage":1.0,"enemies":"Slavers","floor":27.0,"turns":2.0},{"damage":0.0,"enemies":"Masked Bandits","floor":28.0,"turns":1.0},{"damage":0.0,"enemies":"Snecko","floor":30.0,"turns":3.0},{"damage":3.0,"enemies":"Champ","floor":33.0,"turns":5.0},{"damage":0.0,"enemies":"3 Darklings","floor":35.0,"turns":3.0},{"damage":0.0,"enemies":"3 Shapes","floor":36.0,"turns":1.0},{"damage":0.0,"enemies":"2 Orb Walkers","floor":37.0,"turns":5.0},{"damage":0.0,"enemies":"Nemesis","floor":41.0,"turns":3.0},{"damage":0.0,"enemies":"Reptomancer","floor":44.0,"turns":5.0},{"damage":0.0,"enemies":"Jaw Worm Horde","floor":46.0,"turns":1.0},{"damage":0.0,"enemies":"Maw","floor":48.0,"turns":6.0},{"damage":7.0,"enemies":"Donu and Deca","floor":50.0,"turns":7.0},{"damage":48.0,"enemies":"Time Eater","floor":51.0,"turns":11.0},{"damage":0.0,"enemies":"Shield and Spear","floor":55.0,"turns":4.0},{"damage":14,"enemies":"The Heart","floor":56,"turns":6}],"seed_played":"-6451640434949771406","potions_obtained":[{"floor":1.0,"key":"LiquidMemories"},{"floor":8.0,"key":"Fire Potion"},{"floor":12.0,"key":"Fruit Juice"},{"floor":14.0,"key":"BlessingOfTheForge"},{"floor":18.0,"key":"SneckoOil"},{"floor":21.0,"key":"Energy Potion"},{"floor":25.0,"key":"SneckoOil"},{"floor":28.0,"key":"Fire Potion"},{"floor":41.0,"key":"EssenceOfSteel"},{"floor":44.0,"key":"Fire Potion"},{"floor":48.0,"key":"EntropicBrew"}],"is_trial":false,"path_per_floor":["M","?","M","M","?","E","?","E","T","R","$","M","R","E","R","B",null,"M","?","M","M","?","E","M","E","T","E","?","$","M","?","R","B",null,"M","M","?","?","?","R","E","R","T","E","$","M","?","M","R","B","B",null,"R","$","E","B",null],"character_chosen":"THE_SILENT","items_purchased":["Toxic Egg 2","Panacea+1","Concentrate+1","Acrobatics+1","Membership Card","Potion Belt","PowerPotion","Energy Potion","Incense Burner","Backflip+1","Panacea+1","Secret Technique+1","Outmaneuver+1","Well Laid Plans","TwistedFunnel","Toy Ornithopter","Vajra","LiquidMemories","Well Laid Plans","Secret Weapon+1","Weak Potion","Phantasmal Killer+1"],"campfire_rested":2,"item_purchase_floors":[11,29,29,29,45,45,45,45,45,45,45,45,45,45,54,54,54,54,54,54,54,54],"current_hp_per_floor":[57,57,51,51,56,25,25,13,13,34,34,34,34,32,32,30,65,65,65,53,51,51,32,29,25,32,31,31,31,31,13,37,34,71,71,71,71,61,61,61,61,61,61,61,61,61,61,61,61,54,6,64,64,64,64,83],"gold":195,"neow_bonus":"BOSS_RELIC","is_daily":false,"chose_seed":false,"campfire_upgraded":5,"win_rate":0.0,"timestamp":1610628964,"path_taken":["M","?","M","M","?","E","?","E","T","R","$","M","R","E","R","BOSS","M","?","?","M","?","E","?","E","T","E","?","$","M","?","R","BOSS","M","?","?","?","?","R","E","R","T","E","$","M","?","?","R","BOSS","BOSS","R","$","E","BOSS"],"items_purchased_type":["Relic","Card","Card","Card","Relic","Relic","Potion","Potion","Relic","Card","Card","Card","Card","Card","Relic","Relic","Relic","Potion","Card","Card","Potion","Card"],"build_version":"2020-12-22","purchased_purges":4,"victory":true,"max_hp_per_floor":[66,66,66,66,71,71,71,71,71,71,71,71,71,76,76,76,76,76,76,76,76,76,76,76,76,83,83,83,83,83,83,83,83,83,83,83,83,83,83,83,83,83,83,83,83,83,83,83,83,83,83,83,83,83,83,83],"relic_stats":{"Nunchaku":[32],"counters":[29,121],"Mummified Hand":[38],"Gambling Chip":[63],"Pandora\u0027s Box":["Backstab","Escape Plan","Leg Sweep","Deflect","Night Terror","Predator","Dodge and Roll","Tools of the Trade","Blade Dance","Dagger Throw"],"Turnip":[10],"Letter Opener":[582],"Kunai":[117],"obtain_stats":[{"TwistedFunnel":54,"Vajra":54,"Incense Burner":45,"Ancient Tea Set":14,"Nunchaku":25,"HornCleat":41,"WristBlade":17,"Mummified Hand":44,"Gambling Chip":6,"Strawberry":26,"Philosopher\u0027s Stone":0,"Red Mask":28,"Kunai":9,"Toxic Egg 2":11,"InkBottle":23,"Ring of the Snake":0,"Potion Belt":45,"Letter Opener":8,"Paper Crane":27,"WarpedTongs":19,"Pandora\u0027s Box":34,"Turnip":37,"Membership Card":45,"StrikeDummy":55,"Toy Ornithopter":54},{"TwistedFunnel":27,"Vajra":27,"Incense Burner":23,"Ancient Tea Set":7,"Nunchaku":14,"HornCleat":22,"WristBlade":8,"Mummified Hand":23,"Gambling Chip":4,"Strawberry":14,"Philosopher\u0027s Stone":0,"Red Mask":16,"Kunai":5,"Toxic Egg 2":5,"InkBottle":12,"Ring of the Snake":0,"Potion Belt":23,"Letter Opener":5,"Paper Crane":15,"WarpedTongs":9,"Pandora\u0027s Box":18,"Turnip":21,"Membership Card":23,"StrikeDummy":28,"Toy Ornithopter":27},{"TwistedFunnel":111,"Vajra":111,"Incense Burner":86,"Ancient Tea Set":32,"Nunchaku":58,"HornCleat":81,"WristBlade":41,"Mummified Hand":86,"Gambling Chip":16,"Strawberry":58,"Philosopher\u0027s Stone":0,"Red Mask":61,"Kunai":23,"Toxic Egg 2":23,"InkBottle":51,"Ring of the Snake":0,"Potion Belt":86,"Letter Opener":23,"Paper Crane":60,"WarpedTongs":43,"Pandora\u0027s Box":69,"Turnip":78,"Membership Card":86,"StrikeDummy":115,"Toy Ornithopter":111}],"InkBottle":[71],"Toy Ornithopter":33,"WarpedTongs":[60]},"card_choices":[{"not_picked":["Endless Agony","Dagger Spray"],"picked":"Terror","floor":1.0},{"not_picked":["Reflex","Bane"],"picked":"Quick Slash","floor":3.0},{"not_picked":["Quick Slash","Outmaneuver"],"picked":"Dagger Spray","floor":4.0},{"not_picked":["Setup","Poisoned Stab"],"picked":"Crippling Poison","floor":6.0},{"not_picked":["Underhanded Strike","Quick Slash"],"picked":"Wraith Form v2","floor":8.0},{"not_picked":["Dodge and Roll+1","Quick Slash"],"picked":"Blade Dance+1","floor":12.0},{"not_picked":["Quick Slash","Bane"],"picked":"Blade Dance+1","floor":14.0},{"not_picked":["Night Terror+1","Unload"],"picked":"Corpse Explosion+1","floor":16.0},{"not_picked":["Quick Slash","Expertise+1"],"picked":"Leg Sweep+1","floor":18.0},{"not_picked":["Setup+1","Bane","Sucker Punch"],"picked":"SKIP","floor":20.0},{"not_picked":["Underhanded Strike","Acrobatics+1"],"picked":"Catalyst+1","floor":21.0},{"not_picked":["Outmaneuver+1","Poisoned Stab"],"picked":"Dagger Throw","floor":23.0},{"not_picked":["Prepared+1","Acrobatics+1"],"picked":"Backflip+1","floor":24.0},{"not_picked":["Dagger Throw","Eviscerate"],"picked":"Blade Dance+1","floor":25.0},{"not_picked":["Dagger Throw","Accuracy"],"picked":"Noxious Fumes","floor":27.0},{"not_picked":["Skewer","Prepared+1"],"picked":"Backflip+1","floor":30.0},{"not_picked":["Glass Knife","Wraith Form v2"],"picked":"Envenom","floor":33.0},{"not_picked":["Distraction+1","Dash","Blade Dance+1"],"picked":"SKIP","floor":35.0},{"not_picked":["Accuracy","Quick Slash"],"picked":"PiercingWail+1","floor":36.0},{"not_picked":["Dagger Spray","Cloak And Dagger+1"],"picked":"Acrobatics+1","floor":37.0},{"not_picked":["Magnetism","Panache"],"picked":"Violence+1","floor":38.0},{"not_picked":["Backstab","Setup+1","PiercingWail+1"],"picked":"SKIP","floor":41.0},{"not_picked":["Terror+1","Storm of Steel+1"],"picked":"Acrobatics+1","floor":44.0},{"not_picked":["Poisoned Stab","Sucker Punch","Slice"],"picked":"SKIP","floor":46.0},{"not_picked":["Flying Knee","Sucker Punch","Eviscerate"],"picked":"SKIP","floor":48.0},{"not_picked":["Corpse Explosion+1","Backflip+1"],"picked":"Concentrate+1","floor":55.0}],"player_experience":1283166,"relics_obtained":[{"floor":6.0,"key":"Gambling Chip"},{"floor":8.0,"key":"Letter Opener"},{"floor":9.0,"key":"Kunai"},{"floor":14.0,"key":"Ancient Tea Set"},{"floor":23.0,"key":"InkBottle"},{"floor":25.0,"key":"Nunchaku"},{"floor":26.0,"key":"Strawberry"},{"floor":27.0,"key":"Paper Crane"},{"floor":28.0,"key":"Red Mask"},{"floor":37.0,"key":"Turnip"},{"floor":41.0,"key":"HornCleat"},{"floor":44.0,"key":"Mummified Hand"},{"floor":55.0,"key":"StrikeDummy"}],"event_choices":[{"damage_healed":0.0,"max_hp_gain":0.0,"max_hp_loss":0.0,"gold_gain":150.0,"event_name":"Liars Game","player_choice":"AGREE","floor":2.0,"gold_loss":0.0,"damage_taken":0.0,"cards_obtained":["Doubt"]},{"damage_healed":0.0,"max_hp_gain":5.0,"max_hp_loss":0.0,"gold_gain":0.0,"event_name":"Big Fish","player_choice":"Donut","floor":5.0,"gold_loss":0.0,"damage_taken":0.0},{"damage_healed":0.0,"max_hp_gain":0.0,"max_hp_loss":0.0,"gold_gain":0.0,"event_name":"Living Wall","player_choice":"Grow","floor":7.0,"gold_loss":0.0,"damage_taken":0.0,"cards_upgraded":["Crippling Poison"]},{"damage_healed":0.0,"max_hp_gain":0.0,"max_hp_loss":0.0,"gold_gain":0.0,"event_name":"Accursed Blacksmith","player_choice":"Rummage","floor":19.0,"gold_loss":0.0,"damage_taken":0.0,"relics_obtained":["WarpedTongs"],"cards_obtained":["Pain"]},{"damage_healed":0.0,"max_hp_gain":0.0,"max_hp_loss":0.0,"gold_gain":0.0,"event_name":"Match and Keep!","player_choice":"2 cards matched","floor":22.0,"gold_loss":0.0,"damage_taken":0.0,"cards_obtained":["Dodge and Roll","Adrenaline"]},{"damage_healed":0.0,"max_hp_gain":0.0,"max_hp_loss":0.0,"gold_gain":0.0,"event_name":"Masked Bandits","player_choice":"Fought Bandits","floor":28.0,"gold_loss":0.0,"damage_taken":0.0},{"damage_healed":0.0,"max_hp_gain":0.0,"max_hp_loss":0.0,"gold_gain":90.0,"event_name":"Knowing Skull","player_choice":"POTION GOLD ","floor":31.0,"potions_obtained":["Energy Potion"],"gold_loss":0.0,"damage_taken":18.0,"cards_obtained":[]},{"damage_healed":0.0,"max_hp_gain":0.0,"max_hp_loss":0.0,"gold_gain":0.0,"event_name":"Mysterious Sphere","player_choice":"Fight","floor":37.0,"gold_loss":0.0,"damage_taken":0.0},{"damage_healed":0.0,"max_hp_gain":0.0,"max_hp_loss":0.0,"gold_gain":0.0,"event_name":"SensoryStone","player_choice":"Memory 3","floor":38.0,"gold_loss":0.0,"damage_taken":10.0},{"damage_healed":0.0,"max_hp_gain":0.0,"max_hp_loss":0.0,"gold_gain":999.0,"event_name":"MindBloom","player_choice":"Gold","floor":39.0,"gold_loss":0.0,"damage_taken":0.0,"cards_obtained":["Normality","Normality"]},{"damage_healed":0.0,"max_hp_gain":0.0,"max_hp_loss":0.0,"gold_gain":50.0,"event_name":"Golden Shrine","player_choice":"Pray","floor":47.0,"gold_loss":0.0,"damage_taken":0.0}],"is_beta":false,"boss_relics":[{"not_picked":["Velvet Choker","Empty Cage"],"picked":"WristBlade"},{"not_picked":["Black Star","SacredBark"],"picked":"Pandora\u0027s Box"}],"items_purged_floors":[11,29,45,54],"is_endless":false,"potions_floor_spawned":[1,8,12,14,18,21,25,28,41,44,48],"ascension_level":20}}