{"host":"1u4zr9vl8my47i07","time":1610622114,"event":{"mods":["AchievementEnabler","BaseMod","Colored Map","Highlight Path","Keyboard Shortcuts","Minty Spire (QoL Compilation)","Relic Stats","StSLib","SuperFastMode","Uncapped","Waifu the Spire","everything is the same but u backflip on backflip"],"gold_per_floor":[216,141,159,36,48,48,48,67,67,83,116,116,96,116,116,220,220,240,312,325,200,200,219,235,235,235,235,248,265,296,296,296,398,398,416,427,277,293,309,309,409,429,429,443,665,665,82,94,94,94],"floor_reached":51,"language":"KOR","playtime":3253,"items_purged":["Strike_B","Strike_B","Strike_B","Strike_B","Defend_B"],"score":803,"play_id":"cf9d10d7-8c24-4d37-a499-a8df90d83401","local_time":"20210114200154","is_ascension_mode":false,"campfire_choices":[{"data":"Go for the Eyes","floor":6.0,"key":"SMITH"},{"data":"Zap","floor":12.0,"key":"SMITH"},{"data":"Dualcast","floor":15.0,"key":"SMITH"},{"data":"Redo","floor":25.0,"key":"SMITH"},{"data":"Coolheaded","floor":27.0,"key":"SMITH"},{"data":"Hologram","floor":32.0,"key":"SMITH"},{"data":"Streamline","floor":40,"key":"SMITH"},{"data":"Conserve Battery","floor":49,"key":"SMITH"}],"circlet_count":0,"master_deck":["Defend_B","Defend_B+1","Zap+1","Dualcast+1","Gash+1","Hologram+1","Streamline+1","Go for the Eyes+1","Defend_G+1","Beam Cell+1","Coolheaded+1","Redo+1","Ball Lightning+1","Rebound+1","Sweeping Beam+1","Compile Driver+1","CurseOfTheBell","Conserve Battery+1","FollowUp+1"],"relics":["Cracked Core","Whetstone","Meat on the Bone","Coffee Dripper","Molten Egg 2","Dead Branch","Red Mask","Calling Bell","DataDisk","Mummified Hand","Torii","Bag of Preparation","War Paint","PrismaticShard"],"acts_visited":["TheCity","TheBeyond"],"potions_floor_usage":[50,50],"damage_taken":[{"damage":6.0,"enemies":"Jaw Worm","floor":1.0,"turns":3.0},{"damage":1.0,"enemies":"Cultist","floor":3.0,"turns":3.0},{"damage":2.0,"enemies":"Small Slimes","floor":5.0,"turns":3.0},{"damage":8.0,"enemies":"Red Slaver","floor":8.0,"turns":3.0},{"damage":7.0,"enemies":"Looter","floor":10.0,"turns":3.0},{"damage":28.0,"enemies":"Gremlin Nob","floor":11.0,"turns":4.0},{"damage":1.0,"enemies":"Exordium Thugs","floor":14.0,"turns":3.0},{"damage":17.0,"enemies":"The Guardian","floor":16.0,"turns":12.0},{"damage":7.0,"enemies":"3 Byrds","floor":18.0,"turns":6.0},{"damage":17.0,"enemies":"2 Thieves","floor":20.0,"turns":4.0},{"damage":12.0,"enemies":"Snecko","floor":23.0,"turns":5.0},{"damage":35.0,"enemies":"Chosen and Byrds","floor":24.0,"turns":5.0},{"damage":0.0,"enemies":"Centurion and Healer","floor":28.0,"turns":4.0},{"damage":6.0,"enemies":"Snecko","floor":29.0,"turns":3.0},{"damage":6.0,"enemies":"Masked Bandits","floor":30.0,"turns":3.0},{"damage":23.0,"enemies":"Champ","floor":33.0,"turns":10.0},{"damage":1.0,"enemies":"3 Shapes","floor":35.0,"turns":2.0},{"damage":1.0,"enemies":"Orb Walker","floor":36.0,"turns":3.0},{"damage":11,"enemies":"Sphere and 2 Shapes","floor":38,"turns":5},{"damage":19,"enemies":"Maw","floor":39,"turns":7},{"damage":21,"enemies":"Jaw Worm Horde","floor":42,"turns":3},{"damage":10,"enemies":"Sphere and 2 Shapes","floor":44,"turns":3},{"damage":23,"enemies":"Maw","floor":48,"turns":6},{"damage":134,"enemies":"Donu and Deca","floor":50,"turns":11}],"seed_played":"-2799951606961460075","potions_obtained":[{"floor":5.0,"key":"DistilledChaos"},{"floor":11.0,"key":"AttackPotion"},{"floor":13.0,"key":"FearPotion"},{"floor":18.0,"key":"PotionOfCapacity"},{"floor":22.0,"key":"FocusPotion"},{"floor":35.0,"key":"ColorlessPotion"}],"is_trial":false,"path_per_floor":["M","$","M","$","M","R","?","M","T","M","E","R","?","M","R","B",null,"M","T","M","$","?","M","M","R","T","R","M","M","?","?","R","B",null,"M","M","$","M","M","R","?","M","T","M","?","?","$","M","R","B",null],"character_chosen":"DEFECT","items_purchased":["Streamline","War Paint","FairyPotion","PrismaticShard"],"campfire_rested":0,"item_purchase_floors":[4,47,47,47],"current_hp_per_floor":[69,69,68,68,66,66,66,58,58,51,23,23,23,34,34,29,75,68,68,51,51,51,39,16,16,16,16,28,34,40,40,40,29,75,74,73,73,62,43,43,43,34,34,36,36,36,36,25,25,47],"gold":94,"neow_bonus":"HUNDRED_GOLD","is_daily":false,"chose_seed":false,"campfire_upgraded":8,"win_rate":0.0,"timestamp":1610622114,"path_taken":["M","$","M","$","M","R","?","?","T","M","E","R","?","M","R","BOSS","M","?","M","$","?","?","M","R","T","R","M","M","?","?","R","BOSS","M","M","$","M","M","R","?","M","T","?","?","?","$","M","R","BOSS"],"items_purchased_type":["Card","Relic","Potion","Relic"],"build_version":"2020-12-22","purchased_purges":5,"victory":true,"max_hp_per_floor":[75,75,75,75,75,75,75,75,75,75,75,75,75,75,75,75,75,75,75,75,75,75,75,75,75,75,75,75,75,75,75,75,75,75,75,75,75,75,75,75,75,75,75,75,75,75,75,75,75,75],"relic_stats":{"Torii":5,"counters":[24,114],"Mummified Hand":[8],"Dead Branch":[17],"Bag of Preparation":[6],"Whetstone":["Beam Cell","Gash"],"War Paint":["Defend_B","Defend_G"],"obtain_stats":[{"Torii":34,"Dead Branch":26,"Bag of Preparation":43,"Whetstone":9,"War Paint":47,"PrismaticShard":47,"Calling Bell":34,"DataDisk":34,"Mummified Hand":34,"Molten Egg 2":19,"Coffee Dripper":17,"Red Mask":30,"Cracked Core":0,"Meat on the Bone":11},{"Torii":16,"Dead Branch":12,"Bag of Preparation":21,"Whetstone":4,"War Paint":22,"PrismaticShard":22,"Calling Bell":16,"DataDisk":16,"Mummified Hand":16,"Molten Egg 2":9,"Coffee Dripper":8,"Red Mask":15,"Cracked Core":0,"Meat on the Bone":6},{"Torii":74,"Dead Branch":54,"Bag of Preparation":94,"Whetstone":12,"War Paint":97,"PrismaticShard":97,"Calling Bell":74,"DataDisk":74,"Mummified Hand":74,"Molten Egg 2":40,"Coffee Dripper":34,"Red Mask":64,"Cracked Core":0,"Meat on the Bone":19}],"Meat on the Bone":132},"card_choices":[{"not_picked":["Compile Driver","Auto Shields"],"picked":"Gash","floor":1.0},{"not_picked":["Doom and Gloom","Darkness"],"picked":"Hologram","floor":3.0},{"not_picked":["Steam","Self Repair"],"picked":"Go for the Eyes","floor":5.0},{"not_picked":["Cold Snap","Chill"],"picked":"Beam Cell","floor":8.0},{"not_picked":["Reinforced Body","Turbo","Steam"],"picked":"SKIP","floor":10.0},{"not_picked":["Undo","Turbo"],"picked":"Coolheaded","floor":11.0},{"not_picked":["Cold Snap","Coolheaded"],"picked":"Redo","floor":14.0},{"not_picked":["Go for the Eyes","Force Field","Reinforced Body"],"picked":"SKIP","floor":18.0},{"not_picked":["Lockon+1","Hello World","Genetic Algorithm"],"picked":"SKIP","floor":20.0},{"not_picked":["Conserve Battery+1","Coolheaded"],"picked":"Ball Lightning+1","floor":23.0},{"not_picked":["Stack","Barrage+1"],"picked":"Rebound+1","floor":24.0},{"not_picked":["Cold Snap+1","Loop+1"],"picked":"Sweeping Beam+1","floor":28.0},{"not_picked":["Sunder+1","Beam Cell+1"],"picked":"Compile Driver+1","floor":29.0},{"not_picked":["Scrape+1","Go for the Eyes+1","Stack"],"picked":"SKIP","floor":35.0},{"not_picked":["Ball Lightning+1","Cold Snap+1","Consume+1"],"picked":"SKIP","floor":36.0},{"not_picked":["Darkness","Go for the Eyes+1","Chill"],"picked":"SKIP","floor":38},{"not_picked":["Darkness","Skim","Redo+1"],"picked":"SKIP","floor":39},{"not_picked":["Chaos","Rebound+1","Ball Lightning+1"],"picked":"SKIP","floor":42},{"not_picked":["Undo","Stack"],"picked":"Conserve Battery","floor":44},{"not_picked":["Beam Cell+1","Blade Dance+1"],"picked":"FollowUp+1","floor":48}],"player_experience":342407,"relics_obtained":[{"floor":9.0,"key":"Whetstone"},{"floor":11.0,"key":"Meat on the Bone"},{"floor":19.0,"key":"Molten Egg 2"},{"floor":26.0,"key":"Dead Branch"},{"floor":30.0,"key":"Red Mask"},{"floor":34.0,"key":"DataDisk"},{"floor":34.0,"key":"Mummified Hand"},{"floor":34.0,"key":"Torii"},{"floor":43,"key":"Bag of Preparation"}],"event_choices":[{"cards_removed":["Defend_B"],"damage_healed":0.0,"max_hp_gain":0.0,"max_hp_loss":0.0,"gold_gain":0.0,"event_name":"NoteForYourself","player_choice":"Took Card","floor":7.0,"gold_loss":0.0,"damage_taken":0.0,"cards_obtained":["Defend_G"]},{"damage_healed":0.0,"max_hp_gain":0.0,"max_hp_loss":0.0,"gold_gain":0.0,"event_name":"The Woman in Blue","player_choice":"Bought 1 Potion","floor":13.0,"gold_loss":0.0,"damage_taken":0.0},{"damage_healed":0.0,"max_hp_gain":0.0,"max_hp_loss":0.0,"gold_gain":0.0,"event_name":"Lab","player_choice":"Got Potions","floor":22.0,"gold_loss":0.0,"damage_taken":0.0},{"damage_healed":0.0,"max_hp_gain":0.0,"max_hp_loss":0.0,"gold_gain":0.0,"event_name":"Masked Bandits","player_choice":"Fought Bandits","floor":30.0,"gold_loss":0.0,"damage_taken":0.0},{"damage_healed":0.0,"max_hp_gain":0.0,"max_hp_loss":0.0,"gold_gain":0.0,"event_name":"Vampires","player_choice":"Ignored","floor":31.0,"gold_loss":0.0,"damage_taken":0.0},{"damage_healed":0,"gold_gain":100,"player_choice":"Pray","damage_taken":0,"max_hp_gain":0,"max_hp_loss":0,"event_name":"Golden Shrine","floor":41,"gold_loss":0},{"damage_healed":0,"gold_gain":222,"player_choice":"Wore Mask","damage_taken":0,"max_hp_gain":0,"max_hp_loss":0,"event_name":"Tomb of Lord Red Mask","floor":45,"gold_loss":0},{"damage_healed":0,"gold_gain":0,"player_choice":"Memory 1","damage_taken":0,"max_hp_gain":0,"max_hp_loss":0,"event_name":"SensoryStone","floor":46,"gold_loss":0}],"is_beta":false,"boss_relics":[{"not_picked":["Astrolabe","FrozenCore"],"picked":"Coffee Dripper"},{"not_picked":["Tiny House","SacredBark"],"picked":"Calling Bell"}],"items_purged_floors":[2,4,21,37,47],"is_endless":false,"potions_floor_spawned":[5,11,14,18,20,28,29,35,48],"ascension_level":0}}