{"host":"5padt50u07xd1iby","time":1610632621,"event":{"mods":["AchievementEnabler","Aspiration","BaseMod","Colored Map","Colored Powertips","Conspire","Dark Map","Downfall","Hubris","Minty Spire (QoL Compilation)","Replay The Spire","Retaliation","Shop Mod","StSLib","SuperFastMode","The Blue Laboratory","everything is the same but u backflip on backflip"],"gold_per_floor":[110,125,125,145,145,172,184,184,184,201,201,214,229,254,254,358,358,376,376,376],"floor_reached":19,"language":"ENG","playtime":1441,"items_purged":[],"score":181,"play_id":"7563ed6b-2a02-4952-97fc-7d1f77d3e563","local_time":"20210114145701","is_ascension_mode":false,"campfire_choices":[{"data":"Establishment","floor":8,"key":"SMITH"},{"data":"Tantrum","floor":15,"key":"SMITH"}],"circlet_count":0,"master_deck":["Strike_P","Strike_P","Defend_P","Defend_P","Defend_P","Eruption","Vigilance","Replay:BluntJabs","Crescendo","Establishment+1","ClearTheMind","Tantrum+1","Weave","Vengeance","FlurryOfBlows","Judgement","Protect"],"relics":["PureWater","aspiration:DSix","hubris:Icosahedron","Orichalcum","Pear","Replay:Drink Me"],"acts_visited":["Exordium","TheCity"],"potions_floor_usage":[6],"damage_taken":[{"damage":2,"enemies":"Cultist","floor":1,"turns":3},{"damage":5,"enemies":"Small Slimes","floor":2,"turns":3},{"damage":7,"enemies":"2 Louse","floor":4,"turns":3},{"damage":26,"enemies":"Lagavulin","floor":6,"turns":8},{"damage":71,"enemies":"Gremlin Gang","floor":7,"turns":5},{"damage":13,"enemies":"2 Fungi Beasts","floor":10,"turns":5},{"damage":7,"enemies":"Looter","floor":12,"turns":4},{"damage":11,"enemies":"conspire:2 RoseBushes","floor":13,"turns":5},{"damage":35,"enemies":"Replay:BlueRogue","floor":14,"turns":4},{"damage":25,"enemies":"Slime Boss","floor":16,"turns":4},{"damage":64,"enemies":"conspire:FuzzyDice","floor":18,"turns":5}],"seed_played":"3540012080641515712","potions_obtained":[{"floor":6,"key":"Fruit Juice"},{"floor":7,"key":"DDmod:CleansePotion"},{"floor":10,"key":"blueLaboratory:EnragingPotion"},{"floor":13,"key":"SpeedPotion"}],"is_trial":false,"path_per_floor":["M","M","?","M","?","E","M","R","T","M","?","M","M","E","R","B",null,"M","?"],"character_chosen":"WATCHER","items_purchased":[],"campfire_rested":0,"item_purchase_floors":[],"current_hp_per_floor":[70,65,65,58,72,51,20,20,20,7,77,70,59,34,34,9,66,2,0,0],"gold":376,"neow_bonus":"DSIX","is_daily":false,"chose_seed":false,"campfire_upgraded":2,"win_rate":0.0,"timestamp":1610632621,"path_taken":["M","M","?","M","?","E","?","R","T","M","?","?","M","E","R","BOSS","M","?"],"items_purchased_type":[],"build_version":"2020-12-22","purchased_purges":0,"victory":false,"max_hp_per_floor":[72,72,72,72,72,77,77,77,77,77,77,77,77,87,87,87,66,66,66,66],"card_choices":[{"not_picked":["Prostrate","SashWhip"],"picked":"Replay:BluntJabs","floor":1},{"not_picked":["Nirvana","Replay:BluntJabs"],"picked":"Crescendo","floor":2},{"not_picked":["WreathOfFlame","EmptyMind"],"picked":"Study","floor":4},{"not_picked":["CutThroughFate","Replay:AllIn"],"picked":"Establishment","floor":6},{"not_picked":["PathToVictory","JustLucky"],"picked":"ClearTheMind","floor":7},{"not_picked":["PathToVictory","Replay:ManipulateFuture"],"picked":"Tantrum","floor":10},{"not_picked":["ThirdEye","Replay:BluntJabs"],"picked":"Weave","floor":12},{"not_picked":["CutThroughFate","Nirvana"],"picked":"Vengeance","floor":13},{"not_picked":["FollowUp","Swivel"],"picked":"FlurryOfBlows","floor":14},{"not_picked":["Replay:LoomingThreat","ConjureBlade"],"picked":"Judgement","floor":16},{"not_picked":["SashWhip","ClearTheMind"],"picked":"Protect","floor":18}],"player_experience":109893,"relics_obtained":[{"floor":6,"key":"Orichalcum"},{"floor":14,"key":"Pear"}],"event_choices":[{"damage_healed":14,"gold_gain":0,"player_choice":"Full Heal","damage_taken":0,"max_hp_gain":0,"max_hp_loss":0,"event_name":"Wheel of Change","floor":5,"gold_loss":0},{"cards_removed":["Study"],"damage_healed":70,"gold_gain":0,"player_choice":"Offered Uncommon","damage_taken":0,"max_hp_gain":0,"max_hp_loss":0,"event_name":"Bonfire Elementals","floor":11,"gold_loss":0}],"is_beta":false,"boss_relics":[{"not_picked":["SacredBark","Velvet Choker"],"picked":"Replay:Drink Me"}],"items_purged_floors":[],"is_endless":false,"potions_floor_spawned":[6,7,10,13,14,18],"ascension_level":0}}