{"host":"kabf61oc9jgfwufg","time":1610648597,"event":{"mods":["AchievementEnabler","Act Like it!","Aspiration","BaseMod","Conspire","Energized Spire","GifTheSpireLib","GungeonMod","Halation","HexUI Lib","Hubris","Infinite Spire","Minty Spire (QoL Compilation)","Quick Restart","Rare Cards Sparkle","Replay The Spire","Shop Mod","StSLib"],"gold_per_floor":[110,110,124,224,234,266,282,316,316,96,96,56,56,84,84,187,187,198,198,113,13,33,33,45,74,74,74,92,110,210,244,244,341,341,356,370,0,15,15,42,56,56,56],"floor_reached":42,"language":"ENG","playtime":1541,"items_purged":["Delirium","Parasite"],"score":563,"play_id":"1cf365a1-9ea4-4679-a1af-afdae69065ab","local_time":"20210114182317","is_ascension_mode":true,"campfire_choices":[{"data":"Weave","floor":13.0,"key":"SMITH"},{"data":"Tantrum","floor":15.0,"key":"SMITH"},{"data":"DevaForm","floor":23.0,"key":"SMITH"}],"circlet_count":0,"master_deck":["Strike_P","Strike_P","Strike_P","Defend_P","Defend_P","Defend_P","Defend_P","Eruption","Vigilance","Vengeance","Tantrum+1","FollowUp","EmptyFist+1","Weave+1","WreathOfFlame+1","DevaForm+1","FollowUp","PathToVictory+1","FlurryOfBlows+1","PathToVictory","ReplayTheSpireMod:Doomed","FlurryOfBlows","FollowUp","EmptyFist+1","ThirdEye","FlurryOfBlows","Weave+1"],"relics":["PureWater","Pondfish Scales","ReplayTheSpireMod:TigerMarble","DemoMod:MonsterBlood","Gremlin Horn","Blue Doll","MealTicket","conspire:SpecialSausage","DemoMod:DecoyRelic","DemoMod:Metronome","hubris:BottledRain","Yang","TeardropLocket","Lizard Tail","halation:PinkAlligatorPlush","Red Mask","ReplayTheSpireMod:Shallot"],"acts_visited":["Exordium","TheCity","TheBeyond"],"potions_floor_usage":[41,42],"damage_taken":[{"damage":0.0,"enemies":"Small Slimes","floor":1.0,"turns":3.0},{"damage":0.0,"enemies":"Jaw Worm","floor":3.0,"turns":3.0},{"damage":0.0,"enemies":"Cultist","floor":5.0,"turns":2.0},{"damage":55.0,"enemies":"Lagavulin","floor":6.0,"turns":5.0},{"damage":0.0,"enemies":"Large Slime","floor":7.0,"turns":2.0},{"damage":0.0,"enemies":"Gremlin Nob","floor":8.0,"turns":2.0},{"damage":0.0,"enemies":"Lagavulin","floor":14.0,"turns":3.0},{"damage":9.0,"enemies":"Slime Boss","floor":16.0,"turns":5.0},{"damage":19.0,"enemies":"3 Byrds","floor":18.0,"turns":3.0},{"damage":20.0,"enemies":"Shell Parasite","floor":22.0,"turns":4.0},{"damage":0.0,"enemies":"Centurion and Healer","floor":24.0,"turns":3.0},{"damage":33.0,"enemies":"Nightmare","floor":25.0,"turns":6.0},{"damage":0.0,"enemies":"3 Cultists","floor":28.0,"turns":2.0},{"damage":0.0,"enemies":"Cultist and Chosen","floor":29.0,"turns":3.0},{"damage":6.0,"enemies":"Gremlin Leader","floor":31.0,"turns":3.0},{"damage":25.0,"enemies":"conspire:MysteriousRune","floor":33.0,"turns":5.0},{"damage":22.0,"enemies":"Orb Walker","floor":35.0,"turns":4.0},{"damage":31.0,"enemies":"3 Shapes","floor":36.0,"turns":5.0},{"damage":4,"enemies":"Jaw Worm Horde","floor":38,"turns":2},{"damage":92,"enemies":"Giant Head","floor":40,"turns":5},{"damage":12,"enemies":"Maw","floor":41,"turns":4},{"damage":72,"enemies":"Nemesis","floor":42,"turns":5}],"seed_played":"5562417847729707415","potions_obtained":[{"floor":1.0,"key":"Toxic Potion"},{"floor":5.0,"key":"SkillPotion"},{"floor":14.0,"key":"Energy Potion"},{"floor":25.0,"key":"EssenceOfSteel"},{"floor":28.0,"key":"BlessingOfTheForge"},{"floor":29.0,"key":"Strength Potion"},{"floor":33.0,"key":"Doom Potion"},{"floor":35.0,"key":"Dexterity Potion"},{"floor":40,"key":"Ambrosia"},{"floor":41,"key":"Adrenaline Potion"}],"is_trial":false,"path_per_floor":["M","?","M","?","M","E","M","E","T","$","?","$","R","E","R","B",null,"M","?","?","$","M","R","M","NM","T","?","M","M","?","E","R","B",null,"M","M","?","M","?","E","M","E"],"character_chosen":"WATCHER","items_purchased":["Blue Doll","WreathOfFlame+1","DemoMod:Metronome"],"campfire_rested":0,"item_purchase_floors":[10,12,21],"current_hp_per_floor":[72,72,72,72,72,17,17,24,24,24,43,43,43,43,43,34,79,60,45,45,60,40,40,41,8,8,8,8,8,8,2,26,1,82,60,29,29,25,25,83,71,0,0],"gold":56,"neow_bonus":"ONE_RARE_RELIC","is_daily":false,"chose_seed":false,"campfire_upgraded":3,"win_rate":0.0,"timestamp":1610648597,"path_taken":["M","?","M","?","M","E","?","E","T","$","?","$","R","E","R","BOSS","M","?","?","$","M","R","M","NM","T","?","?","M","?","E","R","BOSS","M","?","?","M","?","E","?","E"],"items_purchased_type":["Relic","Card","Relic"],"build_version":"2020-12-22","purchased_purges":2,"victory":false,"max_hp_per_floor":[72,72,72,72,72,72,72,79,79,79,79,79,79,79,79,79,79,79,84,84,81,81,81,82,82,82,82,82,82,82,82,82,82,82,82,82,82,82,82,83,83,83,83],"card_choices":[{"not_picked":["Replay:AtTheReady","Evaluate"],"picked":"Vengeance","floor":1.0},{"not_picked":["ClearTheMind","JustLucky"],"picked":"Tantrum","floor":3.0},{"not_picked":["MasterReality","Evaluate"],"picked":"FollowUp","floor":5.0},{"not_picked":["Replay:Cycle","ReachHeaven","Replay:BluntJabs"],"picked":"SKIP","floor":6.0},{"not_picked":["DeusExMachina","Replay:BluntJabs"],"picked":"EmptyFist","floor":7.0},{"not_picked":["DeceiveReality","ThirdEye"],"picked":"Weave","floor":8.0},{"not_picked":["Swivel","Crescendo","DeusExMachina"],"picked":"SKIP","floor":14.0},{"not_picked":["Devotion","DeusExMachina"],"picked":"DevaForm","floor":16.0},{"not_picked":["Prostrate","Replay:BluntJabs+1"],"picked":"FollowUp","floor":18.0},{"not_picked":["BowlingBash","Replay:AtTheReady+1"],"picked":"PathToVictory+1","floor":22.0},{"not_picked":["Evaluate+1","ThirdEye+1"],"picked":"FlurryOfBlows+1","floor":24.0},{"not_picked":["DeusExMachina","LikeWater"],"picked":"PathToVictory","floor":25.0},{"not_picked":["Replay:AtTheReady","Prostrate+1"],"picked":"FlurryOfBlows","floor":28.0},{"not_picked":["Pray","Prostrate","Vengeance+1"],"picked":"SKIP","floor":29.0},{"not_picked":["Worship","BowlingBash","ForeignInfluence+1"],"picked":"SKIP","floor":31.0},{"not_picked":["Consecrate+1","ForeignInfluence+1"],"picked":"FollowUp","floor":35.0},{"not_picked":["ClearTheMind+1","Replay:Hum"],"picked":"EmptyFist+1","floor":36.0},{"not_picked":["Indignation+1","Nirvana"],"picked":"ThirdEye","floor":38},{"not_picked":["Brilliance","Crescendo+1"],"picked":"FlurryOfBlows","floor":40},{"not_picked":["CrushJoints","Perseverance"],"picked":"Weave+1","floor":41}],"player_experience":101017,"relics_obtained":[{"floor":6.0,"key":"ReplayTheSpireMod:TigerMarble"},{"floor":8.0,"key":"DemoMod:MonsterBlood"},{"floor":9.0,"key":"Gremlin Horn"},{"floor":14.0,"key":"MealTicket"},{"floor":25.0,"key":"hubris:BottledRain"},{"floor":26.0,"key":"Yang"},{"floor":31.0,"key":"Lizard Tail"},{"floor":40,"key":"ReplayTheSpireMod:Shallot"}],"event_choices":[{"cards_removed":["Strike_P"],"damage_healed":0.0,"max_hp_gain":0.0,"max_hp_loss":0.0,"gold_gain":0.0,"event_name":"Living Wall","player_choice":"Forget","floor":2.0,"gold_loss":0.0,"damage_taken":0.0},{"damage_healed":0.0,"max_hp_gain":0.0,"max_hp_loss":0.0,"gold_gain":100.0,"event_name":"Golden Shrine","player_choice":"Pray","floor":4.0,"gold_loss":0.0,"damage_taken":0.0},{"damage_healed":19.0,"max_hp_gain":0.0,"max_hp_loss":0.0,"gold_gain":0.0,"event_name":"Mushrooms","player_choice":"Healed and dodged fight","floor":11.0,"gold_loss":0.0,"damage_taken":0.0,"cards_obtained":["Parasite"]},{"damage_healed":0.0,"max_hp_gain":5.0,"max_hp_loss":0.0,"gold_gain":0.0,"event_name":"Forgotten Altar","player_choice":"Shed Blood","floor":19.0,"gold_loss":0.0,"damage_taken":20.0},{"damage_healed":0.0,"max_hp_gain":0.0,"max_hp_loss":0.0,"gold_gain":0.0,"event_name":"Addict","player_choice":"Obtained Relic","floor":20.0,"gold_loss":85.0,"damage_taken":0.0,"relics_obtained":["DemoMod:DecoyRelic"]},{"damage_healed":0.0,"max_hp_gain":0.0,"max_hp_loss":0.0,"gold_gain":100.0,"event_name":"Golden Shrine","player_choice":"Pray","floor":30.0,"gold_loss":0.0,"damage_taken":0.0},{"damage_healed":0.0,"max_hp_gain":0.0,"max_hp_loss":0.0,"gold_gain":0.0,"event_name":"Tomb of Lord Red Mask","player_choice":"Paid","floor":37.0,"gold_loss":370.0,"damage_taken":0.0,"relics_obtained":["Red Mask"]},{"damage_healed":0,"gold_gain":0,"player_choice":"0 cards matched","damage_taken":0,"max_hp_gain":0,"max_hp_loss":0,"event_name":"Match and Keep!","floor":39,"gold_loss":0,"cards_obtained":[]}],"is_beta":false,"boss_relics":[{"not_picked":["energizedSpire:DeadBattery","Replay:Grab Bag"],"picked":"conspire:SpecialSausage"},{"not_picked":["aspiration:RitualDagger","hubris:HollowSoul"],"picked":"halation:PinkAlligatorPlush"}],"items_purged_floors":[10,21],"is_endless":true,"potions_floor_spawned":[1,5,14,25,28,29,33,35,40,41],"killed_by":"Nemesis","ascension_level":1}}