{"host":"d85gwtocd8go8gx0","time":1610652661,"event":{"mods":["BaseMod","Highlight Path","Minty Spire (QoL Compilation)","Permanent Neow","Quick Restart"],"gold_per_floor":[116,116,135,135,147,177,177,194,194,212,28,61,78,78,78,180,180,180,61,61,1,1,1,1,1,1,1,1,1,1,1,1,1,1,1,1,1,1,1,1,1,1,1,1,1,1,1,1,1,1],"floor_reached":51,"language":"ENG","playtime":2932,"items_purged":[],"score":796,"play_id":"34343eb3-48c1-42fc-8737-5329a898f380","local_time":"20210114113101","is_ascension_mode":false,"campfire_choices":[{"floor":15.0,"key":"REST"},{"floor":25.0,"key":"REST"},{"floor":29.0,"key":"REST"},{"floor":32.0,"key":"REST"},{"floor":41.0,"key":"REST"},{"data":"Envenom","floor":46.0,"key":"SMITH"},{"floor":49,"key":"REST"}],"circlet_count":0,"master_deck":["Survivor+1","Neutralize+1","Flying Knee+1","Backflip+1","Prepared+1","Die Die Die+1","Sucker Punch+1","Predator+1","Well Laid Plans+1","Conserve Battery+1","The Bomb+1","Deadly Poison+1","Catalyst+1","Deadly Poison+1","Dodge and Roll+1","CutThroughFate+1","J.A.X.+1","Pommel Strike+1","Streamline+1","Infinite Blades+1","BowlingBash+1","Clothesline+1","WheelKick+1","SashWhip+1","Tools of the Trade+1","Well Laid Plans+1","Phantasmal Killer+1","Blade Dance+1","Doppelganger+1","Dagger Throw+1","All Out Attack+1","Predator+1","Footwork+1","Envenom+1","Flex+1","Dagger Throw+1","Crescendo+1","FollowUp+1","Writhe","Master of Strategy+1","Deadly Poison+1"],"relics":["Ring of the Snake","Dream Catcher","Du-Vu Doll","Mummified Hand","PrismaticShard","Meat on the Bone","Ectoplasm","Toy Ornithopter","Eternal Feather","TungstenRod","Red Mask","MealTicket","Pandora\u0027s Box","Lizard Tail","Bottled Lightning","Mark of the Bloom","Boot"],"acts_visited":["Exordium","TheCity","TheBeyond"],"potions_floor_usage":[50,50,50],"damage_taken":[{"damage":0.0,"enemies":"2 Louse","floor":1.0,"turns":2.0},{"damage":0.0,"enemies":"Cultist","floor":3.0,"turns":4.0},{"damage":0.0,"enemies":"Small Slimes","floor":5.0,"turns":3.0},{"damage":29.0,"enemies":"Lagavulin","floor":6.0,"turns":11.0},{"damage":4.0,"enemies":"Exordium Thugs","floor":8.0,"turns":3.0},{"damage":14.0,"enemies":"Large Slime","floor":10.0,"turns":4.0},{"damage":18.0,"enemies":"3 Sentries","floor":12.0,"turns":6.0},{"damage":1.0,"enemies":"Exordium Wildlife","floor":13.0,"turns":3.0},{"damage":36.0,"enemies":"Hexaghost","floor":16.0,"turns":11.0},{"damage":0.0,"enemies":"Chosen","floor":18.0,"turns":4.0},{"damage":17.0,"enemies":"2 Thieves","floor":21.0,"turns":4.0},{"damage":50.0,"enemies":"Book of Stabbing","floor":23.0,"turns":6.0},{"damage":17.0,"enemies":"3 Cultists","floor":27.0,"turns":5.0},{"damage":36.0,"enemies":"Gremlin Leader","floor":28.0,"turns":4.0},{"damage":27.0,"enemies":"Masked Bandits","floor":30.0,"turns":4.0},{"damage":39.0,"enemies":"Slavers","floor":31.0,"turns":5.0},{"damage":67.0,"enemies":"Automaton","floor":33.0,"turns":9.0},{"damage":8.0,"enemies":"Orb Walker","floor":35.0,"turns":4.0},{"damage":5.0,"enemies":"3 Shapes","floor":36.0,"turns":2.0},{"damage":36.0,"enemies":"Spire Growth","floor":37.0,"turns":4.0},{"damage":28.0,"enemies":"Sphere and 2 Shapes","floor":38.0,"turns":5.0},{"damage":40.0,"enemies":"Nemesis","floor":40.0,"turns":5.0},{"damage":0,"enemies":"Reptomancer","floor":48,"turns":2},{"damage":55,"enemies":"Time Eater","floor":50,"turns":8}],"seed_played":"-4390840108705958784","potions_obtained":[{"floor":1.0,"key":"SkillPotion"},{"floor":6.0,"key":"LiquidBronze"},{"floor":10.0,"key":"FearPotion"},{"floor":12.0,"key":"LiquidBronze"},{"floor":16.0,"key":"Ancient Potion"},{"floor":27.0,"key":"PowerPotion"},{"floor":33.0,"key":"CunningPotion"},{"floor":37.0,"key":"SpeedPotion"},{"floor":40.0,"key":"GhostInAJar"}],"is_trial":false,"path_per_floor":["M","?","M","?","M","E","?","M","T","M","$","E","M","$","R","B",null,"M","$","?","M","?","E","$","R","T","M","E","R","?","E","R","B",null,"M","M","M","M","$","E","R","?","T","?","?","R","?","E","R","B",null],"character_chosen":"THE_SILENT","items_purchased":["PrismaticShard","Predator","Catalyst","Deadly Poison"],"campfire_rested":6,"item_purchase_floors":[11,11,19,19],"current_hp_per_floor":[70,80,80,80,80,51,51,47,47,33,33,15,26,26,50,26,80,80,80,80,63,63,25,25,49,49,44,20,62,47,25,67,17,80,72,67,43,27,42,19,64,80,80,80,80,80,80,80,80,25],"gold":1,"neow_bonus":"ONE_RANDOM_RARE_CARD","is_daily":false,"chose_seed":false,"campfire_upgraded":1,"win_rate":0.0,"timestamp":1610652661,"path_taken":["M","?","?","?","M","E","?","?","T","M","$","E","M","?","R","BOSS","M","$","?","M","?","E","?","R","T","M","E","R","?","E","R","BOSS","M","M","M","M","$","E","R","?","T","?","?","R","?","E","R","BOSS"],"items_purchased_type":["Relic","Card","Card","Card"],"build_version":"2020-12-22","purchased_purges":0,"victory":true,"max_hp_per_floor":[70,80,80,80,80,80,80,80,80,80,80,80,80,80,80,80,80,80,80,80,80,80,80,80,80,80,80,80,80,80,80,80,80,80,80,80,80,80,80,80,80,80,80,80,80,80,80,80,80,80],"card_choices":[{"not_picked":["Masterful Stab","Deflect"],"picked":"Flying Knee","floor":1.0},{"not_picked":["Dagger Spray","Outmaneuver"],"picked":"Backflip","floor":3.0},{"not_picked":["Flying Knee","Expertise"],"picked":"Prepared","floor":5.0},{"not_picked":["Quick Slash","Finisher"],"picked":"Die Die Die","floor":6.0},{"not_picked":["Backflip","Distraction","Crippling Poison"],"picked":"SKIP","floor":8.0},{"not_picked":["Dagger Spray","Poisoned Stab"],"picked":"Sucker Punch","floor":10.0},{"not_picked":["Carnage","Rampage"],"picked":"Well Laid Plans","floor":12.0},{"not_picked":["Stack","Infernal Blade"],"picked":"Conserve Battery","floor":13.0},{"not_picked":["Weave","Sentinel"],"picked":"Setup","floor":15.0},{"not_picked":["Night Terror","Secret Technique"],"picked":"The Bomb","floor":16.0},{"not_picked":["FlurryOfBlows","Weave"],"picked":"Deadly Poison+1","floor":18.0},{"not_picked":["Coolheaded","Recycle+1"],"picked":"CutThroughFate","floor":21.0},{"not_picked":["Slice","EmptyBody"],"picked":"Pommel Strike","floor":23.0},{"not_picked":["Armaments","Storm of Steel"],"picked":"Streamline","floor":25.0},{"not_picked":["Protect","CutThroughFate"],"picked":"Infinite Blades+1","floor":27.0},{"not_picked":["Turbo","Weave","Chaos"],"picked":"SKIP","floor":28.0},{"not_picked":["Skewer","Wireheading"],"picked":"BowlingBash","floor":29.0},{"not_picked":["Clash","Pummel"],"picked":"Clothesline","floor":30.0},{"not_picked":["Prepared","Redo+1"],"picked":"WheelKick","floor":31.0},{"not_picked":["Dodge and Roll","Gash+1"],"picked":"SashWhip+1","floor":32.0},{"not_picked":["HandOfGreed","Storm of Steel"],"picked":"Tools of the Trade","floor":33.0},{"not_picked":["Crippling Poison","Blade Dance"],"picked":"Flex","floor":35.0},{"not_picked":["Discovery","Heavy Blade+1","Compile Driver"],"picked":"SKIP","floor":36.0},{"not_picked":["Terror+1","Heel Hook"],"picked":"Dagger Throw+1","floor":37.0},{"not_picked":["FlurryOfBlows+1","Forethought"],"picked":"Crescendo+1","floor":38.0},{"not_picked":["Heatsinks","Anger","Flying Knee"],"picked":"SKIP","floor":40.0},{"not_picked":["Leap","Endless Agony"],"picked":"FollowUp","floor":41.0},{"not_picked":["Magnetism","Forethought"],"picked":"Master of Strategy","floor":44.0},{"not_picked":["Reinforced Body","Wild Strike+1"],"picked":"Deadly Poison+1","floor":48}],"player_experience":587,"relics_obtained":[{"floor":6.0,"key":"Dream Catcher"},{"floor":7.0,"key":"Du-Vu Doll"},{"floor":9.0,"key":"Mummified Hand"},{"floor":12.0,"key":"Meat on the Bone"},{"floor":23.0,"key":"Toy Ornithopter"},{"floor":26.0,"key":"Eternal Feather"},{"floor":28.0,"key":"TungstenRod"},{"floor":30.0,"key":"Red Mask"},{"floor":31.0,"key":"MealTicket"},{"floor":40.0,"key":"Lizard Tail"},{"floor":43.0,"key":"Bottled Lightning"},{"floor":48,"key":"Boot"}],"event_choices":[{"cards_removed":["Unload"],"damage_healed":0.0,"max_hp_gain":10.0,"max_hp_loss":0.0,"gold_gain":0.0,"event_name":"Bonfire Elementals","player_choice":"Offered Rare","floor":2.0,"gold_loss":0.0,"damage_taken":0.0},{"cards_removed":["Defend_G"],"damage_healed":0.0,"max_hp_gain":0.0,"max_hp_loss":0.0,"gold_gain":0.0,"event_name":"Living Wall","player_choice":"Forget","floor":4.0,"gold_loss":0.0,"damage_taken":0.0},{"damage_healed":0.0,"max_hp_gain":0.0,"max_hp_loss":0.0,"gold_gain":0.0,"event_name":"Wheel of Change","player_choice":"Relic","floor":7.0,"gold_loss":0.0,"damage_taken":0.0},{"damage_healed":0.0,"max_hp_gain":0.0,"max_hp_loss":0.0,"gold_gain":0.0,"event_name":"The Library","player_choice":"Read","floor":20.0,"gold_loss":0.0,"damage_taken":0.0,"cards_obtained":["Dodge and Roll"]},{"damage_healed":0.0,"max_hp_gain":0.0,"max_hp_loss":0.0,"gold_gain":0.0,"event_name":"Drug Dealer","player_choice":"Obtain J.A.X.","floor":22.0,"gold_loss":0.0,"damage_taken":0.0,"cards_obtained":["J.A.X."]},{"damage_healed":0.0,"max_hp_gain":0.0,"max_hp_loss":0.0,"gold_gain":0.0,"event_name":"Masked Bandits","player_choice":"Fought Bandits","floor":30.0,"gold_loss":0.0,"damage_taken":0.0},{"damage_healed":20.0,"max_hp_gain":0.0,"max_hp_loss":0.0,"gold_gain":0.0,"event_name":"Winding Halls","player_choice":"Writhe","floor":42.0,"gold_loss":0.0,"damage_taken":0.0,"cards_obtained":["Writhe"]},{"damage_healed":0.0,"max_hp_gain":0.0,"max_hp_loss":0.0,"gold_gain":0.0,"event_name":"SensoryStone","player_choice":"Memory 1","floor":44.0,"gold_loss":0.0,"damage_taken":0.0},{"cards_removed":["Setup"],"damage_healed":0.0,"max_hp_gain":0.0,"max_hp_loss":0.0,"gold_gain":0.0,"event_name":"Falling","player_choice":"Removed Skill","floor":45.0,"gold_loss":0.0,"damage_taken":0.0},{"damage_healed":0.0,"max_hp_gain":0.0,"max_hp_loss":0.0,"gold_gain":0.0,"event_name":"MindBloom","player_choice":"Upgrade","floor":47.0,"gold_loss":0.0,"damage_taken":0.0,"cards_upgraded":["Survivor","Neutralize","Flying Knee","Backflip","Prepared","Die Die Die","Sucker Punch","Predator","Well Laid Plans","Conserve Battery","The Bomb","Catalyst","Deadly Poison","Dodge and Roll","CutThroughFate","J.A.X.","Pommel Strike","Streamline","BowlingBash","Clothesline","WheelKick","Tools of the Trade","Well Laid Plans","Phantasmal Killer","Blade Dance","Doppelganger","Dagger Throw","All Out Attack","Predator","Footwork","Flex","FollowUp","Master of Strategy"],"relics_obtained":["Mark of the Bloom"]}],"is_beta":false,"boss_relics":[{"not_picked":["Philosopher\u0027s Stone","Black Star"],"picked":"Ectoplasm"},{"not_picked":["Runic Pyramid","Velvet Choker"],"picked":"Pandora\u0027s Box"}],"items_purged_floors":[],"is_endless":false,"potions_floor_spawned":[1,6,10,12,16,27,28,33,37,40],"ascension_level":0}}