{"host":"359hz4210ybch7ku","time":1610596234,"event":{"mods":["BaseMod","Block Reminder","Colored Map","Colored Powertips","Highlight Path","Minty Spire (QoL Compilation)","Slay the Relics Exporter","StSLib"],"gold_per_floor":[213,224,224,46,46,81,100,100,100,100,120,140,153,153,153,153,153],"floor_reached":16,"language":"ENG","playtime":1092,"items_purged":[],"score":112,"play_id":"b5557e23-065d-4484-b99e-44e704cc2874","local_time":"20210113195034","is_ascension_mode":true,"campfire_choices":[{"data":"After Image","floor":8,"key":"SMITH"},{"data":"Tactician","floor":10,"key":"SMITH"},{"floor":15,"key":"REST"}],"circlet_count":0,"master_deck":["Strike_G","Strike_G","Strike_G","Strike_G","Strike_G","Defend_G","Defend_G","Defend_G","Defend_G+1","Defend_G","Survivor","Neutralize","Dagger Throw","Adrenaline","Regret","Well Laid Plans","Tactician+1","Acrobatics","After Image+1","Underhanded Strike","Reflex+1","All Out Attack+1"],"relics":["Ring of the Snake","Darkstone Periapt","Orrery","FaceOfCleric","Lantern","Molten Egg 2"],"acts_visited":["Exordium"],"potions_floor_usage":[6,16,16,16],"damage_taken":[{"damage":8,"enemies":"2 Louse","floor":1,"turns":4},{"damage":0,"enemies":"Small Slimes","floor":2,"turns":3},{"damage":21,"enemies":"Lagavulin","floor":6,"turns":7},{"damage":11,"enemies":"Cultist","floor":7,"turns":4},{"damage":10,"enemies":"2 Fungi Beasts","floor":11,"turns":3},{"damage":10,"enemies":"Large Slime","floor":12,"turns":6},{"damage":3,"enemies":"Lots of Slimes","floor":13,"turns":3},{"damage":44,"enemies":"Slime Boss","floor":16,"turns":15}],"seed_played":"7879504733568665083","potions_obtained":[{"floor":1,"key":"ColorlessPotion"},{"floor":7,"key":"GhostInAJar"},{"floor":12,"key":"Regen Potion"},{"floor":13,"key":"SpeedPotion"}],"is_trial":false,"path_per_floor":["M","M","?","$","?","E","M","R","T","R","M","M","M","?","R","B"],"character_chosen":"THE_SILENT","items_purchased":["Orrery","Underhanded Strike"],"campfire_rested":1,"item_purchase_floors":[4,4],"current_hp_per_floor":[62,62,68,68,68,48,38,38,38,38,29,20,18,2,26,0,0],"gold":153,"neow_bonus":"HUNDRED_GOLD","is_daily":false,"chose_seed":false,"campfire_upgraded":2,"win_rate":0.0,"timestamp":1610596234,"path_taken":["M","M","?","$","?","E","M","R","T","R","?","M","M","?","R","BOSS"],"items_purchased_type":["Relic","Card"],"build_version":"2020-12-22","purchased_purges":0,"victory":false,"max_hp_per_floor":[70,70,76,76,76,77,78,78,78,78,79,80,81,81,81,81,81],"card_choices":[{"not_picked":["Backflip","Bane"],"picked":"Dagger Throw","floor":1},{"not_picked":["Dagger Spray","Footwork"],"picked":"Adrenaline","floor":2},{"not_picked":["PiercingWail","Escape Plan"],"picked":"Well Laid Plans","floor":4},{"not_picked":["Outmaneuver","Blade Dance"],"picked":"Tactician","floor":4},{"not_picked":["Blade Dance","Poisoned Stab"],"picked":"Acrobatics","floor":4},{"not_picked":["Dodge and Roll","Acrobatics"],"picked":"After Image","floor":4},{"not_picked":["Backstab","Deadly Poison"],"picked":"Reflex","floor":6},{"not_picked":["Deflect","Underhanded Strike","Quick Slash"],"picked":"SKIP","floor":7},{"not_picked":["PiercingWail","Quick Slash+1","Footwork"],"picked":"SKIP","floor":11},{"not_picked":["Underhanded Strike+1","Acrobatics"],"picked":"All Out Attack+1","floor":12},{"not_picked":["Quick Slash+1","Dash+1","Storm of Steel"],"picked":"SKIP","floor":13}],"player_experience":200456,"relics_obtained":[{"floor":6,"key":"Lantern"},{"floor":9,"key":"Molten Egg 2"}],"event_choices":[{"damage_healed":0,"gold_gain":0,"player_choice":"Box","damage_taken":0,"relics_obtained":["Darkstone Periapt"],"max_hp_gain":0,"max_hp_loss":0,"event_name":"Big Fish","floor":3,"gold_loss":0,"cards_obtained":["Regret"]},{"damage_healed":0,"gold_gain":0,"player_choice":"Trade","damage_taken":0,"relics_obtained":["FaceOfCleric"],"max_hp_gain":0,"max_hp_loss":0,"event_name":"FaceTrader","floor":5,"gold_loss":0},{"damage_healed":0,"gold_gain":0,"player_choice":"Entered Light","damage_taken":16,"max_hp_gain":0,"max_hp_loss":0,"event_name":"Shining Light","floor":14,"gold_loss":0,"cards_upgraded":["Reflex","Defend_G"]}],"is_beta":false,"boss_relics":[],"items_purged_floors":[],"is_endless":false,"potions_floor_spawned":[1,7,12,13],"killed_by":"Slime Boss","ascension_level":2}}