{"host":"bb5r3ba2ig485dr2","time":1610633801,"event":{"mods":["Act Like it!","BaseMod","CapriCore","Chen","Curses Come First","Gensokyo","Hallownest","Koishi","Lobotomy","LobotomyExtend","Marisa（霧雨　魔理沙）","Minty Spire (QoL Compilation)","Random Character Button","Rare Cards Sparkle","Reimu（博??梦）","StSLib","The Administrix","The Bug Knight","The Immortal","The Servant 0.9.4","The Wild Card"],"gold_per_floor":[113,113,131,82,12,12,42,42,118,48,76,27,27,27,27,127,127,146,396,412,146,146,47,65,75,75,89,114,114,66,86,86,186,186,196,215,232,39,39,39],"floor_reached":39,"language":"ENG","playtime":4974,"items_purged":["Injury"],"score":432,"play_id":"23a350ae-1202-4f11-94cc-b94d8a408ba6","local_time":"20210114151641","is_ascension_mode":false,"campfire_choices":[{"data":"Potential","floor":6.0,"key":"SMITH"},{"data":"BestPractice","floor":8.0,"key":"SMITH"},{"floor":15.0,"key":"RECALL"},{"floor":29.0,"key":"REST"},{"floor":32.0,"key":"REST"}],"circlet_count":0,"master_deck":["Strike_S","Defend_S","Defend_S","Defend_S+1","Defend_S+1","KidneyShot","Exchange+1","ReturningBlade","Rewind","BestPractice+1","TimeWarp","ShatteredReality","TheWorld","BottledTime","ShiftingGears+1","Gensokyo:GapWoman","Dash","ShatteredReality","Snipe+1","Potential","Comet","Potential+1","FlawlessForm","Dilation+1","Hightail+1","DualDimension+1","Rearm+1","Revamp+1","FastForward","Gensokyo:ScrapIron"],"relics":["Uniform","NeowsBlessing","LetterFromLob","Nunchaku","Kunai","White Beast Statue","Happy Flower","StoneMask","HollowMod:StagPassRelic","Ice Cream","Tiny Chest","Astrolabe","Sling"],"acts_visited":["Gensokyo:Gensokyo","Gensokyo:Gensokyoer","Gensokyo:Gensokyoest"],"potions_floor_usage":[35,36,39,39],"damage_taken":[{"damage":0.0,"enemies":"Gensokyo:3_Fairies","floor":1.0,"turns":1.0},{"damage":0.0,"enemies":"Gensokyo:2_Kodama","floor":3.0,"turns":1.0},{"damage":1.0,"enemies":"Gensokyo:Cirno","floor":7.0,"turns":2.0},{"damage":15.0,"enemies":"Gensokyo:Mamizou","floor":11.0,"turns":9.0},{"damage":15.0,"enemies":"Gensokyo:Yukari","floor":16.0,"turns":10.0},{"damage":13.0,"enemies":"Gensokyo:CosmicMonolith","floor":18.0,"turns":7.0},{"damage":13.0,"enemies":"Gensokyo:Chomper","floor":20.0,"turns":6.0},{"damage":30.0,"enemies":"Gensokyo:3_Gloops","floor":24.0,"turns":5.0},{"damage":4.0,"enemies":"Gensokyo:Swordslinger","floor":25.0,"turns":8.0},{"damage":13.0,"enemies":"Gensokyo:Slime_Group","floor":27.0,"turns":6.0},{"damage":6.0,"enemies":"Gensokyo:Reisen","floor":28.0,"turns":7.0},{"damage":0.0,"enemies":"Gensokyo:3_Gloops","floor":31.0,"turns":5.0},{"damage":54.0,"enemies":"Gensokyo:Eiki","floor":33.0,"turns":14.0},{"damage":2,"enemies":"Gensokyo:3_Boulders","floor":35,"turns":7},{"damage":11,"enemies":"Gensokyo:3_Bats","floor":36,"turns":5},{"damage":6,"enemies":"Gensokyo:3_Boulders","floor":37,"turns":8},{"damage":66,"enemies":"Gensokyo:3_Boulders","floor":39,"turns":3}],"seed_played":"3743516637252409128","potions_obtained":[{"floor":1.0,"key":"Swift Potion"},{"floor":3.0,"key":"GrandPatriotsElixir:ReiMu"},{"floor":16.0,"key":"GrandPatriotsElixir:ReiMu"},{"floor":18.0,"key":"Energy Potion"},{"floor":20.0,"key":"MagicPotion:ReiMu"},{"floor":24.0,"key":"Fire Potion"},{"floor":27.0,"key":"DuplicationPotion"},{"floor":28.0,"key":"ZuzhouPotion:ReiMu"},{"floor":31.0,"key":"SteroidPotion"},{"floor":33.0,"key":"ColorlessPotion"},{"floor":35,"key":"PowerPotion"},{"floor":36,"key":"Swift Potion"},{"floor":37,"key":"Dexterity Potion"}],"is_trial":false,"path_per_floor":["M","?","M","$","?","R","E","R","T","?","E","$","?","?","R","B",null,"M","?","M","COS","?","$","M","M","T","M","E","R","$","M","R","B",null,"M","M","M","COS","?"],"character_chosen":"THE_SERVANT","items_purchased":["Rewind","ShatteredReality","ShatteredReality","PowerPotion"],"campfire_rested":2,"item_purchase_floors":[4,12,23,30],"current_hp_per_floor":[65,65,65,65,65,65,64,64,64,64,49,49,49,49,49,34,65,55,55,45,45,45,45,24,23,23,16,13,35,35,44,67,16,78,81,79,82,82,0,0],"gold":39,"neow_bonus":"THREE_ENEMY_KILL","is_daily":false,"chose_seed":false,"campfire_upgraded":2,"win_rate":0.0,"timestamp":1610633801,"path_taken":["M","?","M","$","?","R","E","R","T","?","E","?","?","?","R","BOSS","M","?","?","COS","?","$","M","M","T","?","E","R","?","M","R","BOSS","M","M","M","COS","?"],"items_purchased_type":["Card","Card","Card","Potion"],"build_version":"2020-12-22","purchased_purges":1,"victory":false,"max_hp_per_floor":[65,65,65,65,65,65,65,65,65,65,65,65,65,65,65,65,65,66,66,67,67,67,67,70,71,71,73,74,74,74,77,77,78,78,81,84,87,87,87,87],"card_choices":[{"not_picked":["Reset","Collapse"],"picked":"Potential","floor":1.0},{"not_picked":["Desolation","DoubleEdge"],"picked":"ReturningBlade","floor":3.0},{"not_picked":["Rearm","DoubleEdge"],"picked":"BestPractice","floor":7.0},{"not_picked":["SurpressingFire","Reset"],"picked":"TimeWarp","floor":11.0},{"not_picked":["Sunlight","MurderousAura"],"picked":"TheWorld","floor":16.0},{"not_picked":["Alleviate","Rewind"],"picked":"BottledTime","floor":18.0},{"not_picked":["Unruled","Spin+1"],"picked":"ShiftingGears+1","floor":20.0},{"not_picked":["Comet","Gouge"],"picked":"Snipe+1","floor":24.0},{"not_picked":["ShatteredReality","SpecialFormula","Starlight"],"picked":"SKIP","floor":25.0},{"not_picked":["TimeWarp","Foresight+1"],"picked":"Potential","floor":27.0},{"not_picked":["SoulSculpture","SurpressingFire"],"picked":"Comet","floor":28.0},{"not_picked":["Ricochet","Replace"],"picked":"Potential+1","floor":31.0},{"not_picked":["Initiator","Deny"],"picked":"FlawlessForm","floor":33.0},{"not_picked":["Revamp","Unruled"],"picked":"Rearm+1","floor":35},{"not_picked":["DoubleEdge","Unruled+1"],"picked":"Revamp+1","floor":36},{"not_picked":["ShatteredReality","Revamp+1"],"picked":"FastForward","floor":37}],"player_experience":182552,"relics_obtained":[{"floor":1.0,"key":"LetterFromLob"},{"floor":7.0,"key":"Nunchaku"},{"floor":11.0,"key":"Kunai"},{"floor":26.0,"key":"HollowMod:StagPassRelic"},{"floor":28.0,"key":"Tiny Chest"}],"event_choices":[],"is_beta":false,"boss_relics":[{"not_picked":["SlaversCollar","Ectoplasm"],"picked":"StoneMask"},{"not_picked":["Sozu","Empty Cage"],"picked":"Astrolabe"}],"items_purged_floors":[23],"is_endless":false,"potions_floor_spawned":[1,3,16,18,20,24,25,27,28,31,33,35,36,37],"killed_by":"Gensokyo:3_Boulders","ascension_level":0}}