{"host":"h4390p13uu6iw1q5","time":1610591469,"event":{"mods":["BaseMod","Colored Map","Minty Spire (QoL Compilation)"],"gold_per_floor":[118,118,4,4,16,16,50,66,66,44,58,58,8,21,21,119,119,130,161,161,14,33,33,58,58,58,69,83,108,108,108,108,210,210,227,227,227,238,251,251,279,279,356,370,370,384,606,616,616,616],"floor_reached":51,"language":"ENG","playtime":9116,"items_purged":["Strike_B"],"score":1148,"play_id":"1959c165-4946-43dc-bde6-1d1810b0e86b","local_time":"20210113213109","is_ascension_mode":true,"campfire_choices":[{"data":"Go for the Eyes","floor":6,"key":"SMITH"},{"floor":12,"key":"REST"},{"data":"Defragment","floor":15,"key":"SMITH"},{"floor":23,"key":"REST"},{"floor":25,"key":"REST"},{"data":"Blizzard","floor":30,"key":"SMITH"},{"data":"Zap","floor":32,"key":"SMITH"},{"data":"Cold Snap","floor":40,"key":"SMITH"},{"data":"Rebound","floor":42,"key":"SMITH"},{"floor":49,"key":"REST"}],"circlet_count":0,"master_deck":["AscendersBane","Strike_B+1","Defend_B+1","Defend_B+1","Defend_B+1","Defend_B+1","Zap+1","Dualcast+1","Rebound+1","Defragment+1","Go for the Eyes+1","Cold Snap+1","Chill+1","Coolheaded+1","Coolheaded+1","Hologram+1","Seek+1","Redo+1","Hologram+1","Auto Shields+1","Blizzard+1","Chill+1","Fission+1","Secret Weapon+1","Panacea+1","Dark Shackles+1","Biased Cognition+1"],"relics":["SlaversCollar","Mummified Hand","Toxic Egg 2","Frozen Egg 2","Nuclear Battery","Red Mask","MutagenicStrength","DataDisk","Regal Pillow","White Beast Statue","Juzu Bracelet","SacredBark","PreservedInsect","Pantograph","Ornamental Fan"],"acts_visited":["Exordium","TheCity","TheBeyond"],"potions_floor_usage":[18,24,27,33,41,41,41,44,46,50,50],"damage_taken":[{"damage":0,"enemies":"Small Slimes","floor":1,"turns":3},{"damage":0,"enemies":"2 Louse","floor":5,"turns":2},{"damage":27,"enemies":"3 Sentries","floor":7,"turns":8},{"damage":4,"enemies":"Jaw Worm","floor":8,"turns":2},{"damage":4,"enemies":"Large Slime","floor":11,"turns":9},{"damage":17,"enemies":"Exordium Thugs","floor":14,"turns":6},{"damage":6,"enemies":"Slime Boss","floor":16,"turns":17},{"damage":0,"enemies":"Shell Parasite","floor":18,"turns":9},{"damage":37,"enemies":"Masked Bandits","floor":19,"turns":8},{"damage":0,"enemies":"Chosen","floor":22,"turns":5},{"damage":1,"enemies":"Slavers","floor":24,"turns":7},{"damage":6,"enemies":"Sentry and Sphere","floor":27,"turns":8},{"damage":3,"enemies":"3 Cultists","floor":28,"turns":7},{"damage":0,"enemies":"Book of Stabbing","floor":29,"turns":11},{"damage":0,"enemies":"Collector","floor":33,"turns":12},{"damage":0,"enemies":"3 Darklings","floor":35,"turns":5},{"damage":0,"enemies":"3 Shapes","floor":38,"turns":2},{"damage":0,"enemies":"3 Darklings","floor":39,"turns":3},{"damage":0,"enemies":"Giant Head","floor":41,"turns":12},{"damage":5,"enemies":"Transient","floor":44,"turns":5},{"damage":0,"enemies":"Jaw Worm Horde","floor":46,"turns":3},{"damage":3,"enemies":"Maw","floor":48,"turns":10},{"damage":1,"enemies":"Time Eater","floor":50,"turns":16}],"seed_played":"-859669255166807624","potions_obtained":[{"floor":5,"key":"FairyPotion"},{"floor":8,"key":"EssenceOfSteel"},{"floor":11,"key":"Energy Potion"},{"floor":16,"key":"Fruit Juice"},{"floor":22,"key":"ColorlessPotion"},{"floor":24,"key":"Fruit Juice"},{"floor":27,"key":"EntropicBrew"},{"floor":33,"key":"AttackPotion"},{"floor":35,"key":"FocusPotion"},{"floor":41,"key":"SkillPotion"},{"floor":44,"key":"SkillPotion"},{"floor":46,"key":"EssenceOfSteel"}],"is_trial":false,"path_per_floor":["M","?","$","?","M","R","E","M","T","$","M","R","?","M","R","B",null,"M","?","?","$","M","R","E","R","T","M","M","E","R","?","R","B",null,"M","?","?","M","M","R","E","R","T","M","T","M","?","M","R","B",null],"character_chosen":"DEFECT","items_purchased":["Defragment","Coolheaded+1","DataDisk"],"campfire_rested":4,"item_purchase_floors":[3,10,21],"current_hp_per_floor":[68,53,53,41,41,41,14,10,10,10,6,28,28,11,11,5,58,63,26,26,26,26,50,49,80,80,74,71,71,71,71,71,76,83,83,83,73,73,73,73,73,73,73,68,68,68,68,65,85,84],"gold":616,"neow_bonus":"BOSS_RELIC","is_daily":false,"chose_seed":false,"campfire_upgraded":6,"win_rate":0.0,"timestamp":1610591469,"path_taken":["M","?","$","?","M","R","E","M","T","$","M","R","?","M","R","BOSS","M","?","?","$","?","R","E","R","T","M","M","E","R","?","R","BOSS","M","?","?","M","M","R","E","R","T","M","?","M","?","M","R","BOSS"],"items_purchased_type":["Card","Card","Relic"],"build_version":"2020-12-22","purchased_purges":1,"victory":true,"max_hp_per_floor":[75,75,75,75,75,75,75,75,75,75,75,75,75,75,75,75,75,80,80,80,80,80,80,80,80,80,80,80,80,80,80,80,85,85,85,85,85,85,85,85,85,85,85,85,85,85,85,85,85,85],"card_choices":[{"not_picked":["Steam","Reinforced Body"],"picked":"Rebound","floor":1},{"not_picked":["Beam Cell","Turbo"],"picked":"Go for the Eyes","floor":5},{"not_picked":["Thunder Strike","Gash"],"picked":"Cold Snap","floor":7},{"not_picked":["Sunder","Chaos+1"],"picked":"Chill+1","floor":8},{"not_picked":["Ball Lightning","Rip and Tear"],"picked":"Coolheaded+1","floor":11},{"not_picked":["Redo+1","Rebound"],"picked":"Hologram+1","floor":14},{"not_picked":["Amplify+1","Fission+1"],"picked":"Seek+1","floor":16},{"not_picked":["Streamline","Stack+1"],"picked":"Redo+1","floor":18},{"not_picked":["Melter","Streamline"],"picked":"Hologram+1","floor":19},{"not_picked":["Rip and Tear+1","Rebound"],"picked":"Auto Shields+1","floor":22},{"not_picked":["BootSequence+1","Gash"],"picked":"Blizzard","floor":24},{"not_picked":["Hologram+1","Go for the Eyes","Leap+1"],"picked":"SKIP","floor":27},{"not_picked":["Stack+1","Hologram+1"],"picked":"Chill+1","floor":28},{"not_picked":["Steam Power+1","Rip and Tear","Melter"],"picked":"SKIP","floor":29},{"not_picked":["Reboot+1","Thunder Strike"],"picked":"Fission+1","floor":33},{"not_picked":["Steam+1","Darkness+1","Streamline"],"picked":"SKIP","floor":35},{"not_picked":["Flash of Steel","Good Instincts+1"],"picked":"Secret Weapon+1","floor":37},{"not_picked":["Enlightenment+1","Bandage Up+1"],"picked":"Panacea+1","floor":37},{"not_picked":["Deep Breath+1","Blind+1"],"picked":"Dark Shackles+1","floor":37},{"not_picked":["Steam+1","Storm+1","Hologram+1"],"picked":"SKIP","floor":38},{"not_picked":["Reprogram+1","Barrage+1","Steam+1"],"picked":"SKIP","floor":39},{"not_picked":["Conserve Battery+1","Heatsinks+1","Sweeping Beam"],"picked":"SKIP","floor":41},{"not_picked":["Turbo+1","Go for the Eyes"],"picked":"Biased Cognition+1","floor":44},{"not_picked":["Steam+1","Ball Lightning+1","Conserve Battery+1"],"picked":"SKIP","floor":46},{"not_picked":["Hologram+1","Gash","Reprogram+1"],"picked":"SKIP","floor":48}],"player_experience":2454068,"relics_obtained":[{"floor":7,"key":"Toxic Egg 2"},{"floor":9,"key":"Frozen Egg 2"},{"floor":19,"key":"Red Mask"},{"floor":24,"key":"Regal Pillow"},{"floor":26,"key":"White Beast Statue"},{"floor":29,"key":"Juzu Bracelet"},{"floor":41,"key":"PreservedInsect"},{"floor":43,"key":"Pantograph"},{"floor":45,"key":"Ornamental Fan"}],"event_choices":[{"damage_healed":0,"gold_gain":0,"player_choice":"Entered Light","damage_taken":15,"max_hp_gain":0,"max_hp_loss":0,"event_name":"Shining Light","floor":2,"gold_loss":0,"cards_upgraded":["Defend_B","Dualcast"]},{"damage_healed":0,"gold_gain":0,"player_choice":"Success","damage_taken":12,"relics_obtained":["Mummified Hand"],"max_hp_gain":0,"max_hp_loss":0,"event_name":"Scrap Ooze","floor":4,"gold_loss":0},{"cards_removed":["Strike_B"],"damage_healed":0,"gold_gain":0,"player_choice":"Card Removal","damage_taken":0,"max_hp_gain":0,"max_hp_loss":0,"event_name":"The Cleric","floor":13,"gold_loss":50},{"damage_healed":0,"gold_gain":0,"player_choice":"Fought Bandits","damage_taken":0,"max_hp_gain":0,"max_hp_loss":0,"event_name":"Masked Bandits","floor":19,"gold_loss":0},{"damage_healed":0,"gold_gain":0,"player_choice":"Inject Mutagens","damage_taken":0,"relics_obtained":["MutagenicStrength"],"max_hp_gain":0,"max_hp_loss":0,"event_name":"Drug Dealer","floor":20,"gold_loss":0},{"damage_healed":0,"gold_gain":0,"player_choice":"Simplicity","damage_taken":0,"max_hp_gain":0,"max_hp_loss":0,"event_name":"Back to Basics","floor":31,"gold_loss":0,"cards_upgraded":["Strike_B","Strike_B","Defend_B","Defend_B","Defend_B"]},{"cards_removed":["Strike_B"],"damage_healed":0,"gold_gain":0,"player_choice":"Removed Attack","damage_taken":0,"max_hp_gain":0,"max_hp_loss":0,"event_name":"Falling","floor":36,"gold_loss":0},{"damage_healed":0,"gold_gain":0,"player_choice":"Memory 3","damage_taken":10,"max_hp_gain":0,"max_hp_loss":0,"event_name":"SensoryStone","floor":37,"gold_loss":0},{"damage_healed":0,"gold_gain":222,"player_choice":"Wore Mask","damage_taken":0,"max_hp_gain":0,"max_hp_loss":0,"event_name":"Tomb of Lord Red Mask","floor":47,"gold_loss":0}],"is_beta":false,"boss_relics":[{"not_picked":["Busted Crown","Runic Dome"],"picked":"Nuclear Battery"},{"not_picked":["Snecko Eye","Velvet Choker"],"picked":"SacredBark"}],"items_purged_floors":[3],"is_endless":false,"potions_floor_spawned":[5,8,11,16,22,24,27,28,29,33,35,38,39,41,44,46,48],"ascension_level":10}}