{"host":"a4220vmwe0snk9yx","time":1610657892,"event":{"mods":["100% Spire Juice","AchievementEnabler","BaseMod","Bestiary","Better Altar","Better Skull","BetterRewards","CapriCore","Card Forge","Chen","Gold Saver","HololiveMod","Koishi","Marisa（霧雨　魔理沙）","Minty Spire (QoL Compilation)","Prisma Mod","Reimu（博??梦）","StSLib","SuperFastMode","The Alterego","The Animator","The Immortal","The Wild Card","Waifu the Spire","WarShipGirlsR/??少女R mod","Yakumo Yukari mod"],"gold_per_floor":[114,106,106,13,13,56,56,75,75,2,2,43,67,95,95,95,95],"floor_reached":16,"language":"ENG","playtime":996,"items_purged":[],"score":213,"play_id":"ea5f20e1-a20b-4e54-8910-702ab4fc93da","local_time":"20210114155812","is_ascension_mode":true,"campfire_choices":[{"data":"animator:NagisaMomoe","floor":7,"key":"SMITH"},{"data":"animator:HigakiRinne","floor":15,"key":"SMITH"}],"circlet_count":0,"master_deck":["AscendersBane","animator:Strike_MadokaMagica","animator:Defend_MadokaMagica","animator:IrohaTamaki","animator:YuiTsuruno","animator:IrohaTamaki","animator:NagisaMomoe+1","animator:Strike_OnePunchMan","animator:Strike_GATE","animator:Strike_FullmetalAlchemist","animator:Defend_GATE","animator:Defend_Elsword","animator:HigakiRinne+1","animator:SayakaMiki","animator:OrikoMikuni"],"relics":["animator:LivingPicture","animator:TheMissingPiece","Hammer of Thor","Seething Fire","Anvil of the Gods","NeowsBlessing","Golden Idol","Bottled Lightning","Gremlin Horn","Tiny Chest"],"acts_visited":["Exordium"],"potions_floor_usage":[],"damage_taken":[{"damage":0,"enemies":"Small Slimes","floor":1,"turns":1},{"damage":0,"enemies":"3 Sentries","floor":6,"turns":1},{"damage":0,"enemies":"Jaw Worm","floor":8,"turns":1},{"damage":2,"enemies":"Lagavulin","floor":12,"turns":5},{"damage":0,"enemies":"Cultist","floor":13,"turns":3},{"damage":9,"enemies":"3 Louse","floor":14,"turns":5},{"damage":53,"enemies":"Slime Boss","floor":16,"turns":6}],"seed_played":"-164915394256623972","potions_obtained":[{"floor":6,"key":"Block Potion"},{"floor":11,"key":"DistilledChaos"}],"is_trial":false,"path_per_floor":["M","?","?","?","?","E","R","M","T","$","?","E","M","M","R","B"],"character_chosen":"THE_ANIMATOR","items_purchased":["animator:HigakiRinne"],"campfire_rested":0,"item_purchase_floors":[10],"current_hp_per_floor":[59,59,59,59,52,52,52,52,52,52,52,51,51,42,42,0,0],"gold":95,"neow_bonus":"THREE_ENEMY_KILL","is_daily":false,"chose_seed":false,"campfire_upgraded":2,"win_rate":0.0,"timestamp":1610657892,"path_taken":["M","?","?","?","?","E","R","M","T","$","?","E","M","M","R","BOSS"],"items_purchased_type":["Card"],"build_version":"2020-12-22","purchased_purges":0,"victory":false,"max_hp_per_floor":[66,66,61,61,61,61,61,61,61,61,61,62,62,62,62,62,62],"card_choices":[{"not_picked":["animator:Elsword","animator:Emonzaemon"],"picked":"animator:IrohaTamaki","floor":1},{"not_picked":[],"picked":"animator:NagisaMomoe","floor":2},{"not_picked":["animator:Ara","animator:Rider","animator:Laby"],"picked":"SKIP","floor":6},{"not_picked":["animator:Raven","animator:Lancer","animator:Emonzaemon"],"picked":"SKIP","floor":8},{"not_picked":["animator:MamiTomoe","animator:KyokoSakura"],"picked":"animator:SayakaMiki","floor":12},{"not_picked":["animator:UneriGinkaku","animator:Illya","animator:ElricAlphonse"],"picked":"SKIP","floor":13},{"not_picked":["animator:Chung","animator:Aisha"],"picked":"animator:OrikoMikuni","floor":14}],"player_experience":914841,"relics_obtained":[{"floor":6,"key":"Bottled Lightning"},{"floor":9,"key":"Gremlin Horn"},{"floor":12,"key":"Tiny Chest"}],"event_choices":[{"damage_healed":0,"gold_gain":0,"player_choice":"Lose Max HP","damage_taken":0,"relics_obtained":["Golden Idol"],"max_hp_gain":0,"max_hp_loss":5,"event_name":"Golden Idol","floor":3,"gold_loss":0},{"cards_removed":["animator:Defend_NoGameNoLife"],"damage_healed":0,"gold_gain":0,"player_choice":"Card Removal","damage_taken":7,"max_hp_gain":0,"max_hp_loss":0,"event_name":"Golden Wing","floor":5,"gold_loss":0},{"damage_healed":0,"gold_gain":0,"player_choice":"Got Potions","damage_taken":0,"max_hp_gain":0,"max_hp_loss":0,"event_name":"Lab","floor":11,"gold_loss":0}],"is_beta":false,"boss_relics":[],"items_purged_floors":[],"is_endless":false,"potions_floor_spawned":[6,13],"killed_by":"Slime Boss","ascension_level":12}}