{"host":"0jile2yd1dg679g0","time":1610658051,"event":{"mods":["AchievementEnabler","Act Like it!","BaseMod","Better Third Choice","Colored Map","Colored Powertips","Gensokyo","Hermit","Luminous","Marisa????????","Minty Spire (QoL Compilation)","Random Character Button","Spicy Shops","StSLib","The Servant 0.9.4","Transform Curses","Waifu the Spire"],"gold_per_floor":[111,29,45,55,26,26,52,52,52,77,77,77,77,112,112,241,241,257,257,277,292,313,354,354,43,68,68,68,68,86,86,86,217,217,231,231,249,309,1308,1308,1308,548,616,641,659,659,155,82,82,82],"floor_reached":51,"language":"ENG","playtime":8816,"items_purged":[],"score":915,"play_id":"8bd77021-d307-48b4-ab80-66ac4667c75c","local_time":"20210114160051","is_ascension_mode":true,"campfire_choices":[{"data":"Dark Shackles","floor":6.0,"key":"SMITH"},{"floor":8.0,"key":"REST"},{"floor":11.0,"key":"REST"},{"floor":13.0,"key":"REST"},{"data":"Wraith Form v2","floor":15.0,"key":"SMITH"},{"floor":24.0,"key":"REST"},{"data":"Storm of Steel","floor":27.0,"key":"SMITH"},{"floor":32.0,"key":"REST"},{"floor":40,"key":"REST"},{"data":"After Image","floor":41,"key":"SMITH"},{"data":"Well Laid Plans","floor":49,"key":"SMITH"}],"circlet_count":0,"master_deck":["Strike_G+1","Strike_G+1","Strike_G+1","Strike_G+1","Strike_G+1","Defend_G+1","Defend_G+1","Defend_G+1","Defend_G+1","Defend_G+1","Survivor","Neutralize","Dark Shackles+1","Well Laid Plans+1","Prepared","Finisher","Wraith Form v2+1","Concentrate","Die Die Die","CurseOfTheBell","Quick Slash+1","Finesse","Storm of Steel+1","Neutralize+1","Blade Dance","Escape Plan+1","Expertise+1","Blade Dance","Tools of the Trade","After Image+1","Outmaneuver","Wraith Form v2+1","Deflect+1","Die Die Die+1","After Image+1","Leg Sweep+1","Choke+1","Choke+1","Storm of Steel","Terror"],"relics":["Ring of the Snake","WingedGreaves","betterThird:SlimedRelic","Pocketwatch","Tingsha","Incense Burner","Golden Idol","Bag of Preparation","Lantern","Molten Egg 2","Unceasing Top","TungstenRod","Lizard Tail","Omamori","Nloth\u0027s Gift","Philosopher\u0027s Stone","CatCart","Anchor","DollysMirror","Bronze Scales","Vajra","ClockworkSouvenir","Bottled Flame","Ancient Tea Set","MawBank","Ornamental Fan","Letter Opener","Orrery"],"acts_visited":["Exordium","TheCity","TheBeyond"],"potions_floor_usage":[38,38],"damage_taken":[{"damage":0.0,"enemies":"2 Louse","floor":1.0,"turns":3.0},{"damage":1.0,"enemies":"Small Slimes","floor":3.0,"turns":5.0},{"damage":1.0,"enemies":"Cultist","floor":4.0,"turns":4.0},{"damage":42.0,"enemies":"Gremlin Nob","floor":7.0,"turns":7.0},{"damage":18.0,"enemies":"Lagavulin","floor":10.0,"turns":8.0},{"damage":9.0,"enemies":"Gremlin Nob","floor":14.0,"turns":6.0},{"damage":31.0,"enemies":"Slime Boss","floor":16.0,"turns":14.0},{"damage":1.0,"enemies":"Shell Parasite","floor":18.0,"turns":5.0},{"damage":0.0,"enemies":"3 Byrds","floor":20.0,"turns":2.0},{"damage":13.0,"enemies":"Sentry and Sphere","floor":21.0,"turns":4.0},{"damage":12.0,"enemies":"Shelled Parasite and Fungi","floor":22.0,"turns":4.0},{"damage":4.0,"enemies":"Gremlin Leader","floor":23.0,"turns":6.0},{"damage":0.0,"enemies":"3 Cultists","floor":30.0,"turns":4.0},{"damage":75,"enemies":"Champ","floor":33,"turns":14},{"damage":3,"enemies":"3 Darklings","floor":35,"turns":4},{"damage":1,"enemies":"Orb Walker","floor":37,"turns":3},{"damage":3,"enemies":"Orin","floor":38,"turns":12},{"damage":0,"enemies":"Maw","floor":45,"turns":6},{"damage":38,"enemies":"Awakened One","floor":50,"turns":12}],"seed_played":"-1415258603560631055","potions_obtained":[{"floor":1.0,"key":"AttackPotion"},{"floor":7.0,"key":"BlessingOfTheForge"},{"floor":10.0,"key":"FearPotion"},{"floor":14.0,"key":"Explosive Potion"},{"floor":20.0,"key":"DuplicationPotion"},{"floor":30.0,"key":"Dexterity Potion"},{"floor":37,"key":"ColorlessPotion"},{"floor":45,"key":"FearPotion"}],"is_trial":false,"path_per_floor":["M","$","M","M","?","R","E","R","T","E","R","?","R","E","R","B",null,"M","?","M","M","M","E","R","$","T","R","?","?","M","$","R","B",null,"M","?","M","?","?","R","R","$","T","T","M","T","$","$","R","B",null],"character_chosen":"THE_SILENT","items_purchased":["WingedGreaves","Lizard Tail","Anchor","DollysMirror","Bronze Scales","Vajra","ClockworkSouvenir","Ornamental Fan","Letter Opener","Orrery"],"campfire_rested":6,"item_purchase_floors":[2,25,42,42,42,42,42,47,47,48],"current_hp_per_floor":[63,63,62,61,50,50,8,29,29,11,32,32,51,42,42,11,52,51,51,51,38,26,22,41,41,41,41,41,41,41,41,60,32,57,54,54,53,50,50,65,65,65,65,65,65,65,65,65,65,27],"gold":82,"neow_bonus":"RANDOM_COLORLESS","is_daily":false,"chose_seed":false,"campfire_upgraded":5,"win_rate":0.0,"timestamp":1610658051,"path_taken":["M","$","M","M","?","R","E","R","T","E","R","?","R","E","R","BOSS","M","?","?","M","M","E","R","$","T","R","?","?","?","$","R","BOSS","M","?","?","?","?","R","R","$","T","?","M","?","?","$","R","BOSS"],"items_purchased_type":["Relic","Relic","Relic","Relic","Relic","Relic","Relic","Relic","Relic","Relic"],"build_version":"2020-12-22","purchased_purges":0,"victory":true,"max_hp_per_floor":[70,70,70,70,70,70,70,70,70,70,70,65,65,65,65,65,65,65,65,65,65,65,65,65,65,65,65,65,65,65,65,65,65,65,65,65,65,65,65,65,65,65,65,65,65,65,65,65,65,65],"card_choices":[{"not_picked":["Trip","Mind Blast"],"picked":"Dark Shackles","floor":0.0},{"not_picked":["Calculated Gamble","Cloak And Dagger"],"picked":"Well Laid Plans","floor":1.0},{"not_picked":["Sucker Punch","Poisoned Stab","Bane"],"picked":"SKIP","floor":3.0},{"not_picked":["Bane","Poisoned Stab"],"picked":"Prepared","floor":4.0},{"not_picked":["Acrobatics","Underhanded Strike"],"picked":"Finisher","floor":7.0},{"not_picked":["Prepared","Finisher"],"picked":"Wraith Form v2","floor":10.0},{"not_picked":["Quick Slash","PiercingWail"],"picked":"Concentrate","floor":14.0},{"not_picked":["Malaise","Wraith Form v2"],"picked":"Die Die Die","floor":16.0},{"not_picked":["Outmaneuver","Sucker Punch+1"],"picked":"Quick Slash+1","floor":18.0},{"not_picked":["Poisoned Stab+1","Flying Knee+1"],"picked":"Blade Dance","floor":20.0},{"not_picked":["Sucker Punch+1","Deadly Poison"],"picked":"Escape Plan+1","floor":21.0},{"not_picked":["Bane+1","Dodge and Roll+1"],"picked":"Expertise+1","floor":22.0},{"not_picked":["Cloak And Dagger+1","Blur"],"picked":"Blade Dance","floor":23.0},{"not_picked":["Deadly Poison","Reflex+1"],"picked":"Tools of the Trade","floor":30.0},{"not_picked":["Storm of Steel","Night Terror"],"picked":"After Image","floor":33},{"not_picked":["Underhanded Strike+1","Deadly Poison"],"picked":"Outmaneuver","floor":35},{"not_picked":["Poisoned Stab+1","Setup"],"picked":"Deflect+1","floor":37},{"not_picked":["Prepared+1","Sucker Punch+1"],"picked":"Die Die Die+1","floor":38},{"not_picked":["Poisoned Stab+1","Tactician+1"],"picked":"Leg Sweep+1","floor":45},{"not_picked":["Leg Sweep","Flying Knee+1"],"picked":"Choke+1","floor":48},{"not_picked":["After Image","Predator+1"],"picked":"Choke+1","floor":48},{"not_picked":["Underhanded Strike+1","Endless Agony+1"],"picked":"Storm of Steel","floor":48},{"not_picked":["Cloak And Dagger+1","Masterful Stab+1"],"picked":"Terror","floor":48}],"player_experience":282232,"relics_obtained":[{"floor":7.0,"key":"Pocketwatch"},{"floor":9.0,"key":"Tingsha"},{"floor":10.0,"key":"Incense Burner"},{"floor":14.0,"key":"Bag of Preparation"},{"floor":17.0,"key":"Lantern"},{"floor":17.0,"key":"Molten Egg 2"},{"floor":17.0,"key":"Unceasing Top"},{"floor":23.0,"key":"TungstenRod"},{"floor":26.0,"key":"Omamori"},{"floor":38,"key":"CatCart"},{"floor":43,"key":"Bottled Flame"},{"floor":44,"key":"Ancient Tea Set"},{"floor":46,"key":"MawBank"}],"event_choices":[{"damage_healed":0.0,"max_hp_gain":0.0,"max_hp_loss":0.0,"gold_gain":0.0,"event_name":"betterThird:BetterGoop","player_choice":"Slimed","floor":5.0,"gold_loss":29.0,"damage_taken":11.0},{"damage_healed":0.0,"max_hp_gain":0.0,"max_hp_loss":5.0,"gold_gain":0.0,"event_name":"Golden Idol","player_choice":"Lose Max HP","floor":12.0,"gold_loss":0.0,"damage_taken":0.0,"relics_obtained":["Golden Idol"]},{"damage_healed":0.0,"max_hp_gain":0.0,"max_hp_loss":0.0,"gold_gain":0.0,"event_name":"Match and Keep!","player_choice":"3 cards matched","floor":19.0,"gold_loss":0.0,"damage_taken":0.0,"cards_obtained":["Finesse","Storm of Steel","Neutralize"]},{"damage_healed":0.0,"max_hp_gain":0.0,"max_hp_loss":10.0,"gold_gain":0.0,"event_name":"betterThird:BetterWriting","player_choice":"Simplicity","floor":28.0,"gold_loss":0.0,"damage_taken":0.0},{"damage_healed":0.0,"max_hp_gain":0.0,"max_hp_loss":0.0,"gold_gain":0.0,"event_name":"N\u0027loth","player_choice":"Traded Relic","floor":29.0,"relics_lost":["Calling Bell"],"gold_loss":0.0,"damage_taken":0.0,"relics_obtained":["Nloth\u0027s Gift"]},{"damage_healed":0,"gold_gain":0,"player_choice":"Copied","damage_taken":0,"max_hp_gain":0,"max_hp_loss":0,"event_name":"Duplicator","floor":36,"gold_loss":0,"cards_obtained":["Wraith Form v2"]},{"damage_healed":0,"gold_gain":0,"player_choice":"Fight","damage_taken":0,"max_hp_gain":0,"max_hp_loss":0,"event_name":"OrinTheCat","floor":38,"gold_loss":0},{"damage_healed":0,"gold_gain":999,"player_choice":"Gold","damage_taken":0,"max_hp_gain":0,"max_hp_loss":0,"event_name":"MindBloom","floor":39,"gold_loss":0,"cards_obtained":["Normality","Normality"]}],"is_beta":false,"boss_relics":[{"not_picked":["Runic Dome","Tiny House"],"picked":"Calling Bell"},{"not_picked":["Coffee Dripper","Snecko Eye"],"picked":"Philosopher\u0027s Stone"}],"items_purged_floors":[],"is_endless":false,"potions_floor_spawned":[1,7,10,14,20,30,37,45],"ascension_level":6}}