{"host":"s2ap0bnrs90y0f0j","time":1610586997,"event":{"mods":["BaseMod","Minty Spire (QoL Compilation)","StSLib","TheArtist","TheBandit"],"gold_per_floor":[111,62,62,74,74,106,169,169,169,169],"floor_reached":8,"language":"ENG","playtime":634,"items_purged":[],"score":79,"play_id":"f83f6d62-02ca-47e2-944e-baba31cc38da","local_time":"20210113201637","is_ascension_mode":false,"campfire_choices":[],"circlet_count":0,"master_deck":["wariomod:Strike","wariomod:Strike","wariomod:Strike","wariomod:Strike","wariomod:Defend","wariomod:Defend+1","wariomod:Defend+1","wariomod:Step","wariomod:Leap","Secret Weapon","wariomod:OctoJump","wariomod:Bombshield","wariomod:SmallSprint","wariomod:Immortalize"],"relics":["wariomod:TheHat","Bag of Marbles","Toy Ornithopter"],"acts_visited":["Exordium"],"potions_floor_usage":[],"damage_taken":[{"damage":0,"enemies":"Cultist","floor":1,"turns":3},{"damage":7,"enemies":"Small Slimes","floor":4,"turns":2},{"damage":0,"enemies":"Lagavulin","floor":6,"turns":7},{"damage":27,"enemies":"Lagavulin Event","floor":7,"turns":7},{"damage":58,"enemies":"Gremlin Nob","floor":8,"turns":4}],"seed_played":"5614345776007801588","potions_obtained":[{"floor":6,"key":"Block Potion"},{"floor":7,"key":"Block Potion"}],"is_trial":false,"path_per_floor":["M","$","?","M","?","E","?","E"],"character_chosen":"THE_BANDIT","items_purchased":["wariomod:Bombshield"],"campfire_rested":0,"item_purchase_floors":[2],"current_hp_per_floor":[72,72,72,65,51,51,24,0,0,0],"gold":169,"neow_bonus":"RANDOM_COLORLESS_2","is_daily":false,"chose_seed":false,"campfire_upgraded":0,"win_rate":0.0,"timestamp":1610586997,"path_taken":["M","?","?","M","?","E","?","E"],"items_purchased_type":["Card"],"build_version":"2020-12-22","purchased_purges":0,"victory":false,"max_hp_per_floor":[72,72,72,72,72,72,72,72,72,72],"card_choices":[{"not_picked":["Metamorphosis","Sadistic Nature"],"picked":"Secret Weapon","floor":0},{"not_picked":["wariomod:BlastDash","wariomod:ThatsNotAll"],"picked":"wariomod:OctoJump","floor":1},{"not_picked":["wariomod:Goblast","wariomod:HappyHop","wariomod:BoomBoom"],"picked":"SKIP","floor":4},{"not_picked":["wariomod:DisarmingMoves","wariomod:PayItForwards"],"picked":"wariomod:SmallSprint","floor":6},{"not_picked":["wariomod:GreaterGuard","wariomod:TreasureDig"],"picked":"wariomod:Immortalize","floor":7}],"player_experience":655596,"relics_obtained":[{"floor":6,"key":"Bag of Marbles"},{"floor":7,"key":"Toy Ornithopter"}],"event_choices":[{"cards_removed":["wariomod:Defend"],"damage_healed":0,"gold_gain":0,"player_choice":"Forget","damage_taken":0,"max_hp_gain":0,"max_hp_loss":0,"event_name":"Living Wall","floor":3,"gold_loss":0},{"damage_healed":0,"gold_gain":0,"player_choice":"Entered Light","damage_taken":14,"max_hp_gain":0,"max_hp_loss":0,"event_name":"Shining Light","floor":5,"gold_loss":0,"cards_upgraded":["wariomod:Defend","wariomod:Defend"]},{"damage_healed":0,"gold_gain":0,"player_choice":"Searched \u00271\u0027 times","damage_taken":0,"max_hp_gain":0,"max_hp_loss":0,"event_name":"Dead Adventurer","floor":7,"gold_loss":0}],"is_beta":false,"boss_relics":[],"items_purged_floors":[],"is_endless":false,"potions_floor_spawned":[6,7],"killed_by":"Gremlin Nob","ascension_level":0}}