{"host":"bb5r3ba2ig485dr2","time":1610637131,"event":{"mods":["Act Like it!","BaseMod","CapriCore","Chen","Curses Come First","Gensokyo","Hallownest","Koishi","Lobotomy","LobotomyExtend","Marisa（霧雨　魔理沙）","Minty Spire (QoL Compilation)","Random Character Button","Rare Cards Sparkle","Reimu（博??梦）","StSLib","The Administrix","The Bug Knight","The Immortal","The Servant 0.9.4","The Wild Card"],"gold_per_floor":[117,117,133,133,146,146,146,146,191,223,236,250,265,278,278,377,377,377,393,405,405,405],"floor_reached":21,"language":"ENG","playtime":1808,"items_purged":[],"score":183,"play_id":"52e2cbf0-3608-4b9c-8512-d5fd76c47bf3","local_time":"20210114161211","is_ascension_mode":false,"campfire_choices":[{"data":"Koishi:DreadfulBlow","floor":6,"key":"SMITH"},{"floor":8,"key":"RECALL"},{"data":"Koishi:Ego","floor":15,"key":"SMITH"}],"circlet_count":0,"master_deck":["Koishi:BasicStrike","Koishi:BasicStrike","Koishi:BasicStrike","Koishi:BasicStrike","Koishi:BasicDefend","Koishi:BasicDefend","Koishi:BasicDefend","Koishi:BasicDefend","Koishi:Provoke","Koishi:HauntingSlash","Koishi:SubconsciousSweep","FairyFestival","CrumblingArmor","Koishi:SubterraneanRose","Koishi:DreadfulBlow+1","PunishingBird","Koishi:SubterraneanRose","Koishi:Ego+1","Koishi:LastRemote","Koishi:JumpScare","Koishi:HeartAttack","Yin","Koishi:ParalyzingFear","Koishi:StingingMind","Koishi:MassHysteria","Koishi:SprinkleStarAndHeart","Koishi:FadingMemory","Koishi:MindNumbingTerror","Koishi:Possession+1","Koishi:ImGoingToCallYouNow"],"relics":["Koishi:ImaginaryFriend","CogitoBucket","LetterFromLob","Gensokyo:NagashiBinaDoll","Prayer Wheel","AspirationHeart","Snecko Eye"],"acts_visited":["Gensokyo:Gensokyo","Gensokyo:Gensokyoer"],"potions_floor_usage":[12,12,16],"damage_taken":[{"damage":4,"enemies":"Gensokyo:3_Fairies","floor":1,"turns":6},{"damage":2,"enemies":"Gensokyo:Gryphon","floor":3,"turns":5},{"damage":0,"enemies":"Gensokyo:2_Kodama","floor":5,"turns":3},{"damage":12,"enemies":"Gensokyo:Cirno","floor":10,"turns":5},{"damage":0,"enemies":"Gensokyo:CorruptedTreant","floor":11,"turns":5},{"damage":37,"enemies":"Gensokyo:VengefulSpirit","floor":12,"turns":4},{"damage":4,"enemies":"Gensokyo:Python_and_Kodama","floor":13,"turns":5},{"damage":12,"enemies":"Gensokyo:Kitsune","floor":14,"turns":3},{"damage":52,"enemies":"Gensokyo:Yukari","floor":16,"turns":12},{"damage":0,"enemies":"Gensokyo:Chomper","floor":19,"turns":5},{"damage":40,"enemies":"Gensokyo:3_Dogs","floor":20,"turns":6},{"damage":50,"enemies":"Gensokyo:Swordslinger","floor":21,"turns":4}],"seed_played":"-8973543120824919867","potions_obtained":[{"floor":5,"key":"Regen Potion"},{"floor":10,"key":"PowerPotion"},{"floor":12,"key":"Regen Potion"},{"floor":14,"key":"Ancient Potion"},{"floor":16,"key":"LiquidMemories"},{"floor":20,"key":"ColorlessPotion"}],"is_trial":false,"path_per_floor":["M","?","M","?","M","R","?","R","T","E","M","M","M","M","R","B",null,"M","M","M","M"],"character_chosen":"KOISHI","items_purchased":[],"campfire_rested":0,"item_purchase_floors":[],"current_hp_per_floor":[56,56,60,60,60,60,60,60,60,53,60,47,55,46,46,33,70,70,70,41,0,0],"gold":405,"neow_bonus":"","is_daily":false,"chose_seed":false,"campfire_upgraded":2,"win_rate":0.0,"timestamp":1610637131,"path_taken":["M","?","M","?","M","R","?","R","T","E","M","M","M","?","R","BOSS","M","M","M","M"],"items_purchased_type":[],"build_version":"2020-12-22","purchased_purges":0,"victory":false,"max_hp_per_floor":[60,60,60,60,60,60,60,60,60,60,60,70,70,70,70,70,70,70,70,70,70,70],"card_choices":[{"not_picked":["Koishi:Untouchable","Koishi:CatchAndRose"],"picked":"Koishi:SubconsciousSweep","floor":1},{"not_picked":["BeautyBeast","MHz"],"picked":"FairyFestival","floor":1},{"not_picked":["RedShoes","Wellcheers"],"picked":"CrumblingArmor","floor":3},{"not_picked":["Koishi:DanmakuParanoia","Koishi:GeneticsOfTheUnconscious"],"picked":"Koishi:SubterraneanRose","floor":3},{"not_picked":["Koishi:Prune","Koishi:Jaunt"],"picked":"Koishi:DreadfulBlow","floor":5},{"not_picked":["LittlePrince","Murderer"],"picked":"PunishingBird","floor":5},{"not_picked":["Koishi:EmbryosDream","Koishi:StrangeCloudFist"],"picked":"Koishi:SubterraneanRose","floor":10},{"not_picked":["Koishi:FourthEye","Koishi:Vanish"],"picked":"Koishi:Ego","floor":11},{"not_picked":["Koishi:PhantomBarrier","Koishi:BloodcurdlingScream"],"picked":"Koishi:LastRemote","floor":11},{"not_picked":["Koishi:UnconsciousUrges","Koishi:ConditionedTeleport"],"picked":"Koishi:JumpScare","floor":12},{"not_picked":["Koishi:ReflexRadar","Koishi:PhantomBarrier"],"picked":"Koishi:HeartAttack","floor":12},{"not_picked":["BigBird","Scorched"],"picked":"Yin","floor":12},{"not_picked":["Koishi:SpiritedAway","Koishi:StingingMind"],"picked":"Koishi:ParalyzingFear","floor":13},{"not_picked":["Koishi:Prune","Koishi:SpiritedAway"],"picked":"Koishi:StingingMind","floor":13},{"not_picked":["Koishi:CatchAndRose","Koishi:UnconsciousUprising"],"picked":"Koishi:MassHysteria","floor":14},{"not_picked":["Koishi:JumpScare","Koishi:CatchAndRose"],"picked":"Koishi:SprinkleStarAndHeart","floor":14},{"not_picked":["Koishi:SuperEgo","Koishi:FormlessExistence"],"picked":"Koishi:FadingMemory","floor":16},{"not_picked":["Koishi:BramblyRoseGarden","Koishi:Prune"],"picked":"Koishi:MindNumbingTerror","floor":19},{"not_picked":["Koishi:CatchAndRose","Koishi:EmbryosDream"],"picked":"Koishi:Possession+1","floor":19},{"not_picked":["Koishi:TraumaticStroke","Koishi:PhantomBarrier"],"picked":"Koishi:ImGoingToCallYouNow","floor":20},{"not_picked":["Koishi:UnansweredLove+1","Koishi:Whimsy","Koishi:StrangeCloudFist+1"],"picked":"SKIP","floor":20}],"player_experience":188824,"relics_obtained":[{"floor":1,"key":"LetterFromLob"},{"floor":10,"key":"Prayer Wheel"}],"event_choices":[],"is_beta":false,"boss_relics":[{"not_picked":["Fusion Hammer","Calling Bell"],"picked":"Snecko Eye"}],"items_purged_floors":[],"is_endless":false,"potions_floor_spawned":[5,10,12,14,16,20],"killed_by":"Gensokyo:Swordslinger","ascension_level":0}}