{"host":"d3wn6ylxoasccvbu","time":1610592563,"event":{"mods":["BaseMod","Better Debug","Downfall","Minty Spire (QoL Compilation)","StSLib"],"gold_per_floor":[111,125,142,71,91,126,126,126,126,126,226,226,238,254,254,359,359,372,6,16,30,48,48,83,83,106,134,134,134,165,182,182,278,278,288,288,137,137,137,170,170,30,53,73,93,93,125,142,142,142,142],"floor_reached":50,"language":"ENG","playtime":3682,"items_purged":[],"score":612,"play_id":"89cf2fae-5c64-4d6b-be89-b5dd6de463f2","local_time":"20210113214923","daily_mods":["Draft"],"is_ascension_mode":false,"campfire_choices":[{"data":"Die Die Die","floor":7,"key":"SMITH"},{"data":"Tactician","floor":10,"key":"SMITH"},{"data":"Calculated Gamble","floor":12,"key":"SMITH"},{"data":"Footwork","floor":15,"key":"SMITH"},{"floor":23,"key":"REST"},{"data":"Envenom","floor":25,"key":"SMITH"},{"floor":29,"key":"REST"},{"floor":32,"key":"REST"},{"data":"Prepared","floor":46,"key":"SMITH"},{"data":"Noxious Fumes","floor":49,"key":"SMITH"}],"circlet_count":0,"master_deck":["Dodge and Roll","Endless Agony","Backflip","Endless Agony","Quick Slash","Sucker Punch","Dodge and Roll","Dagger Throw","Backflip","Prepared","Dagger Throw","Dagger Spray","Blade Dance","Tactician+1","Calculated Gamble+1","Cloak And Dagger","Blade Dance","Noxious Fumes+1","Prepared+1","Die Die Die+1","Footwork+1","Envenom+1","Footwork","Infinite Blades","After Image","Tactician+1","Tactician+1","Blur+1","Envenom+1","Reflex+1","Infinite Blades"],"relics":["Ring of the Snake","Singing Bowl","StrikeDummy","SlaversCollar","Happy Flower","Akabeko","Toxic Egg 2","Boot","Peace Pipe","Unceasing Top","WristBlade","Lantern","White Beast Statue","hexamod:BolsterEngine","Oddly Smooth Stone","Molten Egg 2"],"acts_visited":["Exordium","TheCity","TheBeyond"],"potions_floor_usage":[6,18,18,18,20,22,24,24,28,35,47,50,50],"damage_taken":[{"damage":0,"enemies":"2 Louse","floor":1,"turns":1},{"damage":0,"enemies":"Cultist","floor":2,"turns":2},{"damage":0,"enemies":"Small Slimes","floor":3,"turns":1},{"damage":7,"enemies":"Exordium Wildlife","floor":5,"turns":3},{"damage":15,"enemies":"Lagavulin","floor":6,"turns":4},{"damage":1,"enemies":"Blue Slaver","floor":13,"turns":2},{"damage":0,"enemies":"Exordium Thugs","floor":14,"turns":2},{"damage":8,"enemies":"Hexaghost","floor":16,"turns":10},{"damage":3,"enemies":"Shell Parasite","floor":18,"turns":5},{"damage":3,"enemies":"3 Byrds","floor":20,"turns":3},{"damage":14,"enemies":"Centurion and Healer","floor":21,"turns":7},{"damage":24,"enemies":"Snake Plant","floor":22,"turns":5},{"damage":21,"enemies":"Book of Stabbing","floor":24,"turns":5},{"damage":18,"enemies":"Slavers","floor":27,"turns":4},{"damage":0,"enemies":"Snecko","floor":28,"turns":1},{"damage":12,"enemies":"Gremlin Leader","floor":30,"turns":4},{"damage":10,"enemies":"Centurion and Healer","floor":31,"turns":4},{"damage":3,"enemies":"Collector","floor":33,"turns":6},{"damage":12,"enemies":"3 Darklings","floor":35,"turns":2},{"damage":5,"enemies":"Giant Head","floor":40,"turns":6},{"damage":0,"enemies":"3 Shapes","floor":44,"turns":1},{"damage":0,"enemies":"Sphere and 2 Shapes","floor":45,"turns":2},{"damage":17,"enemies":"Nemesis","floor":47,"turns":4},{"damage":1,"enemies":"4 Shapes","floor":48,"turns":4},{"damage":61,"enemies":"Time Eater","floor":50,"turns":4}],"seed_played":"9075566180874300269","potions_obtained":[{"floor":2,"key":"Weak Potion"},{"floor":3,"key":"Fire Potion"},{"floor":13,"key":"SkillPotion"},{"floor":16,"key":"EntropicBrew"},{"floor":21,"key":"SpeedPotion"},{"floor":27,"key":"SmokeBomb"},{"floor":31,"key":"CunningPotion"},{"floor":40,"key":"SkillPotion"},{"floor":44,"key":"DuplicationPotion"},{"floor":45,"key":"FearPotion"},{"floor":47,"key":"FearPotion"}],"is_trial":true,"path_per_floor":["M","M","M","$","M","E","R","?","T","R","?","R","M","M","R","B",null,"M","$","M","M","M","R","E","R","T","E","M","R","E","M","R","B",null,"M","?","$","T","?","E","?","$","T","M","M","R","E","M","R","B"],"character_chosen":"THE_SILENT","items_purchased":["Noxious Fumes","Footwork","Happy Flower","Akabeko","Lantern","Reflex+1","Infinite Blades"],"campfire_rested":3,"item_purchase_floors":[4,19,19,19,37,42,42],"current_hp_per_floor":[70,70,70,70,63,48,48,48,48,48,48,48,49,49,49,41,72,71,71,70,58,34,57,36,36,36,18,18,41,29,21,45,44,82,70,70,70,70,70,67,67,67,67,69,71,71,56,57,57,0,0],"gold":142,"neow_bonus":"","is_daily":false,"chose_seed":true,"campfire_upgraded":7,"win_rate":0.0,"timestamp":1610592563,"path_taken":["M","M","M","$","M","E","R","?","T","R","?","R","M","M","R","BOSS","M","$","M","M","?","R","E","R","T","E","M","R","E","M","R","BOSS","M","?","$","?","?","E","?","$","T","M","M","R","E","M","R","BOSS"],"items_purchased_type":["Card","Card","Relic","Relic","Relic","Card","Card"],"build_version":"2020-12-22","purchased_purges":0,"victory":false,"max_hp_per_floor":[70,70,70,70,70,70,70,70,70,70,70,70,72,72,72,72,72,74,74,76,78,78,78,78,78,78,78,78,78,78,80,80,82,82,82,82,82,82,78,80,80,80,80,82,84,84,86,88,88,88,88],"card_choices":[{"not_picked":["Eviscerate","Heel Hook"],"picked":"Dodge and Roll","floor":0},{"not_picked":["Catalyst","Underhanded Strike"],"picked":"Endless Agony","floor":0},{"not_picked":["PiercingWail","Outmaneuver"],"picked":"Quick Slash","floor":0},{"not_picked":["Deadly Poison","Dodge and Roll"],"picked":"Backflip","floor":0},{"not_picked":["Slice","Masterful Stab"],"picked":"Endless Agony","floor":0},{"not_picked":["Dagger Throw","Backstab"],"picked":"Quick Slash","floor":0},{"not_picked":["Deflect","Dodge and Roll"],"picked":"Sucker Punch","floor":0},{"not_picked":["Dagger Throw","Leg Sweep"],"picked":"Dodge and Roll","floor":0},{"not_picked":["Tactician","Caltrops"],"picked":"Dagger Throw","floor":0},{"not_picked":["All Out Attack","Deflect"],"picked":"Backflip","floor":0},{"not_picked":["Dodge and Roll","PiercingWail"],"picked":"Prepared","floor":0},{"not_picked":["Deflect","Backstab"],"picked":"Dagger Throw","floor":0},{"not_picked":["Underhanded Strike","Deflect"],"picked":"Dagger Spray","floor":0},{"not_picked":["Quick Slash","Masterful Stab"],"picked":"Blade Dance","floor":0},{"not_picked":["Leg Sweep","Setup"],"picked":"Tactician","floor":0},{"not_picked":["Setup","Dodge and Roll"],"picked":"Calculated Gamble","floor":1},{"not_picked":["PiercingWail","Quick Slash"],"picked":"Cloak And Dagger","floor":2},{"not_picked":["Heel Hook","Bane"],"picked":"Blade Dance","floor":3},{"not_picked":["Dodge and Roll","Riddle With Holes"],"picked":"Prepared","floor":5},{"not_picked":["Bullet Time","Underhanded Strike"],"picked":"Die Die Die","floor":6},{"not_picked":["Dagger Spray","Blade Dance","Dagger Throw"],"picked":"Singing Bowl","floor":13},{"not_picked":["Bane","Storm of Steel"],"picked":"Footwork","floor":14},{"not_picked":["Adrenaline","Burst"],"picked":"Envenom","floor":16},{"not_picked":["Underhanded Strike","PiercingWail+1","Setup+1"],"picked":"Singing Bowl","floor":18},{"not_picked":["Dodge and Roll","Blade Dance","Expertise+1"],"picked":"Singing Bowl","floor":20},{"not_picked":["Skewer","PiercingWail+1","Flying Knee"],"picked":"Singing Bowl","floor":21},{"not_picked":["Blade Dance","Cloak And Dagger"],"picked":"Infinite Blades","floor":22},{"not_picked":["Glass Knife","Adrenaline+1"],"picked":"After Image","floor":24},{"not_picked":["Flechettes+1","Dagger Throw"],"picked":"Tactician+1","floor":27},{"not_picked":["Skewer","Bane+1"],"picked":"Tactician+1","floor":30},{"not_picked":["Heel Hook+1","Cloak And Dagger+1","Leg Sweep+1"],"picked":"Singing Bowl","floor":31},{"not_picked":["Storm of Steel+1","Wraith Form v2","Malaise+1"],"picked":"Singing Bowl","floor":33},{"not_picked":["Flying Knee","Slice"],"picked":"Blur+1","floor":35},{"not_picked":["Dagger Spray+1","Heel Hook+1","Phantasmal Killer+1"],"picked":"Singing Bowl","floor":40},{"not_picked":["Crippling Poison+1","Skewer+1","Bane"],"picked":"Singing Bowl","floor":44},{"not_picked":["Dagger Spray+1","Flying Knee+1","Outmaneuver+1"],"picked":"Singing Bowl","floor":45},{"not_picked":["Terror+1","Dodge and Roll+1","Finisher+1"],"picked":"Singing Bowl","floor":47},{"not_picked":["Acrobatics+1","Caltrops","Bane+1"],"picked":"Singing Bowl","floor":48}],"player_experience":70684,"relics_obtained":[{"floor":6,"key":"Singing Bowl"},{"floor":9,"key":"StrikeDummy"},{"floor":24,"key":"Toxic Egg 2"},{"floor":26,"key":"Boot"},{"floor":27,"key":"Peace Pipe"},{"floor":30,"key":"Unceasing Top"},{"floor":38,"key":"White Beast Statue"},{"floor":40,"key":"hexamod:BolsterEngine"},{"floor":43,"key":"Oddly Smooth Stone"},{"floor":47,"key":"Molten Egg 2"}],"event_choices":[{"cards_removed":["Quick Slash"],"damage_healed":0,"gold_gain":0,"player_choice":"Forget","damage_taken":0,"max_hp_gain":0,"max_hp_loss":0,"event_name":"Living Wall","floor":8,"gold_loss":0},{"damage_healed":0,"gold_gain":100,"player_choice":"Pray","damage_taken":0,"max_hp_gain":0,"max_hp_loss":0,"event_name":"Golden Shrine","floor":11,"gold_loss":0},{"damage_healed":0,"gold_gain":0,"player_choice":"Bought 0 Potions","damage_taken":0,"max_hp_gain":0,"max_hp_loss":0,"event_name":"The Woman in Blue","floor":36,"gold_loss":0},{"damage_healed":0,"gold_gain":0,"player_choice":"Max HP","damage_taken":0,"max_hp_gain":0,"max_hp_loss":4,"event_name":"Winding Halls","floor":39,"gold_loss":0},{"damage_healed":0,"gold_gain":0,"player_choice":"Copied","damage_taken":0,"max_hp_gain":0,"max_hp_loss":0,"event_name":"Duplicator","floor":41,"gold_loss":0,"cards_obtained":["Envenom"]}],"is_beta":false,"boss_relics":[{"not_picked":["Runic Pyramid","Busted Crown"],"picked":"SlaversCollar"},{"not_picked":["SacredBark","Sozu"],"picked":"WristBlade"}],"items_purged_floors":[],"is_endless":false,"potions_floor_spawned":[2,3,13,16,21,27,31,40,44,45,47,48],"killed_by":"Time Eater","ascension_level":0}}