{"host":"mai03x2ekbjy4059","time":1610595760,"event":{"mods":["2.2 Compatiblity","BaseMod","DeckTracker","Highlight Path","Keyboard Shortcuts","Minty Spire (QoL Compilation)","Permanent Neow","Quick Restart","SuperFastMode","everything is the same but u backflip on backflip"],"gold_per_floor":[110,110,127,127,127,166,166,204,216,251,263,263],"floor_reached":11,"language":"KOR","playtime":219,"items_purged":[],"score":150,"play_id":"2dc7fbda-c9e3-4655-935d-7f3e50ce3f80","local_time":"20210114124240","is_ascension_mode":true,"campfire_choices":[{"floor":7,"key":"REST"}],"circlet_count":0,"master_deck":["AscendersBane","Strike_P","Strike_P","Strike_P","Defend_P","Defend_P","Eruption","Vigilance"],"relics":["PureWater","Golden Idol","Letter Opener","MawBank","Toxic Egg 2"],"acts_visited":["Exordium"],"potions_floor_usage":[10],"damage_taken":[{"damage":6.0,"enemies":"Jaw Worm","floor":1.0,"turns":4.0},{"damage":0,"enemies":"Small Slimes","floor":3,"turns":2},{"damage":48,"enemies":"3 Sentries","floor":6,"turns":12},{"damage":16,"enemies":"Gremlin Nob","floor":8,"turns":3},{"damage":3,"enemies":"2 Louse","floor":10,"turns":2},{"damage":0,"enemies":"3 Sentries","floor":11,"turns":1}],"seed_played":"2115401293199369334","potions_obtained":[{"floor":1.0,"key":"GamblersBrew"}],"is_trial":false,"path_per_floor":["M","?","M","?","?","E","R","E","T","M","E"],"character_chosen":"WATCHER","items_purchased":[],"campfire_rested":1,"item_purchase_floors":[],"current_hp_per_floor":[55,55,55,55,55,7,23,7,7,4,4,4],"gold":263,"neow_bonus":"REMOVE_TWO","is_daily":false,"chose_seed":false,"campfire_upgraded":0,"win_rate":0.0,"timestamp":1610595760,"path_taken":["M","?","M","?","?","E","R","E","T","M","E"],"items_purchased_type":[],"build_version":"2020-12-22","purchased_purges":0,"victory":false,"max_hp_per_floor":[62,62,62,62,56,56,56,56,56,56,56,56],"card_choices":[{"not_picked":["Tantrum","Halt","Consecrate"],"picked":"SKIP","floor":1.0},{"not_picked":["EmptyFist","Ragnarok","EmptyBody"],"picked":"SKIP","floor":3},{"not_picked":["CutThroughFate","Nirvana","FollowUp"],"picked":"SKIP","floor":6},{"not_picked":["ClearTheMind","EmptyFist","WheelKick"],"picked":"SKIP","floor":8},{"not_picked":["WindmillStrike","Consecrate","Crescendo+1"],"picked":"SKIP","floor":10}],"player_experience":982819,"relics_obtained":[{"floor":6,"key":"Letter Opener"},{"floor":8,"key":"MawBank"},{"floor":9,"key":"Toxic Egg 2"}],"event_choices":[{"cards_removed":["Defend_P"],"damage_healed":0.0,"max_hp_gain":0.0,"max_hp_loss":0.0,"gold_gain":0.0,"event_name":"Living Wall","player_choice":"Forget","floor":2.0,"gold_loss":0.0,"damage_taken":0.0},{"damage_healed":0,"gold_gain":0,"player_choice":"Ignored","damage_taken":0,"max_hp_gain":0,"max_hp_loss":0,"event_name":"Liars Game","floor":4,"gold_loss":0},{"damage_healed":0,"gold_gain":0,"player_choice":"Lose Max HP","damage_taken":0,"relics_obtained":["Golden Idol"],"max_hp_gain":0,"max_hp_loss":6,"event_name":"Golden Idol","floor":5,"gold_loss":0}],"is_beta":false,"boss_relics":[],"items_purged_floors":[],"is_endless":false,"potions_floor_spawned":[1],"killed_by":"3 Sentries","ascension_level":17}}