{"host":"se62q65hiqxz7cab","time":1610609387,"event":{"mods":["Act Like it!","BaseMod","Colored Map","KinomotoSakuraMod(Ä¾Ö®±¾Ó£)","Minty Spire (QoL Compilation)","Replay The Spire","Shop Mod","StSLib","The Bug Knight","The Cursed","The Servant 0.9.4"],"gold_per_floor":[115,128,142,156,172,172,189,189,189,202,234,234,249,264,264,367,367,380,396,172,372,392,392,404,421,495,495,495,495,495,509,509,509,509],"floor_reached":33,"language":"ZHS","playtime":1891,"items_purged":["Strike_S"],"score":255,"play_id":"3fd0e5e3-041c-42de-8015-afbc5b68c215","local_time":"20210114152947","is_ascension_mode":false,"campfire_choices":[{"data":"Foresight","floor":6,"key":"SMITH"},{"floor":8,"key":"REST"},{"floor":12,"key":"REST"},{"floor":15,"key":"DIG"},{"data":"Embodiment","floor":23,"key":"SMITH"},{"data":"TheWorld","floor":28,"key":"SMITH"},{"data":"Potential","floor":30,"key":"SMITH"},{"floor":32,"key":"REST"}],"circlet_count":0,"master_deck":["Strike_S","Strike_S","Strike_S","Defend_S+1","Defend_S+1","Defend_S+1","Defend_S+1","KidneyShot","Exchange","Potential+1","Foresight+1","BottledTime","FastForward","Comet","Potential","Embodiment+1","Rewind","Alleviate","TheWorld+1","Replace","Manipulate","Replace","TimeWarp","BottledTime"],"relics":["Uniform","NeowsBlessing","Replay:Bottled Eggs","Lantern","Onion Ring","Sozu","Medical Kit","Bottled Lightning","MutagenicStrength"],"acts_visited":["Exordium","TheCity"],"potions_floor_usage":[16,33,33],"damage_taken":[{"damage":0,"enemies":"Cultist","floor":1,"turns":1},{"damage":0,"enemies":"2 Louse","floor":2,"turns":2},{"damage":0,"enemies":"Small Slimes","floor":3,"turns":1},{"damage":12,"enemies":"3 Louse","floor":4,"turns":5},{"damage":0,"enemies":"Blue Slaver","floor":5,"turns":5},{"damage":5,"enemies":"Large Slime","floor":7,"turns":5},{"damage":7,"enemies":"3 Louse","floor":10,"turns":4},{"damage":25,"enemies":"3 Sentries","floor":11,"turns":7},{"damage":2,"enemies":"Blue Slaver","floor":13,"turns":3},{"damage":0,"enemies":"Exordium Thugs","floor":14,"turns":5},{"damage":17,"enemies":"Slime Boss","floor":16,"turns":9},{"damage":4,"enemies":"Shell Parasite","floor":18,"turns":6},{"damage":1,"enemies":"Spheric Guardian","floor":19,"turns":4},{"damage":0,"enemies":"Snecko","floor":22,"turns":5},{"damage":5,"enemies":"Centurion and Healer","floor":24,"turns":6},{"damage":6,"enemies":"Snake Plant","floor":25,"turns":4},{"damage":28,"enemies":"Snecko","floor":31,"turns":6},{"damage":58,"enemies":"Collector","floor":33,"turns":5}],"seed_played":"-7813403870662272768","potions_obtained":[{"floor":1,"key":"Explosive Potion"},{"floor":3,"key":"Swift Potion"},{"floor":5,"key":"DistilledChaos"},{"floor":10,"key":"Energy Potion"}],"is_trial":false,"path_per_floor":["M","M","M","M","M","R","M","R","T","M","E","R","M","M","R_BF","B",null,"M","M","$","?","M","R","M","M","T","?","R","?","R","M","R","B"],"character_chosen":"THE_SERVANT","items_purchased":["Medical Kit"],"campfire_rested":3,"item_purchase_floors":[20],"current_hp_per_floor":[65,65,65,53,53,53,48,65,65,58,33,52,50,50,50,33,65,61,60,60,60,60,60,55,49,49,49,49,49,49,21,40,0,0],"gold":509,"neow_bonus":"THREE_ENEMY_KILL","is_daily":false,"chose_seed":false,"campfire_upgraded":4,"win_rate":0.0,"timestamp":1610609387,"path_taken":["M","M","?","M","M","R","M","R","T","?","E","R","M","M","R_BF","BOSS","M","M","$","?","?","R","M","M","T","?","R","?","R","M","R","BOSS"],"items_purchased_type":["Relic"],"build_version":"2020-12-22","purchased_purges":1,"victory":false,"max_hp_per_floor":[65,65,65,65,65,65,65,65,65,65,65,65,65,65,65,65,65,65,65,65,65,65,65,65,65,65,65,65,65,65,65,65,65,65],"card_choices":[{"not_picked":["Unruled","Spin","MoonPhase"],"picked":"SKIP","floor":1},{"not_picked":["Gouge","Spin"],"picked":"Potential","floor":2},{"not_picked":["Misdirection","Reset"],"picked":"Foresight","floor":3},{"not_picked":["DoubleEdge","Barrier"],"picked":"BottledTime","floor":4},{"not_picked":["FloweringNight","Defy"],"picked":"FastForward","floor":5},{"not_picked":["SilverBlades","Unruled"],"picked":"Comet","floor":7},{"not_picked":["Ricochet","Rewind"],"picked":"Potential","floor":10},{"not_picked":["Starlight","SoulSculpture"],"picked":"Embodiment","floor":11},{"not_picked":["SurpressingFire","Gouge"],"picked":"Rewind","floor":13},{"not_picked":["Starlight","Foresight"],"picked":"Alleviate","floor":14},{"not_picked":["SoulSculpture","LightFlow"],"picked":"TheWorld","floor":16},{"not_picked":["Desolation","MoonPhase","SpecialFormula"],"picked":"SKIP","floor":18},{"not_picked":["Potential","Rewind"],"picked":"Replace","floor":19},{"not_picked":["Defy+1","Revamp","Potential"],"picked":"SKIP","floor":22},{"not_picked":["Reset","Potential"],"picked":"Manipulate","floor":24},{"not_picked":["StarChef","Revamp+1"],"picked":"Replace","floor":25},{"not_picked":["Misdirection","MoonPhase+1"],"picked":"BottledTime","floor":31}],"player_experience":198721,"relics_obtained":[{"floor":9,"key":"Replay:Bottled Eggs"},{"floor":11,"key":"Lantern"},{"floor":15,"key":"Onion Ring"},{"floor":26,"key":"Bottled Lightning"}],"event_choices":[{"damage_healed":0,"gold_gain":200,"player_choice":"Gold","damage_taken":0,"max_hp_gain":0,"max_hp_loss":0,"event_name":"Wheel of Change","floor":21,"gold_loss":0},{"damage_healed":0,"gold_gain":0,"player_choice":"Inject Mutagens","damage_taken":0,"relics_obtained":["MutagenicStrength"],"max_hp_gain":0,"max_hp_loss":0,"event_name":"Drug Dealer","floor":27,"gold_loss":0},{"damage_healed":0,"gold_gain":0,"player_choice":"Read","damage_taken":0,"max_hp_gain":0,"max_hp_loss":0,"event_name":"The Library","floor":29,"gold_loss":0,"cards_obtained":["TimeWarp"]}],"is_beta":false,"boss_relics":[{"not_picked":["SplendidAttire","Replay:Grab Bag"],"picked":"Sozu"}],"items_purged_floors":[20],"is_endless":false,"potions_floor_spawned":[1,3,5,10,13,18,22,25],"killed_by":"Collector","ascension_level":0}}