{"host":"0cm5wy4nhuju7tij","time":1610597384,"event":{"mods":["100% Spire Juice","2.2 Compatiblity","AchievementEnabler","Aspiration","BaseMod","Better Third Choice","BetterRewards","CCEM","CapriCore","Chen","Colored Powertips","Curses Come First","Custom Start","Displayed Cursed Tome","Downfall","Energized Spire","Evolution","Filter the Spire","Fireblade Mod","Highlight Path","Jess\u0027s Bottle","Minty Spire (QoL Compilation)","Onozuka Komachi Mod","Permanent Neow","Relic Stats","Shop Mod","Spicy Shops","StSLib","The Caster","The Cursed","The Fake Hero","The Juggle","The Sage","TheFirefly","thorton"],"gold_per_floor":[109,129,129,129,89,118,118,72,153,153,171,171,182,213,213,310,310,323,343,343,53,78,78,78],"floor_reached":23,"language":"ENG","playtime":1471,"items_purged":["jugglermod: Strike"],"score":197,"play_id":"fa38fb31-47a0-4949-804d-95048fdc2024","local_time":"20210113230944","is_ascension_mode":false,"campfire_choices":[{"data":"jugglermod: GummyHands","floor":10,"key":"SMITH"},{"floor":12,"key":"REST"},{"floor":15,"key":"REST"}],"circlet_count":0,"master_deck":["jugglermod: BackSmack","jugglermod: BackSmack","jugglermod: Defend","jugglermod: Defend","jugglermod: Defend","jugglermod: Defend+1","jugglermod: HighThrow+1","jugglermod: RightHook","jugglermod: PortalFist","jugglermod: ZoneOut","jugglermod: SandBlast","jugglermod: GummyHands+1","jugglermod: ImpactWeight","jugglermod: BackSmack","jugglermod: GadgetArm","jugglermod: Uplift","jugglermod: ClearCut","jugglermod: HulkSmash","jugglermod: TheCrush+1","jugglermod: PalmLift","jugglermod: ShuffleRhythm","jugglermod: HardPass","jugglermod: HandFlip","jugglermod: Parry+1"],"relics":["jugglermod: WetwareUpgrade","EVO:Axolotl","Mummified Hand","Juzu Bracelet","aspiration:HummingbirdHeart","energizedSpire:DeadBattery","Red Mask"],"acts_visited":["Exordium","TheCity"],"potions_floor_usage":[14,14,14],"damage_taken":[{"damage":6,"enemies":"Cultist","floor":1,"turns":3},{"damage":0,"enemies":"2 Louse","floor":2,"turns":1},{"damage":22,"enemies":"3 Sentries","floor":6,"turns":4},{"damage":10,"enemies":"Small Slimes","floor":11,"turns":2},{"damage":6,"enemies":"Red Slaver","floor":13,"turns":3},{"damage":26,"enemies":"Lagavulin","floor":14,"turns":8},{"damage":3,"enemies":"Slime Boss","floor":16,"turns":7},{"damage":13,"enemies":"Spheric Guardian","floor":18,"turns":4},{"damage":2,"enemies":"2 Thieves","floor":19,"turns":3},{"damage":40,"enemies":"Masked Bandits","floor":22,"turns":5},{"damage":10,"enemies":"Gremlin Leader","floor":23,"turns":3}],"seed_played":"7099717547899252657","potions_obtained":[{"floor":5,"key":"SkillPotion"},{"floor":5,"key":"Dexterity Potion"},{"floor":5,"key":"Weak Potion"}],"is_trial":false,"path_per_floor":["M","M","T","?","?","E","?","$","T","R","M","R","M","E","R","B",null,"M","M","?","$","?","E"],"character_chosen":"THE_JUGGLER","items_purchased":["jugglermod: BackSmack","jugglermod: ShuffleRhythm","jugglermod: HardPass","jugglermod: HandFlip"],"campfire_rested":2,"item_purchase_floors":[8,21,21,21],"current_hp_per_floor":[69,69,69,54,54,32,32,32,32,32,22,44,38,12,34,31,75,62,60,46,46,6,0,0],"gold":78,"neow_bonus":"ONE_RANDOM_RARE_CARD","is_daily":false,"chose_seed":false,"campfire_upgraded":1,"win_rate":0.0,"timestamp":1610597384,"path_taken":["M","M","?","?","?","E","?","?","T","R","M","R","M","E","R","BOSS","M","M","?","$","?","E"],"items_purchased_type":["Card","Card","Card","Card"],"build_version":"2020-12-22","purchased_purges":1,"victory":false,"max_hp_per_floor":[75,75,75,75,75,75,75,75,75,75,75,75,75,75,75,75,75,75,75,80,80,80,80,80],"relic_stats":{"counters":[11,43],"Mummified Hand":[18],"Juzu Bracelet":1,"obtain_stats":[{"Mummified Hand":3,"Juzu Bracelet":6,"aspiration:HummingbirdHeart":14,"Red Mask":22,"EVO:Axolotl":0,"jugglermod: WetwareUpgrade":0,"energizedSpire:DeadBattery":17},{"Mummified Hand":2,"Juzu Bracelet":3,"aspiration:HummingbirdHeart":6,"Red Mask":10,"EVO:Axolotl":0,"jugglermod: WetwareUpgrade":0,"energizedSpire:DeadBattery":7},{"Mummified Hand":4,"Juzu Bracelet":8,"aspiration:HummingbirdHeart":21,"Red Mask":40,"EVO:Axolotl":0,"jugglermod: WetwareUpgrade":0,"energizedSpire:DeadBattery":28}]},"card_choices":[{"not_picked":["jugglermod: FindBalance","jugglermod: Butterfly"],"picked":"jugglermod: ZoneOut","floor":1},{"not_picked":["jugglermod: TheCrush","jugglermod: Parry"],"picked":"jugglermod: SandBlast","floor":2},{"not_picked":["jugglermod: GlassCannon","jugglermod: SandBlast"],"picked":"jugglermod: GummyHands","floor":6},{"not_picked":["jugglermod: ZoneOut","jugglermod: Box"],"picked":"jugglermod: GadgetArm","floor":11},{"not_picked":["jugglermod: Box","jugglermod: Toss"],"picked":"jugglermod: Uplift","floor":13},{"not_picked":["jugglermod: Collision","jugglermod: ShieldPattern"],"picked":"jugglermod: ClearCut","floor":14},{"not_picked":["jugglermod: LosePatience","jugglermod: MagicFingers"],"picked":"jugglermod: HulkSmash","floor":16},{"not_picked":["jugglermod: RollingBall","jugglermod: SandBlast"],"picked":"jugglermod: TheCrush+1","floor":18},{"not_picked":["jugglermod: BackSmack","jugglermod: SandBlast"],"picked":"jugglermod: PalmLift","floor":19},{"not_picked":["jugglermod: SwitchFeet","jugglermod: SpiralWhip"],"picked":"jugglermod: Parry+1","floor":22}],"player_experience":246994,"relics_obtained":[{"floor":3,"key":"Mummified Hand"},{"floor":6,"key":"Juzu Bracelet"},{"floor":14,"key":"aspiration:HummingbirdHeart"},{"floor":22,"key":"Red Mask"}],"event_choices":[{"damage_healed":69,"gold_gain":0,"player_choice":"Upgrade","damage_taken":15,"max_hp_gain":0,"max_hp_loss":75,"event_name":"betterThird:BetterShining","floor":4,"gold_loss":0,"cards_upgraded":["jugglermod: Defend","jugglermod: HighThrow"]},{"damage_healed":0,"gold_gain":0,"player_choice":"Bought 3 Potions","damage_taken":0,"max_hp_gain":0,"max_hp_loss":0,"event_name":"The Woman in Blue","floor":5,"gold_loss":0},{"damage_healed":0,"gold_gain":0,"cards_transformed":["jugglermod: Strike"],"player_choice":"Transformed","damage_taken":0,"max_hp_gain":0,"max_hp_loss":0,"event_name":"Transmorgrifier","floor":7,"gold_loss":0,"cards_obtained":["jugglermod: ImpactWeight"]},{"damage_healed":0,"gold_gain":0,"player_choice":"Shed Blood","damage_taken":19,"max_hp_gain":5,"max_hp_loss":0,"event_name":"Forgotten Altar","floor":20,"gold_loss":0},{"damage_healed":0,"gold_gain":0,"player_choice":"Fought Bandits","damage_taken":0,"max_hp_gain":0,"max_hp_loss":0,"event_name":"Masked Bandits","floor":22,"gold_loss":0}],"is_beta":false,"boss_relics":[{"not_picked":["energizedSpire:MagnifyingGlass","Calling Bell"],"picked":"energizedSpire:DeadBattery"}],"items_purged_floors":[21],"is_endless":false,"potions_floor_spawned":[11],"killed_by":"Gremlin Leader","ascension_level":0}}