{"host":"x21cvmfdo17nyhii","time":1610588172,"event":{"mods":["AchievementEnabler","BaseMod","Colored Map","Colored Powertips","DeckTracker","Highlight Path","Minty Spire (QoL Compilation)","Quick Restart","Rare Cards Sparkle","SuperFastMode"],"gold_per_floor":[117,117,134,134,149,149,178,198,221,37,52,63,63,80,80,178,178,190,190,208,307,327,327,327,327,327,342,342,342,16,29,29,128,128,146,6,6,16,16,16,16,28,28,10,24,34,47,67,67,67,67],"floor_reached":50,"language":"ENG","playtime":1941,"items_purged":["Defend_B","Strike_B"],"score":588,"play_id":"becfe026-576a-44a5-a47c-05cd8a7f1916","local_time":"20210113173612","is_ascension_mode":true,"campfire_choices":[{"data":"Dualcast","floor":6.0,"key":"SMITH"},{"data":"Reinforced Body","floor":13.0,"key":"SMITH"},{"floor":15.0,"key":"REST"},{"floor":23.0,"key":"REST"},{"data":"Hologram","floor":25.0,"key":"SMITH"},{"floor":29.0,"key":"REST"},{"floor":32.0,"key":"REST"},{"data":"Creative AI","floor":40.0,"key":"SMITH"},{"floor":49.0,"key":"REST"}],"circlet_count":0,"master_deck":["Strike_B","Strike_B","Defend_B","Defend_B","Zap+1","Dualcast+1","Redo","Electrodynamics","Beam Cell","Chill","Reinforced Body+1","Go for the Eyes","Hologram+1","Creative AI+1","Capacitor","Go for the Eyes","Gash","Genetic Algorithm+1","Swift Strike","Beam Cell","Buffer","Scrape","Chrysalis","Blind","Storm","Thunder Strike","Beam Cell+1","Consume","Consume+1","Panacea","Madness","Madness","Go for the Eyes+1","Double Energy","Parasite","Beam Cell","Reinforced Body+1","Steam","Tempest+1"],"relics":["FrozenCore","NeowsBlessing","Juzu Bracelet","Bag of Preparation","Membership Card","Nuclear Battery","Enchiridion","Bottled Flame","Boot","Gremlin Horn","Blood Vial"],"acts_visited":["Exordium","TheCity","TheBeyond"],"potions_floor_usage":[50,50],"damage_taken":[{"damage":0.0,"enemies":"Small Slimes","floor":1.0,"turns":1.0},{"damage":0.0,"enemies":"Jaw Worm","floor":3.0,"turns":1.0},{"damage":0.0,"enemies":"Cultist","floor":5.0,"turns":1.0},{"damage":4.0,"enemies":"Lagavulin","floor":7.0,"turns":5.0},{"damage":2.0,"enemies":"2 Fungi Beasts","floor":8.0,"turns":3.0},{"damage":0.0,"enemies":"3 Louse","floor":11.0,"turns":1.0},{"damage":0.0,"enemies":"Gremlin Gang","floor":12.0,"turns":2.0},{"damage":2.0,"enemies":"Red Slaver","floor":14.0,"turns":4.0},{"damage":64.0,"enemies":"Hexaghost","floor":16.0,"turns":10.0},{"damage":0.0,"enemies":"Spheric Guardian","floor":18.0,"turns":3.0},{"damage":4.0,"enemies":"Shell Parasite","floor":20.0,"turns":6.0},{"damage":10.0,"enemies":"Snecko","floor":22.0,"turns":8.0},{"damage":29.0,"enemies":"Sentry and Sphere","floor":27.0,"turns":4.0},{"damage":6.0,"enemies":"3 Cultists","floor":31.0,"turns":3.0},{"damage":46.0,"enemies":"Collector","floor":33.0,"turns":6.0},{"damage":16.0,"enemies":"3 Shapes","floor":35.0,"turns":4.0},{"damage":1.0,"enemies":"Orb Walker","floor":38.0,"turns":4.0},{"damage":8.0,"enemies":"Jaw Worm Horde","floor":42.0,"turns":3.0},{"damage":19.0,"enemies":"Writhing Mass","floor":45.0,"turns":7.0},{"damage":0.0,"enemies":"Maw","floor":46.0,"turns":8.0},{"damage":36.0,"enemies":"3 Darklings","floor":47.0,"turns":5.0},{"damage":1.0,"enemies":"4 Shapes","floor":48.0,"turns":6.0},{"damage":36,"enemies":"Awakened One","floor":50,"turns":3}],"seed_played":"4334884887292738908","potions_obtained":[{"floor":3.0,"key":"ColorlessPotion"},{"floor":7.0,"key":"Fire Potion"},{"floor":11.0,"key":"PotionOfCapacity"},{"floor":16.0,"key":"EssenceOfSteel"},{"floor":18.0,"key":"Dexterity Potion"},{"floor":31.0,"key":"Dexterity Potion"},{"floor":45.0,"key":"Regen Potion"},{"floor":46.0,"key":"Block Potion"}],"is_trial":false,"path_per_floor":["M","?","M","?","M","R","E","M","T","$","M","M","R","M","R","B",null,"M","?","M","?","M","R","?","R","T","M","?","R","$","M","R","B",null,"M","$","?","M","?","R","?","M","T","$","M","M","M","M","R","B"],"character_chosen":"DEFECT","items_purchased":["Membership Card","Buffer","Scrape","Boot","Chrysalis","Blind","Gremlin Horn","Consume","Double Energy"],"campfire_rested":5,"item_purchase_floors":[10,30,30,30,30,30,36,36,44],"current_hp_per_floor":[75,68,68,68,68,68,64,62,62,62,62,62,62,60,75,11,75,75,59,55,55,45,67,67,67,67,38,38,60,60,54,75,29,75,59,59,59,58,58,58,49,41,41,41,24,40,6,7,29,0,0],"gold":67,"neow_bonus":"THREE_ENEMY_KILL","is_daily":false,"chose_seed":false,"campfire_upgraded":4,"win_rate":0.0,"timestamp":1610588172,"path_taken":["M","?","M","?","?","R","E","M","T","$","M","M","R","M","R","BOSS","M","?","M","?","M","R","?","R","T","M","?","R","?","M","R","BOSS","M","$","?","M","?","R","?","M","T","$","M","M","M","M","R","BOSS"],"items_purchased_type":["Relic","Card","Card","Relic","Card","Card","Relic","Card","Card"],"build_version":"2020-12-22","purchased_purges":2,"victory":false,"max_hp_per_floor":[75,75,75,75,75,75,75,75,75,75,75,75,75,75,75,75,75,75,75,75,75,75,75,75,75,75,75,75,75,75,75,75,75,75,75,75,75,75,75,75,75,75,75,75,75,75,75,75,75,75,75],"card_choices":[{"not_picked":["Steam","Go for the Eyes"],"picked":"Redo","floor":1.0},{"not_picked":["Stack","Reprogram"],"picked":"Electrodynamics","floor":3.0},{"not_picked":["Force Field","Hello World"],"picked":"Beam Cell","floor":5.0},{"not_picked":["Ball Lightning","Coolheaded"],"picked":"Chill","floor":7.0},{"not_picked":["Self Repair","Scrape"],"picked":"Reinforced Body","floor":8.0},{"not_picked":["Aggregate","Doom and Gloom"],"picked":"Beam Cell","floor":11.0},{"not_picked":["Coolheaded","Streamline"],"picked":"Go for the Eyes","floor":12.0},{"not_picked":["Self Repair","Conserve Battery"],"picked":"Hologram","floor":14.0},{"not_picked":["Machine Learning","Thunder Strike"],"picked":"Creative AI","floor":16.0},{"not_picked":["Rebound","Stack"],"picked":"Capacitor","floor":18.0},{"not_picked":["Blizzard","Stack"],"picked":"Go for the Eyes","floor":20.0},{"not_picked":["Hologram+1","Capacitor"],"picked":"Gash","floor":22.0},{"not_picked":["Recycle+1","Steam+1"],"picked":"Genetic Algorithm+1","floor":27.0},{"not_picked":["Ball Lightning","Chaos"],"picked":"Storm","floor":31.0},{"not_picked":["Hyperbeam","Machine Learning"],"picked":"Thunder Strike","floor":33.0},{"not_picked":["Go for the Eyes","Tempest"],"picked":"Beam Cell+1","floor":35.0},{"not_picked":["Chill","Steam"],"picked":"Consume+1","floor":38.0},{"not_picked":["The Bomb","PanicButton"],"picked":"Panacea","floor":39.0},{"not_picked":["Streamline+1","Leap+1"],"picked":"Go for the Eyes+1","floor":42.0},{"not_picked":["Sweeping Beam","Lockon"],"picked":"Beam Cell","floor":45.0},{"not_picked":["Compile Driver","Streamline+1"],"picked":"Reinforced Body+1","floor":46.0},{"not_picked":["Consume","Redo"],"picked":"Steam","floor":47.0},{"not_picked":["Leap","Darkness"],"picked":"Tempest+1","floor":48.0}],"player_experience":358336,"relics_obtained":[{"floor":7.0,"key":"Juzu Bracelet"},{"floor":9.0,"key":"Bag of Preparation"},{"floor":19.0,"key":"Enchiridion"},{"floor":26.0,"key":"Bottled Flame"},{"floor":43.0,"key":"Blood Vial"}],"event_choices":[{"cards_removed":["Strike_B"],"damage_healed":0.0,"max_hp_gain":0.0,"max_hp_loss":0.0,"gold_gain":0.0,"event_name":"Golden Wing","player_choice":"Card Removal","floor":2.0,"gold_loss":0.0,"damage_taken":7.0},{"damage_healed":0.0,"max_hp_gain":0.0,"max_hp_loss":0.0,"gold_gain":0.0,"event_name":"Accursed Blacksmith","player_choice":"Forge","floor":4.0,"gold_loss":0.0,"damage_taken":0.0,"cards_upgraded":["Zap"]},{"damage_healed":0.0,"max_hp_gain":0.0,"max_hp_loss":0.0,"gold_gain":0.0,"event_name":"Cursed Tome","player_choice":"Obtained Book","floor":19.0,"gold_loss":0.0,"damage_taken":16.0},{"damage_healed":0.0,"max_hp_gain":0.0,"max_hp_loss":0.0,"gold_gain":99.0,"event_name":"Nest","player_choice":"Stole From Cult","floor":21.0,"gold_loss":0.0,"damage_taken":0.0},{"cards_removed":["Defend_B"],"damage_healed":0.0,"max_hp_gain":0.0,"max_hp_loss":0.0,"gold_gain":0.0,"event_name":"Purifier","player_choice":"Purged","floor":24.0,"gold_loss":0.0,"damage_taken":0.0},{"damage_healed":0.0,"max_hp_gain":0.0,"max_hp_loss":0.0,"gold_gain":0.0,"event_name":"Match and Keep!","player_choice":"2 cards matched","floor":28.0,"gold_loss":0.0,"damage_taken":0.0,"cards_obtained":["Swift Strike","Beam Cell"]},{"cards_removed":["Beam Cell"],"damage_healed":0.0,"max_hp_gain":0.0,"max_hp_loss":0.0,"gold_gain":0.0,"event_name":"Falling","player_choice":"Removed Attack","floor":37.0,"gold_loss":0.0,"damage_taken":0.0},{"damage_healed":0.0,"max_hp_gain":0.0,"max_hp_loss":0.0,"gold_gain":0.0,"event_name":"SensoryStone","player_choice":"Memory 1","floor":39.0,"gold_loss":0.0,"damage_taken":0.0},{"damage_healed":0.0,"max_hp_gain":0.0,"max_hp_loss":0.0,"gold_gain":0.0,"event_name":"Winding Halls","player_choice":"Embrace Madness","floor":41.0,"gold_loss":0.0,"damage_taken":9.0,"cards_obtained":["Madness","Madness"]}],"is_beta":false,"boss_relics":[{"not_picked":["SacredBark","Ectoplasm"],"picked":"Nuclear Battery"},{"not_picked":["Runic Pyramid","Coffee Dripper"],"picked":"FrozenCore"}],"items_purged_floors":[10,30],"is_endless":false,"potions_floor_spawned":[3,7,11,16,18,31,33,35,45,46],"killed_by":"Awakened One","ascension_level":4}}