{"host":"bcxgpd1eu8czocm9","time":1610648057,"event":{"mods":["Aspiration","BaseMod","Minty Spire (QoL Compilation)","Quarter Circle Forward PUNCH!","Quick Restart","Replay The Spire","Spicy Shops","StSLib","vexMod","¡¾ÒÅÎï¿¨ÅÆ¡¿REMEMod"],"gold_per_floor":[117,132,132,149,168,198,198,198,198],"floor_reached":8,"language":"ZHS","playtime":327,"items_purged":[],"score":67,"play_id":"ad8fe853-7405-4287-a800-788dadef2c1a","local_time":"20210115021417","is_ascension_mode":true,"campfire_choices":[{"floor":7,"key":"REST"}],"circlet_count":0,"master_deck":["Strike_B","Strike_B","Strike_B","Strike_B","Defend_B","Defend_B","Defend_B","Defend_B","Zap","Dualcast","REME_EmptyShield+1","ReplayTheSpireMod:Calculation Training","Fusion","Redo"],"relics":["Cracked Core","REME_ComplimentaryCards","Replay:Wax Seal"],"acts_visited":["Exordium"],"potions_floor_usage":[8],"damage_taken":[{"damage":0,"enemies":"2 Louse","floor":1,"turns":2},{"damage":2,"enemies":"Jaw Worm","floor":2,"turns":3},{"damage":0,"enemies":"Cultist","floor":4,"turns":4},{"damage":21,"enemies":"Exordium Wildlife","floor":5,"turns":5},{"damage":19,"enemies":"Lagavulin","floor":6,"turns":8},{"damage":16,"enemies":"Gremlin Nob","floor":8,"turns":3}],"seed_played":"-802618633472330514","potions_obtained":[{"floor":5,"key":"DuplicationPotion"},{"floor":6,"key":"PowerPotion"}],"is_trial":false,"path_per_floor":["M","M","?","M","M","E","R","E"],"character_chosen":"DEFECT","items_purchased":[],"campfire_rested":1,"item_purchase_floors":[],"current_hp_per_floor":[82,80,80,80,59,40,64,48,48],"gold":198,"neow_bonus":"TEN_PERCENT_HP_BONUS","is_daily":false,"chose_seed":false,"campfire_upgraded":0,"win_rate":0.0,"timestamp":1610648057,"path_taken":["M","M","?","M","M","E","R","E"],"items_purchased_type":[],"build_version":"2020-12-22","purchased_purges":0,"victory":false,"max_hp_per_floor":[82,82,82,82,82,82,82,82,82],"card_choices":[{"not_picked":["Heatsinks","REME_SelfUpgrade"],"picked":"ReplayTheSpireMod:Calculation Training","floor":1},{"not_picked":["Turbo","Barrage","Doom and Gloom"],"picked":"SKIP","floor":2},{"not_picked":["Compile Driver","Steam Power","Conserve Battery"],"picked":"SKIP","floor":4},{"not_picked":["Leap","Beam Cell"],"picked":"Fusion","floor":5},{"not_picked":["Chaos","Gash"],"picked":"Redo","floor":6}],"player_experience":385280,"relics_obtained":[{"floor":6,"key":"Replay:Wax Seal"}],"event_choices":[],"is_beta":false,"boss_relics":[],"items_purged_floors":[],"is_endless":false,"potions_floor_spawned":[5,6],"killed_by":"Gremlin Nob","ascension_level":3}}