{"host":"pno9h1fupbyz205f","time":1610667276,"event":{"mods":["Aspiration","BaseMod","Better Altar","Better Match","Better Note","Better Sensory Stone","Better Skull","Better Third Choice","Colored Map","Colored Powertips","Downfall","Hubris","Infinite Spire","Jedi Mod","Mad Scientist","Marisa????????","Minty Spire (QoL Compilation)","Permanent Neow","Potionbrewer","Replay The Spire","Shop Mod","Spicy Shops","StSLib","Td1madao Mod","The Blackbeard","The Gatherer","The Hierophant","The Poker Player","The Runesmith","The Servant 0.9.4","The Vixen","thorton","vexMod"],"gold_per_floor":[216,216,244,273,266,292,292,305,329,329,22,22,22,64,64,161,161,180,230,230,230,246,212,212],"floor_reached":23,"language":"ENG","playtime":1133,"items_purged":["hierophant:Punish"],"score":218,"play_id":"12486801-8009-4f10-8c7f-c210525712dc","local_time":"20210114153436","is_ascension_mode":false,"campfire_choices":[{"data":"hierophant:ChurchCoffers","floor":7,"key":"SMITH"},{"data":"hierophant:ConvertCurrency","floor":7,"key":"SMITH"},{"floor":10,"key":"REST"},{"data":"hierophant:CoinFling","floor":12,"key":"SMITH"},{"data":"hierophant:OrnateBuckler","floor":12,"key":"SMITH"},{"data":"hierophant:EyeForCoin","floor":15,"key":"SMITH"},{"data":"hierophant:Doubloon","floor":15,"key":"SMITH"}],"circlet_count":0,"master_deck":["hierophant:Strike_Hierophant","hierophant:Strike_Hierophant","hierophant:Strike_Hierophant","hierophant:Strike_Hierophant","hierophant:Defend_Hierophant","hierophant:Defend_Hierophant","hierophant:Defend_Hierophant","hierophant:ChurchCoffers+1","hierophant:Doubloon+1","hierophant:ConvertCurrency+1","hierophant:OrnateBuckler+1","hierophant:Doubloon","hierophant:Doubloon","hierophant:CoinFling+1","hierophant:Glossolalia+1","hierophant:EyeForCoin+1","hierophant:Doubloon+1","hierophant:Levitation","hierophant:Doubloon+1","hierophant:OrnateBuckler","hierophant:Doubloon+1","hierophant:Martyrdom","hierophant:Doubloon+1","hierophant:ThreeLashes","hierophant:Doubloon+1"],"relics":["hierophant:PropheticMaskRelic","Replay:Arrowhead","ReplayTheSpireMod:TigerMarble","Juzu Bracelet","vexMod:TanglingVine","Replay:Bottled Steam"],"acts_visited":["Exordium","TheCity"],"potions_floor_usage":[6,6,16,18,19,19,19],"damage_taken":[{"damage":0,"enemies":"2 Louse","floor":1,"turns":2},{"damage":0,"enemies":"Cultist","floor":3,"turns":3},{"damage":12,"enemies":"Small Slimes","floor":4,"turns":4},{"damage":2,"enemies":"Looter","floor":5,"turns":3},{"damage":22,"enemies":"Gremlin Nob","floor":6,"turns":4},{"damage":7,"enemies":"Blue Slaver","floor":8,"turns":5},{"damage":13,"enemies":"3 Louse","floor":14,"turns":3},{"damage":38,"enemies":"Slime Boss","floor":16,"turns":15},{"damage":26,"enemies":"Spheric Guardian","floor":18,"turns":6},{"damage":1,"enemies":"Shell Parasite","floor":19,"turns":4},{"damage":22,"enemies":"Snake Plant","floor":22,"turns":6},{"damage":46,"enemies":"Nightmare","floor":23,"turns":9}],"seed_played":"-7632492079453705257","potions_obtained":[{"floor":1,"key":"Weak Potion"},{"floor":2,"key":"potionbrewer:BoundlessPotion"},{"floor":2,"key":"potionbrewer:NoxiousPotion"},{"floor":4,"key":"FairyPotion"},{"floor":8,"key":"Swift Potion"},{"floor":16,"key":"PowerPotion"},{"floor":18,"key":"potionbrewer:SplittingPotion"},{"floor":22,"key":"potionbrewer:AcidPotion"}],"is_trial":false,"path_per_floor":["M","?","M","M","M","E","R","M","T","R","$","R","$","M","R","B",null,"M","M","?","?","M","NM"],"character_chosen":"HIEROPHANT","items_purchased":["Juzu Bracelet","hierophant:Glossolalia+1"],"campfire_rested":1,"item_purchase_floors":[11,11],"current_hp_per_floor":[75,75,75,63,61,39,39,32,32,54,54,54,54,41,41,3,75,49,48,48,48,26,9,9],"gold":212,"neow_bonus":"HUNDRED_GOLD","is_daily":false,"chose_seed":false,"campfire_upgraded":6,"win_rate":0.0,"timestamp":1610667276,"path_taken":["M","?","M","?","M","E","R","M","T","R","$","R","$","M","R","BOSS","M","M","?","?","M","NM"],"items_purchased_type":["Relic","Card"],"build_version":"2020-12-22","purchased_purges":1,"victory":false,"max_hp_per_floor":[75,75,75,75,75,75,75,75,75,75,75,75,75,75,75,75,75,75,75,75,75,75,75,75],"card_choices":[{"not_picked":["hierophant:Purify","hierophant:MorningPrayer"],"picked":"hierophant:ConvertCurrency","floor":1},{"not_picked":["hierophant:Purify","hierophant:RepressedViolence"],"picked":"hierophant:OrnateBuckler","floor":3},{"not_picked":["hierophant:DisplayOfPower","hierophant:Alms","hierophant:Endure"],"picked":"SKIP","floor":4},{"not_picked":["hierophant:Embezzle","hierophant:Sermon"],"picked":"hierophant:Doubloon","floor":5},{"not_picked":["hierophant:Empathy","hierophant:PristineSoul"],"picked":"hierophant:CoinFling","floor":6},{"not_picked":["hierophant:MorningPrayer","hierophant:TollTheBells","hierophant:AuricShield"],"picked":"SKIP","floor":8},{"not_picked":["hierophant:Remorse","hierophant:ThreeLashes"],"picked":"hierophant:EyeForCoin","floor":14},{"not_picked":["hierophant:DivineIntervention","hierophant:AuricForm"],"picked":"hierophant:Levitation","floor":16},{"not_picked":["hierophant:Doubloon","hierophant:Purify"],"picked":"hierophant:OrnateBuckler","floor":18},{"not_picked":["hierophant:Flagellation","hierophant:FlamingChariot+1","hierophant:SolarFlare+1"],"picked":"SKIP","floor":19},{"not_picked":["hierophant:Anathema","hierophant:AuricBeam"],"picked":"hierophant:ThreeLashes","floor":22}],"player_experience":174579,"relics_obtained":[{"floor":6,"key":"Replay:Arrowhead"},{"floor":9,"key":"ReplayTheSpireMod:TigerMarble"}],"event_choices":[{"damage_healed":0,"gold_gain":0,"player_choice":"Got Potions","damage_taken":0,"max_hp_gain":0,"max_hp_loss":0,"event_name":"Lab","floor":2,"gold_loss":0},{"damage_healed":0,"gold_gain":0,"cards_transformed":["hierophant:Defend_Hierophant"],"player_choice":"Transformed","damage_taken":0,"max_hp_gain":0,"max_hp_loss":0,"event_name":"Transmorgrifier","floor":20,"gold_loss":0,"cards_obtained":["hierophant:Martyrdom"]}],"is_beta":false,"boss_relics":[{"not_picked":["hubris:HollowSoul","hubris:VirtuousBlindfold"],"picked":"vexMod:TanglingVine"}],"items_purged_floors":[11],"is_endless":false,"potions_floor_spawned":[1,4,5,8,16,18,22],"killed_by":"Nightmare","ascension_level":0}}