{"host":"rvofswtrkybk7ok8","time":1610617809,"event":{"mods":["ATMod(°¢èªMod)","BaseMod","Card Filter","Colored Map","Minty Spire (QoL Compilation)","Quick Restart","StSLib"],"gold_per_floor":[119,119,132,149,224,249,23,23,23,23,43,69,34,34,34,132,132,147,191,210,235,79,79,110,124,124,124,158,178,178,219,219,317,317,330,330,5,227,227,271,271,310,310,310,335,668,668,618,618,618],"floor_reached":51,"language":"ZHS","playtime":2055,"items_purged":["Streamline","Strike_B","Defend_B"],"score":1818,"play_id":"c248489a-57d4-42f3-8fb7-8049562e321f","local_time":"20210114175009","is_ascension_mode":true,"campfire_choices":[{"data":"AT_StudyProgram","floor":8.0,"key":"SMITH"},{"data":"Consume","floor":10.0,"key":"SMITH"},{"data":"Hologram","floor":15.0,"key":"SMITH"},{"data":"AT_DarkMatter","floor":23.0,"key":"SMITH"},{"data":"Defragment","floor":27.0,"key":"SMITH"},{"data":"Steam Power","floor":30.0,"key":"SMITH"},{"floor":32.0,"key":"REST"},{"data":"Coolheaded","floor":41.0,"key":"SMITH"},{"data":"Reboot","floor":44.0,"key":"SMITH"},{"data":"Consume","floor":47.0,"key":"SMITH"},{"data":"Hologram","floor":49.0,"key":"SMITH"}],"circlet_count":0,"master_deck":["AscendersBane","Strike_B","Defend_B","Zap","Dualcast","AT_FamilyPortrait+1","Turbo","Glacier","FTL","AT_StudyProgram+1","Consume+1","Gash","Hologram+1","Sweeping Beam","Core Surge","AT_EmpoweredMortalDraw","Steam+1","Auto Shields+1","Turbo","Hologram+1","AT_DarkMatter+1","Coolheaded+1","Defragment+1","Steam Power+1","Consume+1","Beam Cell","Biased Cognition","Barrage+1","Recycle+1","Echo Form+1","AT_HeatAcrobatics","Dark Shackles","Reboot+1"],"relics":["Cracked Core","AT_ATBox","TungstenRod","CaptainsWheel","InkBottle","AT_MortalBlade","Red Mask","Ginger","AT_ForceNature","Smiling Mask","Prayer Wheel","Astrolabe","AT_SilverBalance","Vajra","Ice Cream","Frozen Egg 2"],"acts_visited":["Exordium","TheCity","TheBeyond"],"potions_floor_usage":[50,50],"damage_taken":[{"damage":9.0,"enemies":"Small Slimes","floor":1.0,"turns":4.0},{"damage":2.0,"enemies":"2 Louse","floor":3.0,"turns":3.0},{"damage":4.0,"enemies":"Jaw Worm","floor":4.0,"turns":3.0},{"damage":12.0,"enemies":"Gremlin Nob","floor":6.0,"turns":4.0},{"damage":0.0,"enemies":"The Mushroom Lair","floor":10.0,"turns":1.0},{"damage":0.0,"enemies":"3 Louse","floor":11.0,"turns":2.0},{"damage":7.0,"enemies":"Lagavulin","floor":12.0,"turns":7.0},{"damage":10.0,"enemies":"Hexaghost","floor":16.0,"turns":8.0},{"damage":0.0,"enemies":"Spheric Guardian","floor":18.0,"turns":2.0},{"damage":0.0,"enemies":"Masked Bandits","floor":19.0,"turns":1.0},{"damage":6.0,"enemies":"Shell Parasite","floor":20.0,"turns":4.0},{"damage":21.0,"enemies":"Shelled Parasite and Fungi","floor":21.0,"turns":4.0},{"damage":0.0,"enemies":"Gremlin Leader","floor":24.0,"turns":3.0},{"damage":0.0,"enemies":"Centurion and Healer","floor":25.0,"turns":3.0},{"damage":0.0,"enemies":"Slavers","floor":28.0,"turns":2.0},{"damage":10.0,"enemies":"3 Cultists","floor":29.0,"turns":3.0},{"damage":23.0,"enemies":"Gremlin Leader","floor":31.0,"turns":4.0},{"damage":0.0,"enemies":"Collector","floor":33.0,"turns":6.0},{"damage":40.0,"enemies":"3 Darklings","floor":35.0,"turns":4.0},{"damage":0.0,"enemies":"Giant Head","floor":40.0,"turns":5.0},{"damage":0.0,"enemies":"Reptomancer","floor":42.0,"turns":5.0},{"damage":0.0,"enemies":"Orb Walker","floor":45.0,"turns":4.0},{"damage":0,"enemies":"Time Eater","floor":50,"turns":5}],"seed_played":"-2898690870032515739","potions_obtained":[{"floor":3.0,"key":"FearPotion"},{"floor":12.0,"key":"Explosive Potion"},{"floor":19.0,"key":"Swift Potion"},{"floor":25.0,"key":"DistilledChaos"},{"floor":28.0,"key":"SpeedPotion"},{"floor":35.0,"key":"PowerPotion"}],"is_trial":false,"path_per_floor":["M","?","M","M","?","E","$","R","T","?","M","E","?","?","R","B",null,"M","?","M","M","$","R","E","M","T","R","E","M","R","E","R","B",null,"M","?","$","?","?","E","R","E","T","R","M","?","R","$","R","B",null],"character_chosen":"DEFECT","items_purchased":["AT_StudyProgram","Consume","Gash","AT_DarkMatter","AT_SilverBalance"],"campfire_rested":1,"item_purchase_floors":[7,7,7,22,37],"current_hp_per_floor":[55,48,46,42,31,19,19,19,19,19,19,12,29,29,29,19,53,53,53,47,26,26,26,26,26,26,26,26,16,16,4,23,23,54,14,14,14,14,14,30,30,30,30,30,30,30,30,30,30,30],"gold":618,"neow_bonus":"UPGRADE_CARD","is_daily":false,"chose_seed":false,"campfire_upgraded":10,"win_rate":0.0,"timestamp":1610617809,"path_taken":["M","?","M","M","?","E","$","R","T","?","M","E","?","?","R","BOSS","M","?","M","M","$","R","E","M","T","R","E","M","R","E","R","BOSS","M","?","$","?","?","E","R","E","T","R","?","?","R","$","R","BOSS"],"items_purchased_type":["Card","Card","Card","Card","Relic"],"build_version":"2020-12-22","purchased_purges":3,"victory":true,"max_hp_per_floor":[71,71,71,71,71,71,71,71,71,71,71,71,71,64,64,64,64,64,64,64,64,64,64,64,64,64,64,64,64,64,64,64,64,64,64,64,64,64,61,61,61,61,61,61,61,61,61,61,61,61],"card_choices":[{"not_picked":["Compile Driver","Steam"],"picked":"Turbo","floor":1.0},{"not_picked":["AT_HeatAcrobatics","Steam"],"picked":"Streamline","floor":3.0},{"not_picked":["Sweeping Beam","Rebound"],"picked":"Glacier","floor":4.0},{"not_picked":["Streamline","Hologram"],"picked":"FTL","floor":6.0},{"not_picked":["Compile Driver","Scrape"],"picked":"Hologram","floor":11.0},{"not_picked":["Redo","Stack"],"picked":"Sweeping Beam","floor":12.0},{"not_picked":["Rainbow","Creative AI"],"picked":"Core Surge","floor":16.0},{"not_picked":["AT_HeatAcrobatics","Melter"],"picked":"Steam+1","floor":18.0},{"not_picked":["Darkness","Steam"],"picked":"Auto Shields+1","floor":19.0},{"not_picked":["Ball Lightning","Stack"],"picked":"Turbo","floor":20.0},{"not_picked":["Coolheaded","Multi-Cast"],"picked":"Hologram","floor":21.0},{"not_picked":["Stack","Streamline"],"picked":"Coolheaded","floor":24.0},{"not_picked":["Reprogram+1","Steam"],"picked":"Defragment","floor":25.0},{"not_picked":["Compile Driver+1","AT_ThunderBolt"],"picked":"Steam Power","floor":28.0},{"not_picked":["Undo","Streamline+1"],"picked":"Consume","floor":29.0},{"not_picked":["Compile Driver","Creative AI"],"picked":"Beam Cell","floor":31.0},{"not_picked":["Machine Learning","Amplify"],"picked":"Biased Cognition","floor":33.0},{"not_picked":["Cold Snap","Double Energy"],"picked":"AT_HeatAcrobatics","floor":35.0},{"not_picked":["Steam","Force Field","Rip and Tear"],"picked":"SKIP","floor":35.0},{"not_picked":["Trip","Enlightenment"],"picked":"Dark Shackles","floor":36.0},{"not_picked":["Streamline+1","Stack+1","Conserve Battery"],"picked":"SKIP","floor":40.0},{"not_picked":["Stack","Force Field"],"picked":"Reboot","floor":42.0},{"not_picked":["Reinforced Body","Double Energy","Redo+1"],"picked":"SKIP","floor":45.0},{"not_picked":["Turbo","Leap+1","AT_ThunderBolt+1"],"picked":"SKIP","floor":45.0}],"player_experience":596205,"relics_obtained":[{"floor":6.0,"key":"TungstenRod"},{"floor":9.0,"key":"CaptainsWheel"},{"floor":12.0,"key":"InkBottle"},{"floor":19.0,"key":"Red Mask"},{"floor":24.0,"key":"Ginger"},{"floor":26.0,"key":"AT_ForceNature"},{"floor":28.0,"key":"Smiling Mask"},{"floor":31.0,"key":"Prayer Wheel"},{"floor":40.0,"key":"Vajra"},{"floor":42.0,"key":"Ice Cream"},{"floor":43.0,"key":"Frozen Egg 2"}],"event_choices":[{"cards_removed":["Strike_B"],"damage_healed":0.0,"max_hp_gain":0.0,"max_hp_loss":0.0,"gold_gain":0.0,"event_name":"Golden Wing","player_choice":"Card Removal","floor":2.0,"gold_loss":0.0,"damage_taken":7.0},{"damage_healed":0.0,"max_hp_gain":0.0,"max_hp_loss":0.0,"gold_gain":75.0,"event_name":"World of Goop","player_choice":"Gather Gold","floor":5.0,"gold_loss":0.0,"damage_taken":11.0},{"damage_healed":0.0,"max_hp_gain":0.0,"max_hp_loss":0.0,"gold_gain":0.0,"event_name":"Mushrooms","player_choice":"Fought Mushrooms","floor":10.0,"gold_loss":0.0,"damage_taken":0.0},{"damage_healed":17.0,"max_hp_gain":0.0,"max_hp_loss":0.0,"gold_gain":0.0,"event_name":"The Cleric","player_choice":"Healed","floor":13.0,"gold_loss":35.0,"damage_taken":0.0},{"damage_healed":0.0,"max_hp_gain":0.0,"max_hp_loss":7.0,"gold_gain":0.0,"event_name":"Golden Idol","player_choice":"Lose Max HP","floor":14.0,"gold_loss":0.0,"damage_taken":0.0,"relics_obtained":["Golden Idol"]},{"damage_healed":0.0,"max_hp_gain":0.0,"max_hp_loss":0.0,"gold_gain":0.0,"event_name":"Masked Bandits","player_choice":"Fought Bandits","floor":19.0,"gold_loss":0.0,"damage_taken":0.0},{"damage_healed":0.0,"max_hp_gain":0.0,"max_hp_loss":0.0,"gold_gain":0.0,"event_name":"SensoryStone","player_choice":"Memory 1","floor":36.0,"gold_loss":0.0,"damage_taken":0.0},{"damage_healed":0.0,"max_hp_gain":0.0,"max_hp_loss":0.0,"gold_gain":222.0,"event_name":"Tomb of Lord Red Mask","player_choice":"Wore Mask","floor":38.0,"gold_loss":0.0,"damage_taken":0.0},{"damage_healed":0.0,"max_hp_gain":0.0,"max_hp_loss":3.0,"gold_gain":0.0,"event_name":"Winding Halls","player_choice":"Max HP","floor":39.0,"gold_loss":0.0,"damage_taken":0.0},{"damage_healed":0.0,"max_hp_gain":0.0,"max_hp_loss":0.0,"gold_gain":333.0,"event_name":"The Moai Head","player_choice":"Gave Idol","floor":46.0,"relics_lost":["Golden Idol"],"gold_loss":0.0,"damage_taken":0.0}],"is_beta":false,"boss_relics":[{"not_picked":["Busted Crown","Fusion Hammer"],"picked":"AT_MortalBlade"},{"not_picked":["Runic Pyramid","Empty Cage"],"picked":"Astrolabe"}],"items_purged_floors":[22,37,48],"is_endless":false,"potions_floor_spawned":[3,10,12,19,20,25,28,35],"ascension_level":17}}