{"host":"w36evy4uyf1bcavi","time":1610612053,"event":{"mods":["Act Like it!","Aspiration","BaseMod","Conspire","Hermit","Jedi Mod","Minty Spire (QoL Compilation)","Replay The Spire","Robot Space Explorer","Spicy Shops","StSLib","The Cursed","The Hierophant"],"gold_per_floor":[117,127,127,141,2,30,30,45,45,85,85,94,136,42,42,148,148,168,103,130,130,155,197,197,241,268,294,335,341,341],"floor_reached":29,"playtime":2006,"items_purged":[],"score":342,"play_id":"dbfaaf96-4d68-4fa6-944e-f4761094f972","local_time":"20210114161413","is_ascension_mode":true,"campfire_choices":[{"data":"TheCursedMod:ManaCirculation","floor":7,"key":"SMITH"},{"floor":11,"key":"REST"},{"data":"TheCursedMod:CircleOfAbyss","floor":15,"key":"SMITH"},{"data":"TheCursedMod:Hemoplague","floor":24,"key":"SMITH"}],"circlet_count":0,"master_deck":["TheCursedMod:Strike_TheCursed+1","TheCursedMod:Strike_TheCursed+1","TheCursedMod:Strike_TheCursed+1","TheCursedMod:Strike_TheCursed+1","TheCursedMod:Defend_TheCursed+1","TheCursedMod:Defend_TheCursed+1","TheCursedMod:Defend_TheCursed+1","TheCursedMod:Defend_TheCursed+1","TheCursedMod:CursedWand","TheCursedMod:CleanUpWorkshop","TheCursedMod:Dregs","TheCursedMod:CircleOfCorruption","TheCursedMod:Grudge","TheCursedMod:StingEye","Normality","TheCursedMod:Hemoplague+1","TheCursedMod:ManaCirculation+1","TheCursedMod:CursedBlade","TheCursedMod:SurpriseAttack+1","Parasite","TheCursedMod:CircleOfAbyss+1","TheCursedMod:CircleOfFlame+1","TheCursedMod:LuckyCharm","TheCursedMod:DemonSword","TheCursedMod:Grudge","TheCursedMod:LuckyCharm","TheCursedMod:Wield+1","TheCursedMod:CircleOfCorruption","TheCursedMod:CursedShiv+1","TheCursedMod:CircleOfCorruption+1","TheCursedMod:RapidMovement","TheCursedMod:Neurasthenia"],"relics":["TheCursedMod:BlackMagic101","NeowsBlessing","Lantern","Ancient Tea Set","CeramicFish","ReplayTheSpireMod:TigerMarble","Replay:Mystery Machine","conspire:RunicOctahedron","Sundial","Regal Pillow","Whetstone","conspire:TopHat"],"acts_visited":["Exordium","TheCity"],"potions_floor_usage":[10,16,22,23,25,28,29],"damage_taken":[{"damage":0,"enemies":"Jaw Worm","floor":1,"turns":1},{"damage":0,"enemies":"conspire:RoseBush","floor":2,"turns":1},{"damage":0,"enemies":"2 Louse","floor":4,"turns":1},{"damage":40,"enemies":"Lagavulin","floor":6,"turns":10},{"damage":5,"enemies":"2 Fungi Beasts","floor":8,"turns":5},{"damage":8,"enemies":"3 Sentries","floor":10,"turns":6},{"damage":4,"enemies":"Replay:BlueRogue","floor":13,"turns":4},{"damage":45,"enemies":"Fading Forest","floor":16,"turns":11},{"damage":0,"enemies":"Shell Parasite","floor":18,"turns":4},{"damage":12,"enemies":"3 Byrds","floor":20,"turns":5},{"damage":2,"enemies":"conspire:HollyBat","floor":22,"turns":9},{"damage":0,"enemies":"Gremlin Leader","floor":23,"turns":2},{"damage":14,"enemies":"conspire:SneckoGhost","floor":25,"turns":9},{"damage":0,"enemies":"Snake Plant","floor":27,"turns":1},{"damage":30,"enemies":"Gremlin Leader","floor":28,"turns":8},{"damage":26,"enemies":"conspire:MimicChest","floor":29,"turns":6}],"seed_played":"-2631307544831384649","potions_obtained":[{"floor":4,"key":"Explosive Potion"},{"floor":6,"key":"Swift Potion"},{"floor":10,"key":"SpeedPotion"},{"floor":13,"key":"AttackPotion"},{"floor":18,"key":"SteroidPotion"},{"floor":20,"key":"Block Potion"},{"floor":22,"key":"SteroidPotion"},{"floor":27,"key":"jedi:tentaclejuice"}],"is_trial":false,"path_per_floor":["M","M","?","M","$","E","R","M","T","E","R","?","E","$","R","B",null,"M","$","M","?","M","E","R","E","T","M","E","?"],"character_chosen":"THE_CURSED","items_purchased":["Lantern","TheCursedMod:Hemoplague","TheCursedMod:CircleOfFlame+1","TheCursedMod:LuckyCharm","TheCursedMod:LuckyCharm"],"campfire_rested":1,"item_purchase_floors":[5,5,14,14,19],"current_hp_per_floor":[75,75,75,75,75,35,35,30,30,22,44,62,58,58,58,22,76,78,78,66,66,64,64,64,50,50,50,20,0,0],"gold":341,"neow_bonus":"THREE_ENEMY_KILL","is_daily":false,"chose_seed":false,"campfire_upgraded":3,"win_rate":0.0,"timestamp":1610612053,"path_taken":["M","M","?","M","?","E","R","M","T","E","R","?","E","$","R","BOSS","M","$","M","?","M","E","R","E","T","M","E","?"],"items_purchased_type":["Relic","Card","Card","Card","Card"],"build_version":"2020-12-22","purchased_purges":0,"victory":false,"max_hp_per_floor":[75,75,75,75,75,75,75,75,75,75,75,75,75,75,75,76,76,78,78,78,78,78,78,78,78,78,78,78,78,78],"card_choices":[{"not_picked":["TheCursedMod:Torture","TheCursedMod:SoulReap"],"picked":"TheCursedMod:CircleOfCorruption","floor":1},{"not_picked":["TheCursedMod:SmokeScreen","TheCursedMod:DoubleShield"],"picked":"TheCursedMod:Grudge","floor":2},{"not_picked":["TheCursedMod:LuckyCharm","TheCursedMod:CursedMace"],"picked":"TheCursedMod:StingEye","floor":4},{"not_picked":["TheCursedMod:TroublousMinions","TheCursedMod:DoubleShield"],"picked":"TheCursedMod:ManaCirculation","floor":6},{"not_picked":["TheCursedMod:Stigma","TheCursedMod:Wield"],"picked":"TheCursedMod:CursedBlade","floor":8},{"not_picked":["TheCursedMod:CircleOfAmplification","TheCursedMod:TacticalStrike"],"picked":"TheCursedMod:SurpriseAttack","floor":10},{"not_picked":["TheCursedMod:SmokeScreen","TheCursedMod:CursedSpellbook"],"picked":"TheCursedMod:CircleOfAbyss","floor":13},{"not_picked":["TheCursedMod:ShockAndAwe","TheCursedMod:ParallelWorld"],"picked":"TheCursedMod:DemonSword","floor":16},{"not_picked":["TheCursedMod:RavingStaff+1","TheCursedMod:Torture"],"picked":"TheCursedMod:Grudge","floor":18},{"not_picked":["TheCursedMod:CursedBoomerang","TheCursedMod:CircleOfWindfury"],"picked":"TheCursedMod:Wield+1","floor":20},{"not_picked":["TheCursedMod:RapidMovement","TheCursedMod:SpitefulStrike"],"picked":"TheCursedMod:CircleOfCorruption","floor":22},{"not_picked":["TheCursedMod:Stigma","TheCursedMod:ManaBullet"],"picked":"TheCursedMod:CursedShiv","floor":23},{"not_picked":["TheCursedMod:ManaBullet","TheCursedMod:SurpriseAttack"],"picked":"TheCursedMod:CircleOfCorruption+1","floor":25},{"not_picked":["TheCursedMod:CursedBlade","TheCursedMod:CircleOfCorruption"],"picked":"TheCursedMod:RapidMovement","floor":27},{"not_picked":["TheCursedMod:SaltUponWound","TheCursedMod:Stretching+1"],"picked":"TheCursedMod:Neurasthenia","floor":28}],"player_experience":455469,"relics_obtained":[{"floor":6,"key":"Ancient Tea Set"},{"floor":9,"key":"CeramicFish"},{"floor":10,"key":"ReplayTheSpireMod:TigerMarble"},{"floor":13,"key":"Replay:Mystery Machine"},{"floor":23,"key":"Sundial"},{"floor":25,"key":"Regal Pillow"},{"floor":26,"key":"Whetstone"},{"floor":28,"key":"conspire:TopHat"}],"event_choices":[{"damage_healed":18,"gold_gain":0,"player_choice":"Healed and dodged fight","damage_taken":0,"max_hp_gain":0,"max_hp_loss":0,"event_name":"Mushrooms","floor":12,"gold_loss":0,"cards_obtained":["Parasite"]},{"damage_healed":0,"gold_gain":0,"player_choice":"Simplicity","damage_taken":0,"max_hp_gain":0,"max_hp_loss":0,"event_name":"Back to Basics","floor":21,"gold_loss":0,"cards_upgraded":["TheCursedMod:Strike_TheCursed","TheCursedMod:Strike_TheCursed","TheCursedMod:Strike_TheCursed","TheCursedMod:Strike_TheCursed","TheCursedMod:Defend_TheCursed","TheCursedMod:Defend_TheCursed","TheCursedMod:Defend_TheCursed","TheCursedMod:Defend_TheCursed"]}],"is_beta":false,"boss_relics":[{"not_picked":["Painkiller Herb","Ring of Chaos"],"picked":"conspire:RunicOctahedron"}],"items_purged_floors":[],"is_endless":false,"potions_floor_spawned":[4,6,10,13,18,20,22,27],"killed_by":"conspire:MimicChest","ascension_level":1}}