{"host":"4udtejx3ummmwg8f","time":1610595074,"event":{"mods":["BaseMod","Minty Spire (QoL Compilation)"],"gold_per_floor":[116,116,291,310,323,323,350,350,350,367,432,177,206,219,219,314,314,328,348,365,290,290,323,340,340,411,428,428,428,438,62,62,62,62],"floor_reached":33,"language":"ENG","playtime":2269,"items_purged":["Strike_B"],"score":427,"play_id":"f9c2e01e-e982-404e-99d2-f16181b1733e","local_time":"20210114140114","daily_mods":["Heirloom","Time Dilation"],"is_ascension_mode":false,"campfire_choices":[{"data":"Defragment","floor":6,"key":"SMITH"},{"floor":8,"key":"REST"},{"floor":15,"key":"REST"},{"floor":25,"key":"REST"},{"floor":29,"key":"REST"},{"floor":32,"key":"REST"}],"circlet_count":0,"master_deck":["Strike_B","Strike_B","Strike_B","Defend_B","Defend_B+1","Defend_B","Defend_B","Zap","Dualcast+1","Gash","Defragment+1","Beam Cell","Chaos","Auto Shields","Cold Snap","Storm","Rainbow","Consume","Fusion","Multi-Cast","Heatsinks+1","Leap+1","Doom and Gloom","Seek","Beam Cell","Lockon+1","FTL","Stack","Reprogram","Sweeping Beam","Beam Cell+1"],"relics":["Cracked Core","Ginger","Kunai","Mercury Hourglass","White Beast Statue","War Paint","Runic Capacitor","Dream Catcher","Fusion Hammer","Juzu Bracelet","Darkstone Periapt","Bag of Preparation","Eternal Feather"],"acts_visited":["Exordium","TheCity"],"potions_floor_usage":[7,11,16,16,20,20,23,23,24,27,31,33],"damage_taken":[{"damage":0,"enemies":"2 Louse","floor":1,"turns":2},{"damage":0,"enemies":"Small Slimes","floor":4,"turns":3},{"damage":6,"enemies":"Jaw Worm","floor":5,"turns":3},{"damage":38,"enemies":"Gremlin Nob","floor":7,"turns":4},{"damage":9,"enemies":"Gremlin Gang","floor":10,"turns":2},{"damage":5,"enemies":"3 Sentries","floor":11,"turns":5},{"damage":11,"enemies":"Lagavulin","floor":13,"turns":5},{"damage":0,"enemies":"3 Louse","floor":14,"turns":3},{"damage":0,"enemies":"Hexaghost","floor":16,"turns":6},{"damage":6,"enemies":"Shell Parasite","floor":18,"turns":4},{"damage":4,"enemies":"Spheric Guardian","floor":19,"turns":3},{"damage":16,"enemies":"Centurion and Healer","floor":20,"turns":6},{"damage":12,"enemies":"Gremlin Leader","floor":23,"turns":4},{"damage":16,"enemies":"Snake Plant","floor":24,"turns":3},{"damage":4,"enemies":"3 Cultists","floor":27,"turns":4},{"damage":46,"enemies":"Shelled Parasite and Fungi","floor":30,"turns":4},{"damage":79,"enemies":"Collector","floor":33,"turns":6}],"seed_played":"60921812684243113","potions_obtained":[{"floor":4,"key":"SkillPotion"},{"floor":10,"key":"PowerPotion"},{"floor":11,"key":"BlessingOfTheForge"},{"floor":13,"key":"Energy Potion"},{"floor":14,"key":"Strength Potion"},{"floor":16,"key":"FearPotion"},{"floor":18,"key":"Regen Potion"},{"floor":20,"key":"SpeedPotion"},{"floor":23,"key":"PowerPotion"},{"floor":24,"key":"AttackPotion"},{"floor":27,"key":"Strength Potion"},{"floor":30,"key":"Block Potion"}],"is_trial":true,"path_per_floor":["M","?","?","M","M","R","E","R","T","M","?","$","E","M","R","B",null,"M","M","M","?","?","E","M","R","T","M","?","R","M","$","R","B"],"character_chosen":"DEFECT","items_purchased":["Runic Capacitor","Storm","Eternal Feather","Sweeping Beam","Fruit Juice"],"campfire_rested":5,"item_purchase_floors":[12,12,31,31,31],"current_hp_per_floor":[75,68,68,68,62,62,24,46,46,37,32,32,21,21,43,43,75,69,65,64,64,50,38,22,46,46,42,42,66,20,25,68,0,0],"gold":62,"neow_bonus":"","is_daily":false,"chose_seed":false,"campfire_upgraded":1,"win_rate":0.0,"timestamp":1610595074,"path_taken":["M","?","?","M","M","R","E","R","T","M","?","?","E","M","R","BOSS","M","?","?","?","?","E","M","R","T","M","?","R","M","$","R","BOSS"],"items_purchased_type":["Relic","Card","Relic","Card","Potion"],"build_version":"2020-12-22","purchased_purges":1,"victory":false,"max_hp_per_floor":[75,75,75,75,75,75,75,75,75,75,75,75,75,75,75,75,75,75,75,75,75,80,80,80,80,80,80,80,80,80,85,85,85,85],"card_choices":[{"not_picked":["Rebound","Conserve Battery"],"picked":"Gash","floor":1},{"not_picked":["Cold Snap","Capacitor"],"picked":"Defragment","floor":4},{"not_picked":["Undo","Compile Driver"],"picked":"Beam Cell","floor":5},{"not_picked":["Storm","Cold Snap"],"picked":"Chaos","floor":7},{"not_picked":["Ball Lightning","Gash"],"picked":"Auto Shields","floor":10},{"not_picked":["Hologram","Heatsinks"],"picked":"Cold Snap","floor":11},{"not_picked":["Ball Lightning","Chill"],"picked":"Rainbow","floor":13},{"not_picked":["Rebound","Scrape"],"picked":"Consume","floor":14},{"not_picked":["Darkness","Go for the Eyes"],"picked":"Fusion","floor":15},{"not_picked":["Biased Cognition","All For One"],"picked":"Multi-Cast","floor":16},{"not_picked":["Chaos","Hologram+1"],"picked":"Heatsinks+1","floor":18},{"not_picked":["Rebound+1","Steam"],"picked":"Leap+1","floor":19},{"not_picked":["Scrape","Gash"],"picked":"Doom and Gloom","floor":20},{"not_picked":["Rebound","Redo+1"],"picked":"Seek","floor":23},{"not_picked":["Cold Snap","Leap"],"picked":"Beam Cell","floor":24},{"not_picked":["Fusion+1","Go for the Eyes"],"picked":"Lockon+1","floor":25},{"not_picked":["Barrage","Hologram"],"picked":"FTL","floor":27},{"not_picked":["Turbo","Steam Power"],"picked":"Stack","floor":29},{"not_picked":["Redo","Steam Power"],"picked":"Reprogram","floor":30},{"not_picked":["Gash","Barrage+1"],"picked":"Beam Cell+1","floor":32}],"player_experience":80934,"relics_obtained":[{"floor":7,"key":"Mercury Hourglass"},{"floor":9,"key":"White Beast Statue"},{"floor":13,"key":"Dream Catcher"},{"floor":23,"key":"Juzu Bracelet"},{"floor":26,"key":"Darkstone Periapt"}],"event_choices":[{"damage_healed":0,"gold_gain":0,"player_choice":"Success","damage_taken":7,"relics_obtained":["Kunai"],"max_hp_gain":0,"max_hp_loss":0,"event_name":"Scrap Ooze","floor":2,"gold_loss":0},{"damage_healed":0,"gold_gain":175,"player_choice":"AGREE","damage_taken":0,"max_hp_gain":0,"max_hp_loss":0,"event_name":"Liars Game","floor":3,"gold_loss":0,"cards_obtained":["Doubt"]},{"damage_healed":0,"gold_gain":0,"player_choice":"Searched \u00272\u0027 times","damage_taken":0,"relics_obtained":["War Paint"],"max_hp_gain":0,"max_hp_loss":0,"event_name":"Dead Adventurer","floor":11,"gold_loss":0},{"cards_removed":["Doubt"],"damage_healed":0,"gold_gain":0,"player_choice":"Gave Gold","damage_taken":0,"max_hp_gain":0,"max_hp_loss":0,"event_name":"Beggar","floor":21,"gold_loss":75},{"damage_healed":0,"gold_gain":0,"player_choice":"Shed Blood","damage_taken":19,"max_hp_gain":5,"max_hp_loss":0,"event_name":"Forgotten Altar","floor":22,"gold_loss":0},{"damage_healed":0,"gold_gain":0,"player_choice":"Gave Potion","damage_taken":0,"relics_obtained":["Bag of Preparation"],"max_hp_gain":0,"max_hp_loss":0,"event_name":"WeMeetAgain","floor":28,"gold_loss":0}],"is_beta":false,"boss_relics":[{"not_picked":["Runic Dome","Busted Crown"],"picked":"Fusion Hammer"}],"items_purged_floors":[12],"is_endless":true,"potions_floor_spawned":[4,10,11,13,14,16,18,19,20,23,24,27,30],"killed_by":"Collector","ascension_level":0}}