{"host":"uhhucka17mqeuzwb","time":1610612423,"event":{"mods":["2.2 Compatiblity","AchievementEnabler","Act Like it!","Astrologer","BaseMod","Better Altar","Better Skull","Colored Powertips","Defuse TimeMaze Blight","Downfall","Energized Spire","Faster Ascension Climbing","Friendly Minions","Gensokyo","GifTheSpireLib","Gremlin Mod","Gremlin Skip","Hallownest","Hermit","HololiveMod","KinomotoSakuraMod(????)","Lobotomy","Marisa????????","Minty Spire (QoL Compilation)","Quick Restart","Red Circlet Mod","Replay The Spire","Reworked Bosses","Shade Mod","Shop Mod","StSLib","The Administrix","The Animator","The Blue Laboratory","The Bug Knight","The Cursed","The Factory","The Forsaken","Waifu the Spire"],"gold_per_floor":[116,16,16,36,36,36,36,36,36,36,36,36,36,36,36,135,135,148,248,248,268,268,299,179,179,179,179,27,46,46,64,64,169,119,137,248,248,27,41,41,41,41,112,52,52,52,379,379,379,379],"floor_reached":51,"language":"ENG","playtime":25342,"items_purged":[],"score":721,"play_id":"147201dd-24e8-4d5f-8b83-f3ca247f59a5","local_time":"20210114032023","is_ascension_mode":false,"campfire_choices":[{"data":"astrologer:Justice","floor":6,"key":"SMITH"},{"data":"astrologer:Glimpse","floor":10,"key":"SMITH"},{"data":"astrologer:DarkMatter","floor":25,"key":"SMITH"},{"data":"astrologer:Premonition","floor":27,"key":"SMITH"},{"floor":30,"key":"REST"},{"data":"astrologer:CometStrike","floor":32,"key":"SMITH"},{"data":"astrologer:Alignment","floor":40,"key":"SMITH"},{"data":"astrologer:Glimpse","floor":42,"key":"SMITH"},{"data":"astrologer:Confirmation","floor":46,"key":"SMITH"},{"data":"astrologer:Premonition","floor":49,"key":"SMITH"}],"circlet_count":0,"master_deck":["astrologer:Defend","astrologer:NorthStar","astrologer:Justice+1","astrologer:Conjunction+1","astrologer:ShootingStar+1","astrologer:Glimpse+1","astrologer:TheMagician+1","astrologer:CometStrike+1","astrologer:Premonition+1","astrologer:DarkMatter+1","astrologer:TheHighPriestess+1","astrologer:ShiningStar","Shame","astrologer:TheHangedMan","astrologer:Glimpse+1","astrologer:Glimpse+1","astrologer:FrozenStar","astrologer:CometStrike+1","astrologer:DarkMatter+1","astrologer:LonelyStar","astrologer:Justice+1","astrologer:Alignment+1","astrologer:DarkMatter","Gensokyo:CustomPotion","astrologer:Confirmation+1","astrologer:Death","astrologer:Premonition+1","astrologer:StarOfMisfortune"],"relics":["astrologer:SkyMirror","Juzu Bracelet","ReplayTheSpireMod:Ring of Collecting","Replay:Mystery Machine","Replay:Accelerometer","Question Card","Ring of Peace","energizedSpire:SpiderWeb","HollowMod:LifeEnderRelic","Replay:Towering Pillar of Hats","StoneCalendar","Ice Cream","Gensokyo:LionMask","Replay:PocketPolymizer","MerchantsRug","energizedSpire:HugeHouse","Guide Book","Mirror","Simple Rune"],"acts_visited":["Gensokyo:Gensokyo","Gensokyo:Gensokyoer","Gensokyo:Gensokyoest"],"potions_floor_usage":[51],"damage_taken":[{"damage":5,"enemies":"Gensokyo:Gryphon","floor":1,"turns":5},{"damage":3,"enemies":"Gensokyo:Python","floor":4,"turns":5},{"damage":11,"enemies":"Gensokyo:Reimu","floor":16,"turns":12},{"damage":0,"enemies":"Gensokyo:2_Gloops","floor":18,"turns":5},{"damage":22,"enemies":"Gensokyo:2_Gloops","floor":19,"turns":9},{"damage":6,"enemies":"Gensokyo:Chomper","floor":21,"turns":7},{"damage":8,"enemies":"Gensokyo:Tenshi","floor":23,"turns":6},{"damage":10,"enemies":"Gensokyo:3_Gloops","floor":29,"turns":7},{"damage":2,"enemies":"Gensokyo:Swordslinger","floor":31,"turns":5},{"damage":27,"enemies":"Gensokyo:Eiki","floor":33,"turns":11},{"damage":5,"enemies":"Gensokyo:3_Bats","floor":35,"turns":5},{"damage":14,"enemies":"Gensokyo:AncientGuardian","floor":39,"turns":7},{"damage":12,"enemies":"Gensokyo:Kasen","floor":47,"turns":7},{"damage":3,"enemies":"Gensokyo:Scarlet_Devils","floor":50,"turns":6},{"damage":2,"enemies":"Malkuth","floor":51,"turns":14},{"damage":32,"enemies":"Hod","floor":51,"turns":10}],"seed_played":"1170484348494142311","potions_obtained":[{"floor":21,"key":"blueLaboratory:AbyssPotion"},{"floor":29,"key":"blueLaboratory:BottleOfVodka"},{"floor":31,"key":"blueLaboratory:PolymorphPotion"},{"floor":47,"key":"SneckoOil"}],"is_trial":false,"path_per_floor":["M","COS","?","M","?","R","?","?","T","R","?","T","T","?","R","B",null,"M","?","?","M","?","E","?","R","T","R","$","M","R","M","R","B",null,"M","?","?","COS","M","R","?","R","T","?","?","R","E","?","R","B",null],"character_chosen":"ASTROLOGER","items_purchased":["MerchantsRug","astrologer:Glimpse"],"campfire_rested":1,"item_purchase_floors":[28,28],"current_hp_per_floor":[65,65,65,62,62,62,62,62,62,62,62,62,69,69,39,28,77,77,55,32,26,26,18,18,18,18,18,18,8,31,29,29,2,72,67,48,48,48,34,34,34,34,34,34,34,34,22,22,22,19],"gold":379,"neow_bonus":"TRANSFORM_CARD","is_daily":false,"chose_seed":false,"campfire_upgraded":9,"win_rate":0.0,"timestamp":1610612423,"path_taken":["M","COS","?","M","?","R","?","?","T","R","?","?","?","?","R","BOSS","M","?","?","M","?","E","?","R","T","R","$","M","R","M","R","BOSS","M","?","?","COS","M","R","?","R","T","?","?","R","E","?","R","BOSS"],"items_purchased_type":["Relic","Card"],"build_version":"2020-12-22","purchased_purges":0,"victory":true,"max_hp_per_floor":[70,70,70,70,70,70,70,70,70,70,70,70,77,77,77,77,77,77,77,77,77,77,77,77,77,77,77,77,77,77,77,77,77,72,72,72,72,72,72,72,72,72,72,72,72,72,72,72,72,72],"card_choices":[{"not_picked":["astrologer:MeteorShower","astrologer:SolarFlare"],"picked":"astrologer:Conjunction","floor":1},{"not_picked":["astrologer:Premeditation","astrologer:CometStrike"],"picked":"astrologer:ShootingStar","floor":4},{"not_picked":["astrologer:FrozenStar","astrologer:Conjunction"],"picked":"astrologer:Glimpse","floor":8},{"not_picked":["astrologer:ReadTheStars","astrologer:MeteorShower"],"picked":"astrologer:TheMagician","floor":8},{"not_picked":["astrologer:BlackHole","astrologer:Alignment","astrologer:Fate"],"picked":"astrologer:Premonition","floor":16},{"not_picked":["astrologer:Trine","astrologer:BlackHole","astrologer:TheSun"],"picked":"astrologer:DarkMatter","floor":16},{"not_picked":["astrologer:SolarFlare+1","astrologer:Quincunx","astrologer:Judgement+1"],"picked":"astrologer:TheHighPriestess+1","floor":18},{"not_picked":["astrologer:Stardust+1","astrologer:TheLovers","astrologer:TheEmperor+1"],"picked":"astrologer:ShiningStar","floor":19},{"not_picked":["astrologer:SpaceDust","astrologer:ReadTheStars+1","astrologer:StarOfCourage"],"picked":"astrologer:Glimpse","floor":21},{"not_picked":["astrologer:FrozenStar+1","astrologer:Eclipse","astrologer:MeteorShower","astrologer:SpaceDust"],"picked":"SKIP","floor":23},{"not_picked":["astrologer:FrozenStar","astrologer:TheWorld","astrologer:ReadTheStars+1","astrologer:Eclipse"],"picked":"SKIP","floor":29},{"not_picked":["astrologer:TheTower","astrologer:Eclipse","astrologer:ReadTheStars"],"picked":"astrologer:CometStrike","floor":31},{"not_picked":["astrologer:TheSun","astrologer:TheChariot","astrologer:Nova"],"picked":"astrologer:DarkMatter","floor":33},{"not_picked":["astrologer:StarOfMisfortune","astrologer:StarOfChange+1","astrologer:Conjunction"],"picked":"astrologer:LonelyStar","floor":35},{"not_picked":["astrologer:Cataclysm+1","astrologer:Moonlight","astrologer:FrozenStar+1"],"picked":"astrologer:Justice+1","floor":39},{"not_picked":["astrologer:Nova","astrologer:BlackHole","astrologer:TheMagician"],"picked":"astrologer:Death","floor":47},{"not_picked":["astrologer:FrozenStar","astrologer:FadingStar+1","astrologer:CometStrike"],"picked":"astrologer:Premonition","floor":47}],"player_experience":1084297,"relics_obtained":[{"floor":3,"key":"ReplayTheSpireMod:Ring of Collecting"},{"floor":9,"key":"Ring of Fangs"},{"floor":9,"key":"Replay:Accelerometer"},{"floor":12,"key":"Question Card"},{"floor":13,"key":"Ring of Peace"},{"floor":13,"key":"Strawberry"},{"floor":19,"key":"Replay:Towering Pillar of Hats"},{"floor":19,"key":"StoneCalendar"},{"floor":23,"key":"Ice Cream"},{"floor":26,"key":"Replay:PocketPolymizer"},{"floor":43,"key":"Mirror"},{"floor":47,"key":"Simple Rune"}],"event_choices":[{"damage_healed":0,"gold_gain":0,"player_choice":"UP UP ","damage_taken":27,"relics_obtained":[],"max_hp_gain":0,"max_hp_loss":0,"event_name":"betterSkull:BetterSkull","floor":20,"gold_loss":0,"cards_upgraded":["astrologer:Defend","astrologer:Conjunction"]},{"damage_healed":0,"gold_gain":0,"player_choice":"UP UP ","damage_taken":27,"relics_obtained":[],"max_hp_gain":0,"max_hp_loss":0,"event_name":"betterSkull:BetterSkull","floor":20,"gold_loss":0,"cards_upgraded":["astrologer:Defend","astrologer:Conjunction"]},{"damage_healed":0,"gold_gain":111,"player_choice":"GO UP ","damage_taken":22,"relics_obtained":[],"max_hp_gain":0,"max_hp_loss":0,"event_name":"betterSkull:BetterSkull","floor":36,"gold_loss":0,"cards_upgraded":["astrologer:Glimpse"]}],"is_beta":false,"boss_relics":[{"not_picked":["Hololive_ChaosS","energizedSpire:CursedPentagram"],"picked":"energizedSpire:SpiderWeb"},{"not_picked":["Kintsugi","Replay:Bronze Core"],"picked":"energizedSpire:HugeHouse"}],"items_purged_floors":[],"is_endless":false,"potions_floor_spawned":[21,29,31,47],"ascension_level":0}}