{"host":"9v3x998ddbx8o276","time":1610623097,"event":{"mods":["AchievementEnabler","BaseMod","Colored Map","Colored Powertips","Highlight Path","Minty Spire (QoL Compilation)","Quick Restart","Rare Cards Sparkle"],"gold_per_floor":[215,215,233,253,213,213,238,256,332,346,346,0,35,59,59,187,187,200,224,258,173,196,196,209,245,313,332,332,23,38,38,38,169,169,185,185,210,12,30,30,61,61,84,130,142,376,403,454,466,478],"floor_reached":51,"language":"ENG","playtime":2229,"items_purged":["Strike_R","Strike_R"],"score":925,"play_id":"72dd39d4-4bd5-4538-957b-19068a9ea28a","local_time":"20210114214817","is_ascension_mode":true,"campfire_choices":[{"data":"Bash","floor":6.0,"key":"SMITH"},{"data":"Whirlwind","floor":15.0,"key":"SMITH"},{"data":"Demon Form","floor":23.0,"key":"SMITH"},{"data":"Shockwave","floor":28.0,"key":"SMITH"},{"floor":32.0,"key":"REST"},{"floor":40.0,"key":"REST"},{"floor":42.0,"key":"REST"},{"floor":49,"key":"REST"}],"circlet_count":0,"master_deck":["Strike_R","Defend_R","Defend_R","Defend_R","Defend_R","Bash+1","Sword Boomerang","Thunderclap","Whirlwind+1","Offering","Carnage","Seeing Red","Shrug It Off","Dropkick","Burning Pact","Rupture","Pommel Strike","Demon Form+1","Ghostly Armor+1","Anger","Dual Wield","Cleave+1","Metallicize","Shockwave+1","Feel No Pain","Sever Soul","Disarm","True Grit","Second Wind+1","Corruption","CurseOfTheBell","Body Slam+1","Rupture+1","Havoc","Spot Weakness+1","Reaper","Violence","Enlightenment","Dark Embrace","Havoc+1","Armaments+1"],"relics":["Burning Blood","Champion Belt","Centennial Puzzle","Kunai","Golden Idol","Anchor","TungstenRod","Empty Cage","Red Mask","Blood Vial","Boot","Paper Frog","Calling Bell","Potion Belt","Blue Candle","Mango","Eternal Feather","MawBank","Dream Catcher","Ginger"],"acts_visited":["Exordium","TheCity","TheBeyond"],"potions_floor_usage":[50,50],"damage_taken":[{"damage":9.0,"enemies":"Jaw Worm","floor":1.0,"turns":5.0},{"damage":0.0,"enemies":"2 Louse","floor":3.0,"turns":3.0},{"damage":0.0,"enemies":"Cultist","floor":4.0,"turns":3.0},{"damage":18.0,"enemies":"Gremlin Nob","floor":7.0,"turns":4.0},{"damage":16.0,"enemies":"Blue Slaver","floor":8.0,"turns":3.0},{"damage":18.0,"enemies":"2 Fungi Beasts","floor":10.0,"turns":2.0},{"damage":25.0,"enemies":"Lagavulin","floor":13.0,"turns":4.0},{"damage":0.0,"enemies":"3 Louse","floor":14.0,"turns":3.0},{"damage":24.0,"enemies":"Slime Boss","floor":16.0,"turns":8.0},{"damage":6.0,"enemies":"Chosen","floor":18.0,"turns":4.0},{"damage":19.0,"enemies":"Spheric Guardian","floor":19.0,"turns":7.0},{"damage":6.0,"enemies":"Masked Bandits","floor":20.0,"turns":2.0},{"damage":5.0,"enemies":"3 Cultists","floor":22.0,"turns":2.0},{"damage":10.0,"enemies":"Snecko","floor":24.0,"turns":3.0},{"damage":22.0,"enemies":"Gremlin Leader","floor":25.0,"turns":5.0},{"damage":21.0,"enemies":"Snake Plant","floor":27.0,"turns":5.0},{"damage":13.0,"enemies":"Shelled Parasite and Fungi","floor":30.0,"turns":6.0},{"damage":14.0,"enemies":"Champ","floor":33.0,"turns":9.0},{"damage":14.0,"enemies":"Orb Walker","floor":35.0,"turns":5.0},{"damage":31.0,"enemies":"3 Darklings","floor":37.0,"turns":7.0},{"damage":33.0,"enemies":"Sphere and 2 Shapes","floor":39.0,"turns":8.0},{"damage":43.0,"enemies":"Reptomancer","floor":41.0,"turns":6.0},{"damage":11.0,"enemies":"Giant Head","floor":44.0,"turns":5.0},{"damage":14,"enemies":"Maw","floor":47,"turns":7},{"damage":62,"enemies":"Nemesis","floor":48,"turns":7},{"damage":93,"enemies":"Awakened One","floor":50,"turns":12}],"seed_played":"-6453438003439128113","potions_obtained":[{"floor":4.0,"key":"FairyPotion"},{"floor":5.0,"key":"Block Potion"},{"floor":5.0,"key":"ElixirPotion"},{"floor":5.0,"key":"BloodPotion"},{"floor":13.0,"key":"ColorlessPotion"},{"floor":24.0,"key":"ColorlessPotion"},{"floor":25.0,"key":"EntropicBrew"},{"floor":41.0,"key":"Strength Potion"},{"floor":47,"key":"DistilledChaos"}],"is_trial":false,"path_per_floor":["M","?","M","M","?","R","E","M","T","M","?","$","E","M","R","B",null,"M","M","?","?","M","R","M","E","T","M","R","$","M","?","R","B",null,"M","?","M","$","M","R","E","R","T","E","?","?","M","E","R","B",null],"character_chosen":"IRONCLAD","items_purchased":["Shrug It Off","Anchor","Dropkick","Burning Pact","Feel No Pain","Sever Soul","Disarm","True Grit","Fruit Juice"],"campfire_rested":4,"item_purchase_floors":[12,12,12,12,29,29,29,29,38],"current_hp_per_floor":[77,74,80,80,80,80,68,58,58,46,46,60,41,47,47,29,74,74,61,61,61,64,64,62,48,48,35,35,35,30,25,47,41,88,80,80,57,57,32,58,28,76,76,73,69,69,63,32,83,19],"gold":490,"neow_bonus":"HUNDRED_GOLD","is_daily":false,"chose_seed":false,"campfire_upgraded":4,"win_rate":0.0,"timestamp":1610623097,"path_taken":["M","?","M","M","?","R","E","M","T","?","?","$","E","M","R","BOSS","M","M","?","?","M","R","M","E","T","M","R","$","M","?","R","BOSS","M","?","M","$","M","R","E","R","T","E","?","?","M","E","R","BOSS"],"items_purchased_type":["Card","Relic","Card","Card","Card","Card","Card","Card","Potion"],"build_version":"2020-12-22","purchased_purges":2,"victory":true,"max_hp_per_floor":[80,80,80,80,80,80,80,80,80,80,74,74,74,74,74,74,74,74,74,74,74,74,74,74,74,74,74,74,74,74,74,74,74,88,88,88,88,88,88,88,93,93,93,93,93,93,93,93,93,93],"card_choices":[{"not_picked":["Twin Strike","Armaments"],"picked":"Sword Boomerang","floor":1.0},{"not_picked":["Second Wind","Rage"],"picked":"Thunderclap","floor":3.0},{"not_picked":["Disarm","Perfected Strike"],"picked":"Whirlwind","floor":4.0},{"not_picked":["Power Through","Flex"],"picked":"Offering","floor":7.0},{"not_picked":["Cleave","Headbutt"],"picked":"Carnage","floor":8.0},{"not_picked":["Havoc","Heavy Blade"],"picked":"Seeing Red","floor":10.0},{"not_picked":["Wild Strike","Body Slam"],"picked":"Rupture","floor":13.0},{"not_picked":["Sword Boomerang","Twin Strike"],"picked":"Pommel Strike","floor":14.0},{"not_picked":["Limit Break","Brutality"],"picked":"Demon Form","floor":16.0},{"not_picked":["Clash","Heavy Blade+1"],"picked":"Ghostly Armor+1","floor":18.0},{"not_picked":["Warcry+1","Rage"],"picked":"Anger","floor":19.0},{"not_picked":["Flex","Body Slam+1"],"picked":"Dual Wield","floor":20.0},{"not_picked":["True Grit","Burning Pact+1"],"picked":"Cleave+1","floor":22.0},{"not_picked":["Headbutt","Dual Wield","Second Wind"],"picked":"SKIP","floor":24.0},{"not_picked":["Headbutt","Heavy Blade"],"picked":"Metallicize","floor":25.0},{"not_picked":["Clothesline","Havoc"],"picked":"Shockwave","floor":27.0},{"not_picked":["Fire Breathing","Seeing Red+1"],"picked":"Second Wind+1","floor":30.0},{"not_picked":["Berserk","Limit Break"],"picked":"Corruption","floor":33.0},{"not_picked":["Flex+1","Cleave"],"picked":"Body Slam+1","floor":35.0},{"not_picked":["Body Slam+1","Sword Boomerang"],"picked":"Rupture+1","floor":37.0},{"not_picked":["Anger","Headbutt+1"],"picked":"Havoc","floor":39.0},{"not_picked":["Armaments+1","Rage"],"picked":"Spot Weakness+1","floor":41.0},{"not_picked":["Cleave+1","Headbutt+1"],"picked":"Reaper","floor":44.0},{"not_picked":["Secret Technique","Mind Blast"],"picked":"Violence","floor":45.0},{"not_picked":["Deep Breath","Bandage Up"],"picked":"Enlightenment","floor":45.0},{"not_picked":["Evolve+1","Reckless Charge+1"],"picked":"Dark Embrace","floor":47},{"not_picked":["Clothesline+1","Twin Strike"],"picked":"Havoc+1","floor":48},{"not_picked":["Clash","Body Slam"],"picked":"Armaments+1","floor":49}],"player_experience":1652641,"relics_obtained":[{"floor":7.0,"key":"Centennial Puzzle"},{"floor":9.0,"key":"Kunai"},{"floor":13.0,"key":"TungstenRod"},{"floor":20.0,"key":"Red Mask"},{"floor":25.0,"key":"Boot"},{"floor":26.0,"key":"Paper Frog"},{"floor":34.0,"key":"Potion Belt"},{"floor":34.0,"key":"Blue Candle"},{"floor":34.0,"key":"Mango"},{"floor":41.0,"key":"Eternal Feather"},{"floor":43.0,"key":"MawBank"},{"floor":44.0,"key":"Dream Catcher"},{"floor":48,"key":"Ginger"}],"event_choices":[{"damage_healed":0.0,"max_hp_gain":0.0,"max_hp_loss":0.0,"gold_gain":0.0,"event_name":"Scrap Ooze","player_choice":"Success","floor":2.0,"gold_loss":0.0,"damage_taken":3.0,"relics_obtained":["Champion Belt"]},{"damage_healed":0.0,"max_hp_gain":0.0,"max_hp_loss":0.0,"gold_gain":0.0,"event_name":"The Woman in Blue","player_choice":"Bought 3 Potions","floor":5.0,"gold_loss":0.0,"damage_taken":0.0},{"damage_healed":0.0,"max_hp_gain":0.0,"max_hp_loss":6.0,"gold_gain":0.0,"event_name":"Golden Idol","player_choice":"Lose Max HP","floor":11.0,"gold_loss":0.0,"damage_taken":0.0,"relics_obtained":["Golden Idol"]},{"damage_healed":0.0,"max_hp_gain":0.0,"max_hp_loss":0.0,"gold_gain":0.0,"event_name":"Masked Bandits","player_choice":"Fought Bandits","floor":20.0,"gold_loss":0.0,"damage_taken":0.0},{"damage_healed":0.0,"max_hp_gain":0.0,"max_hp_loss":0.0,"gold_gain":0.0,"event_name":"Addict","player_choice":"Obtained Relic","floor":21.0,"gold_loss":85.0,"damage_taken":0.0,"relics_obtained":["Blood Vial"]},{"damage_healed":0.0,"max_hp_gain":0.0,"max_hp_loss":0.0,"gold_gain":0.0,"event_name":"Nest","player_choice":"Joined the Cult","floor":31.0,"gold_loss":0.0,"damage_taken":6.0,"cards_obtained":["RitualDagger"]},{"cards_removed":["RitualDagger"],"damage_healed":0.0,"max_hp_gain":0.0,"max_hp_loss":0.0,"gold_gain":0.0,"event_name":"Falling","player_choice":"Removed Attack","floor":36.0,"gold_loss":0.0,"damage_taken":0.0},{"damage_healed":0.0,"max_hp_gain":0.0,"max_hp_loss":0.0,"gold_gain":0.0,"event_name":"SensoryStone","player_choice":"Memory 2","floor":45.0,"gold_loss":0.0,"damage_taken":5.0},{"damage_healed":0.0,"max_hp_gain":0.0,"max_hp_loss":0.0,"gold_gain":222.0,"event_name":"Tomb of Lord Red Mask","player_choice":"Wore Mask","floor":46.0,"gold_loss":0.0,"damage_taken":0.0}],"is_beta":false,"boss_relics":[{"not_picked":["Fusion Hammer","Runic Dome"],"picked":"Empty Cage"},{"not_picked":["Coffee Dripper","Runic Cube"],"picked":"Calling Bell"}],"items_purged_floors":[29,38],"is_endless":false,"potions_floor_spawned":[4,7,13,14,18,24,25,27,30,41,47],"ascension_level":3}}