{"host":"wrlgpq1wkw8k1x5v","time":1610620873,"event":{"mods":["Act Like it!","BaseMod","Colored Powertips","Gensokyo","Koishi","Minty Spire (QoL Compilation)","StSLib"],"gold_per_floor":[118,118,5,24,44,71,71,71,94,94,109,281,281,307,307,406,406,417,184,184,195,195,195,195],"floor_reached":23,"language":"ZHS","playtime":2465,"items_purged":[],"score":234,"play_id":"1702d5bd-6caf-4759-b81b-e43f96df76bf","local_time":"20210114184113","is_ascension_mode":true,"campfire_choices":[{"data":"Koishi:HauntingSlash","floor":10,"key":"SMITH"},{"floor":15,"key":"REST"}],"circlet_count":0,"master_deck":["Koishi:BasicStrike","Koishi:BasicStrike","Koishi:BasicStrike","Koishi:BasicDefend","Koishi:BasicDefend+1","Koishi:BasicDefend","Koishi:Provoke+1","Koishi:HauntingSlash+1","Koishi:RacingHeart","Koishi:RacingHeart","Koishi:DanmakuParanoia","Koishi:DanmakuParanoia","Koishi:DreadfulBlow","Koishi:RoseHell","Koishi:IdleWhim","Koishi:SubterraneanRose","Koishi:TerrifyingSpectre","CurseOfTheBell","Koishi:TremblingHands","Koishi:PerfectMindControl","Koishi:FidgetySnatcher","Gensokyo:MissMary","Koishi:StingingMind"],"relics":["Koishi:ImaginaryFriend","Pen Nib","Gensokyo:OccultBall","War Paint","Gremlin Horn","Gensokyo:CelestialsFlawlessClothing","Orichalcum","Calipers","Mummified Hand","Koishi:ImperfectMetamorphosis","Calling Bell","PreservedInsect","Question Card","Bird Faced Urn","Membership Card","Ornamental Fan","Frozen Eye"],"acts_visited":["Gensokyo:Gensokyo","Gensokyo:Gensokyoer"],"potions_floor_usage":[4,16,16],"damage_taken":[{"damage":0,"enemies":"Gensokyo:3_Fairies","floor":1,"turns":5},{"damage":0,"enemies":"Gensokyo:Gryphon","floor":4,"turns":2},{"damage":11,"enemies":"Gensokyo:2_Kodama","floor":5,"turns":4},{"damage":15,"enemies":"Gensokyo:Aya","floor":6,"turns":9},{"damage":3,"enemies":"Gensokyo:VengefulSpirit","floor":11,"turns":5},{"damage":16,"enemies":"Gensokyo:5_Fairies","floor":12,"turns":2},{"damage":0,"enemies":"Gensokyo:Cirno","floor":14,"turns":4},{"damage":31,"enemies":"Gensokyo:Yukari","floor":16,"turns":14},{"damage":37,"enemies":"Gensokyo:2_Gloops","floor":18,"turns":6},{"damage":25,"enemies":"Gensokyo:AngelMirror","floor":21,"turns":10},{"damage":85,"enemies":"Gensokyo:Koishi","floor":23,"turns":11}],"seed_played":"-9192472596165060370","potions_obtained":[{"floor":1,"key":"AttackPotion"},{"floor":4,"key":"Fire Potion"},{"floor":14,"key":"AttackPotion"}],"is_trial":false,"path_per_floor":["M","?","COS","M","M","E","?","?","T","R","M","M","T","E","R","B",null,"M","$","?","M","T","E"],"character_chosen":"KOISHI","items_purchased":["Membership Card","Koishi:PerfectMindControl","Koishi:FidgetySnatcher"],"campfire_rested":1,"item_purchase_floors":[19,19,19],"current_hp_per_floor":[60,60,60,60,52,50,50,35,35,35,32,16,16,18,36,29,60,32,32,32,16,16,0,0],"gold":195,"neow_bonus":"RANDOM_COMMON_RELIC","is_daily":false,"chose_seed":false,"campfire_upgraded":1,"win_rate":0.0,"timestamp":1610620873,"path_taken":["M","?","COS","M","M","E","?","?","T","R","M","?","?","E","R","BOSS","M","$","?","?","?","E"],"items_purchased_type":["Relic","Card","Card"],"build_version":"2020-12-22","purchased_purges":0,"victory":false,"max_hp_per_floor":[60,60,60,60,60,60,60,60,60,60,60,60,60,60,60,60,60,60,60,54,54,54,54,54],"card_choices":[{"not_picked":["Koishi:HeartAttack","Koishi:SpiritedAway"],"picked":"Koishi:PredatoryInstincts","floor":1},{"not_picked":["Koishi:SpiritedAway","Koishi:GhostParty"],"picked":"Koishi:RacingHeart","floor":4},{"not_picked":["Koishi:SprinkleStarAndHeart","Koishi:Jaunt"],"picked":"Koishi:RacingHeart","floor":5},{"not_picked":["Koishi:RacingHeart","Koishi:ReflexRadar"],"picked":"Koishi:DanmakuParanoia","floor":6},{"not_picked":["Koishi:UnansweredLove","Koishi:FleetingPhantom"],"picked":"Koishi:DanmakuParanoia","floor":11},{"not_picked":["Koishi:GrowingPain","Koishi:MassHysteria"],"picked":"Koishi:DreadfulBlow","floor":12},{"not_picked":["Koishi:Bloodlust","Koishi:FourthEye"],"picked":"Koishi:RoseHell","floor":14},{"not_picked":["Koishi:RollingInRichesHeart","Koishi:Heartbroken"],"picked":"Koishi:TerrifyingSpectre","floor":16},{"not_picked":["Koishi:SubconsciousSweep","Koishi:Bloodlust","Koishi:PhantomStrike"],"picked":"Koishi:TremblingHands","floor":18},{"not_picked":["Gensokyo:SpontaneousHumanCombustion","Gensokyo:SevenSchoolMysteries","Gensokyo:MonkeysPaw"],"picked":"Gensokyo:MissMary","floor":20},{"not_picked":["Koishi:Bloodlust+1","Koishi:SprinkleStarAndHeart","Koishi:RacingHeart"],"picked":"Koishi:StingingMind","floor":21}],"player_experience":32081,"relics_obtained":[{"floor":6,"key":"Gremlin Horn"},{"floor":9,"key":"Orichalcum"},{"floor":13,"key":"Mummified Hand"},{"floor":14,"key":"Koishi:ImperfectMetamorphosis"},{"floor":16,"key":"Gensokyo:OccultBall"},{"floor":17,"key":"PreservedInsect"},{"floor":17,"key":"Question Card"},{"floor":17,"key":"Bird Faced Urn"},{"floor":22,"key":"Ornamental Fan"}],"event_choices":[],"is_beta":false,"boss_relics":[{"not_picked":["Coffee Dripper","Runic Pyramid"],"picked":"Calling Bell"}],"items_purged_floors":[],"is_endless":false,"potions_floor_spawned":[1,4,14],"killed_by":"Gensokyo:Koishi","ascension_level":1}}