{"host":"obplhmlw33xb91v8","time":1610622579,"event":{"mods":["BaseMod","Curses Come First","Evolution","Minty Spire (QoL Compilation)","Quick Restart","Relic Stats","Spicy Shops","StSLib","Uncapped","Waifu the Spire","slay the spire mod where everything is the same but ironclad has a cowboy hat"],"gold_per_floor":[118,137,137,155,22,51,51,71,71,1,19,19,19,29,29,125,125,135,62,82,7,7,7,0,14,39,57,57,57],"floor_reached":28,"language":"ENG","playtime":861,"items_purged":[],"score":252,"play_id":"99128177-adc0-47c3-a468-cfde4f7e377b","local_time":"20210114060939","is_ascension_mode":true,"campfire_choices":[{"data":"Combust","floor":13,"key":"SMITH"},{"floor":15,"key":"REST"},{"floor":23,"key":"REST"}],"circlet_count":0,"master_deck":["Strike_R","Strike_R","Strike_R+1","Defend_R","Defend_R","Defend_R","Bash","Second Wind","Fire Breathing","Twin Strike","Disarm","Combust+1","Shrug It Off","Intimidate+1","Clothesline","Rampage","Spot Weakness","Demon Form","Heavy Blade"],"relics":["Burning Blood","EVO:Axolotl","NeowsBlessing","GremlinMask","Juzu Bracelet","Orrery","Bottled Tornado","CaptainsWheel","Spirit Poop","Empty Cage","Red Skull","Pen Nib"],"acts_visited":["Exordium","TheCity"],"potions_floor_usage":[6,14,16,20,28],"damage_taken":[{"damage":0,"enemies":"2 Louse","floor":1,"turns":1},{"damage":0,"enemies":"Cultist","floor":2,"turns":1},{"damage":0,"enemies":"Jaw Worm","floor":4,"turns":1},{"damage":11,"enemies":"Lagavulin","floor":6,"turns":6},{"damage":27,"enemies":"Exordium Thugs","floor":8,"turns":4},{"damage":10,"enemies":"3 Louse","floor":11,"turns":3},{"damage":21,"enemies":"Exordium Wildlife","floor":14,"turns":3},{"damage":40,"enemies":"The Guardian","floor":16,"turns":12},{"damage":41,"enemies":"Shell Parasite","floor":18,"turns":7},{"damage":11,"enemies":"Chosen","floor":20,"turns":5},{"damage":21,"enemies":"Snake Plant","floor":25,"turns":6},{"damage":44,"enemies":"Centurion and Healer","floor":27,"turns":7},{"damage":0,"enemies":"Snecko","floor":28,"turns":2}],"seed_played":"1242279340935332224","potions_obtained":[{"floor":2,"key":"ColorlessPotion"},{"floor":4,"key":"Strength Potion"},{"floor":11,"key":"EssenceOfSteel"},{"floor":16,"key":"Explosive Potion"},{"floor":18,"key":"CultistPotion"},{"floor":20,"key":"SteroidPotion"}],"is_trial":false,"path_per_floor":["M","M","?","M","$","E","?","M","T","$","M","?","R","M","R","B",null,"M","$","M","?","?","R","?","M","T","M","M"],"character_chosen":"IRONCLAD","items_purchased":["Juzu Bracelet","Orrery","Rampage","Red Skull"],"campfire_rested":2,"item_purchase_floors":[5,5,10,19],"current_hp_per_floor":[80,80,80,80,80,75,59,38,38,38,34,34,34,19,43,9,80,45,45,40,40,40,64,64,49,49,11,11,11],"gold":57,"neow_bonus":"THREE_ENEMY_KILL","is_daily":false,"chose_seed":false,"campfire_upgraded":1,"win_rate":0.0,"timestamp":1610622579,"path_taken":["M","M","?","?","$","E","?","M","T","?","M","?","R","M","R","BOSS","M","$","M","?","?","R","?","M","T","M","M"],"items_purchased_type":["Relic","Relic","Card","Relic"],"build_version":"2020-12-22","purchased_purges":0,"victory":false,"max_hp_per_floor":[80,80,80,80,80,80,80,80,80,80,80,80,80,80,80,80,80,80,80,80,80,80,80,80,80,80,80,80,80],"relic_stats":{"counters":[13,58],"Pen Nib":[1],"Juzu Bracelet":0,"obtain_stats":[{"CaptainsWheel":9,"NeowsBlessing":0,"Orrery":5,"Spirit Poop":12,"GremlinMask":3,"Pen Nib":26,"Juzu Bracelet":5,"EVO:Axolotl":0,"Bottled Tornado":6,"Empty Cage":17,"Burning Blood":0,"Red Skull":19},{"CaptainsWheel":5,"NeowsBlessing":0,"Orrery":3,"Spirit Poop":6,"GremlinMask":2,"Pen Nib":11,"Juzu Bracelet":3,"EVO:Axolotl":0,"Bottled Tornado":4,"Empty Cage":8,"Burning Blood":0,"Red Skull":9},{"CaptainsWheel":13,"NeowsBlessing":0,"Orrery":3,"Spirit Poop":16,"GremlinMask":2,"Pen Nib":49,"Juzu Bracelet":3,"EVO:Axolotl":0,"Bottled Tornado":9,"Empty Cage":31,"Burning Blood":0,"Red Skull":38}],"Burning Blood":54},"card_choices":[{"not_picked":["Perfected Strike","Searing Blow"],"picked":"Second Wind","floor":1},{"not_picked":["Intimidate","Burning Pact"],"picked":"Fire Breathing","floor":2},{"not_picked":["Hemokinesis","Intimidate","Blood for Blood"],"picked":"SKIP","floor":4},{"not_picked":["Body Slam","Heavy Blade"],"picked":"Twin Strike","floor":5},{"not_picked":["Armaments","Second Wind"],"picked":"Disarm","floor":5},{"not_picked":["Carnage","Pommel Strike"],"picked":"Combust","floor":5},{"not_picked":["Flex","Second Wind"],"picked":"Shrug It Off","floor":5},{"not_picked":["Shrug It Off","Entrench"],"picked":"Intimidate","floor":5},{"not_picked":["Disarm","Warcry","Berserk"],"picked":"SKIP","floor":6},{"not_picked":["Perfected Strike","Reckless Charge"],"picked":"Clothesline","floor":8},{"not_picked":["Entrench","Havoc"],"picked":"Spot Weakness","floor":11},{"not_picked":["Evolve","Pommel Strike","Carnage"],"picked":"SKIP","floor":14},{"not_picked":["Barricade","Reaper"],"picked":"Demon Form","floor":16},{"not_picked":["Armaments","Twin Strike+1","Clothesline"],"picked":"SKIP","floor":18},{"not_picked":["Iron Wave","Infernal Blade+1"],"picked":"Heavy Blade","floor":20},{"not_picked":["Hemokinesis","Sword Boomerang","Havoc"],"picked":"SKIP","floor":25},{"not_picked":["Combust","Twin Strike","Sword Boomerang+1"],"picked":"SKIP","floor":27}],"player_experience":176251,"relics_obtained":[{"floor":6,"key":"Bottled Tornado"},{"floor":9,"key":"CaptainsWheel"},{"floor":26,"key":"Pen Nib"}],"event_choices":[{"damage_healed":0,"gold_gain":0,"player_choice":"Trade","damage_taken":0,"relics_obtained":["GremlinMask"],"max_hp_gain":0,"max_hp_loss":0,"event_name":"FaceTrader","floor":3,"gold_loss":0},{"damage_healed":0,"gold_gain":0,"player_choice":"Entered Light","damage_taken":16,"max_hp_gain":0,"max_hp_loss":0,"event_name":"Shining Light","floor":7,"gold_loss":0,"cards_upgraded":["Intimidate","Strike_R"]},{"cards_removed":["Regret"],"damage_healed":0,"gold_gain":0,"player_choice":"Offered Curse","damage_taken":0,"relics_obtained":["Spirit Poop"],"max_hp_gain":0,"max_hp_loss":0,"event_name":"Bonfire Elementals","floor":12,"gold_loss":0},{"cards_removed":["Strike_R"],"damage_healed":0,"gold_gain":0,"player_choice":"Gave Gold","damage_taken":0,"max_hp_gain":0,"max_hp_loss":0,"event_name":"Beggar","floor":21,"gold_loss":75},{"damage_healed":0,"gold_gain":0,"player_choice":"Paid Fearfully","damage_taken":0,"max_hp_gain":0,"max_hp_loss":0,"event_name":"Masked Bandits","floor":24,"gold_loss":7}],"is_beta":false,"boss_relics":[{"not_picked":["Calling Bell","Ectoplasm"],"picked":"Empty Cage"}],"items_purged_floors":[],"is_endless":false,"potions_floor_spawned":[2,4,11,16,18,20],"killed_by":"Snecko","ascension_level":3}}