{"host":"1cd1aqaox6jesai3","time":1610605958,"event":{"mods":["Act Like it!","Arknights The Spire","Astrologer","Bartender","BaseMod","Colored Powertips","Googly Eyes","Hallownest","Infinite Spire","Mimic Mod","Minty Spire (QoL Compilation)","Replay The Spire","StSLib","The Bladedancer","The Bug Knight","The Construct","The Factory","The Hierophant"],"gold_per_floor":[118,138,154,154,124,149,149,180,192,216,228,257,269,269],"floor_reached":13,"language":"ENG","playtime":565,"items_purged":[],"score":95,"play_id":"1dc06c04-388d-494d-86f4-9b59520c57d4","local_time":"20210114013238","is_ascension_mode":false,"campfire_choices":[{"data":"blademaster:Bloodbath","floor":7,"key":"SMITH"},{"data":"blademaster:CombatPrep","floor":11,"key":"SMITH"}],"circlet_count":0,"master_deck":["blademaster:Strike","blademaster:Strike","blademaster:Strike","blademaster:Strike","blademaster:Defend","blademaster:Defend","blademaster:Defend","blademaster:Defend","blademaster:RagingBlow","blademaster:HighVoltage","blademaster:SharpBlades","blademaster:AwakeningDefend","blademaster:CombatPrep+1","Regret","blademaster:Bloodbath+1","blademaster:AspectOfLightning","blademaster:SharpBlades","blademaster:Havoc"],"relics":["blademaster:DancersAmulet","NeowsBlessing","Ornamental Fan","Simple Rune","MawBank","infinitespire:BottledMercury"],"acts_visited":["Exordium"],"potions_floor_usage":[6,13],"damage_taken":[{"damage":0,"enemies":"2 Louse","floor":1,"turns":1},{"damage":0,"enemies":"Jaw Worm","floor":2,"turns":1},{"damage":0,"enemies":"Cultist","floor":3,"turns":1},{"damage":13,"enemies":"Lagavulin","floor":6,"turns":5},{"damage":15,"enemies":"3 Sentries","floor":8,"turns":5},{"damage":7,"enemies":"Looter","floor":10,"turns":3},{"damage":8,"enemies":"2 Fungi Beasts","floor":12,"turns":5},{"damage":32,"enemies":"Gremlin Nob","floor":13,"turns":3}],"seed_played":"-171717991374662625","potions_obtained":[{"floor":2,"key":"infinitespire:BlackPotion"},{"floor":5,"key":"Reflective Coating"},{"floor":5,"key":"SteroidPotion"},{"floor":12,"key":"SmokeBomb"}],"is_trial":false,"path_per_floor":["M","M","M","?","?","E","R","E","T","M","R","M","E"],"character_chosen":"THE_BLADEMASTER","items_purchased":[],"campfire_rested":0,"item_purchase_floors":[],"current_hp_per_floor":[75,75,75,75,75,62,62,47,47,40,40,32,0,0],"gold":269,"neow_bonus":"THREE_ENEMY_KILL","is_daily":false,"chose_seed":false,"campfire_upgraded":2,"win_rate":0.0,"timestamp":1610605958,"path_taken":["M","M","M","?","?","E","R","E","T","M","R","M","E"],"items_purchased_type":[],"build_version":"2020-12-22","purchased_purges":0,"victory":false,"max_hp_per_floor":[75,75,75,75,75,75,75,75,75,75,75,75,75,75],"card_choices":[{"not_picked":["blademaster:Frenzy","blademaster:Discharge"],"picked":"blademaster:SharpBlades","floor":1},{"not_picked":["blademaster:Thrust","blademaster:BloodyBlow"],"picked":"blademaster:AwakeningDefend","floor":2},{"not_picked":["blademaster:BrainBloom","blademaster:Stability"],"picked":"blademaster:CombatPrep","floor":3},{"not_picked":["blademaster:DeadlyDance","blademaster:EyeOfTheTornado"],"picked":"blademaster:Bloodbath","floor":6},{"not_picked":["blademaster:HighVoltage","blademaster:Vortex"],"picked":"blademaster:AspectOfLightning","floor":8},{"not_picked":["blademaster:Vortex","blademaster:Slice"],"picked":"blademaster:SharpBlades","floor":10},{"not_picked":["blademaster:SlyStabs","blademaster:WindSlash"],"picked":"blademaster:Havoc","floor":12}],"player_experience":167937,"relics_obtained":[{"floor":6,"key":"Simple Rune"},{"floor":6,"key":"blademaster:RandomBladePerk"},{"floor":8,"key":"MawBank"},{"floor":8,"key":"blademaster:BleedingMoreDamagePerk"},{"floor":9,"key":"infinitespire:BottledMercury"}],"event_choices":[{"damage_healed":0,"gold_gain":0,"player_choice":"Box","damage_taken":0,"relics_obtained":["Ornamental Fan"],"max_hp_gain":0,"max_hp_loss":0,"event_name":"Big Fish","floor":4,"gold_loss":0,"cards_obtained":["Regret"]},{"damage_healed":0,"gold_gain":0,"player_choice":"Bought 2 Potions","damage_taken":0,"max_hp_gain":0,"max_hp_loss":0,"event_name":"The Woman in Blue","floor":5,"gold_loss":0}],"is_beta":false,"boss_relics":[],"items_purged_floors":[],"is_endless":false,"potions_floor_spawned":[2,12],"killed_by":"Gremlin Nob","ascension_level":0}}