{"host":"s41rn2jhghpwfrvz","time":1610633944,"event":{"mods":["BaseMod","Minty Spire (QoL Compilation)","Quick Restart","Relic Stats","SuperFastMode"],"gold_per_floor":[115,126,140,160,160,192,217,249,249,274,292,327,327,347,347,421,421,431,70,84,9,59,59,86,86,86,117,32,57,76,89,89,161,188,200,200,216,228,238,265,276,304,366,404,432,110,127,27,27,27,27,27,27,27,60,60],"floor_reached":57,"language":"ENG","playtime":3348,"items_purged":["Deflect","Flex+1","Envenom+1"],"score":3693,"play_id":"f9e5d8bc-354d-4a6d-984d-fa7b4f4b77fc","local_time":"20210114161904","daily_mods":["SealedDeck","Vintage","Diverse"],"is_ascension_mode":true,"campfire_choices":[{"data":"Flex","floor":13,"key":"SMITH"},{"data":"FTL","floor":15,"key":"SMITH"},{"data":"Study","floor":23,"key":"SMITH"},{"floor":32,"key":"RECALL"},{"data":"Impatience","floor":49,"key":"SMITH"},{"data":"Entrench","floor":53,"key":"SMITH"}],"circlet_count":0,"master_deck":["AscendersBane","Cloak And Dagger+1","Study+1","Deflect+1","FTL+1","Rampage+1","Adrenaline+1","Entrench+1","Impatience+1"],"relics":["Burning Blood","Toy Ornithopter","Potion Belt","Pantograph","Molten Egg 2","Letter Opener","Odd Mushroom","MealTicket","PreservedInsect","White Beast Statue","Oddly Smooth Stone","Ancient Tea Set","Pear","Busted Crown","Singing Bowl","Kunai","The Courier","Matryoshka","Calipers","Tiny Chest","CeramicFish","Bag of Marbles","Astrolabe","Nunchaku","Eternal Feather","InkBottle","Ornamental Fan","Pocketwatch","Mummified Hand","MawBank","Boot","Vajra","Bronze Scales","Red Skull","Medical Kit","Shuriken","Strawberry"],"acts_visited":["Exordium","TheCity","TheBeyond","TheEnding"],"potions_floor_usage":[8,16,20,24,33,56,56,56,56],"damage_taken":[{"damage":0,"enemies":"2 Louse","floor":1,"turns":2},{"damage":4,"enemies":"Small Slimes","floor":2,"turns":2},{"damage":4,"enemies":"Jaw Worm","floor":3,"turns":2},{"damage":4,"enemies":"Red Slaver","floor":4,"turns":2},{"damage":1,"enemies":"Lagavulin","floor":6,"turns":5},{"damage":0,"enemies":"The Mushroom Lair","floor":7,"turns":2},{"damage":3,"enemies":"Gremlin Nob","floor":8,"turns":3},{"damage":0,"enemies":"Lagavulin","floor":10,"turns":4},{"damage":0,"enemies":"2 Fungi Beasts","floor":11,"turns":2},{"damage":3,"enemies":"Gremlin Nob","floor":12,"turns":3},{"damage":0,"enemies":"Gremlin Gang","floor":14,"turns":3},{"damage":16,"enemies":"Slime Boss","floor":16,"turns":8},{"damage":0,"enemies":"Spheric Guardian","floor":18,"turns":3},{"damage":0,"enemies":"2 Thieves","floor":20,"turns":3},{"damage":20,"enemies":"Slavers","floor":24,"turns":2},{"damage":0,"enemies":"Gremlin Leader","floor":27,"turns":3},{"damage":8,"enemies":"Book of Stabbing","floor":29,"turns":3},{"damage":0,"enemies":"Centurion and Healer","floor":30,"turns":3},{"damage":0,"enemies":"Chosen and Byrds","floor":31,"turns":4},{"damage":11,"enemies":"Champ","floor":33,"turns":7},{"damage":1,"enemies":"Orb Walker","floor":35,"turns":2},{"damage":10,"enemies":"3 Shapes","floor":37,"turns":3},{"damage":35,"enemies":"3 Darklings","floor":38,"turns":4},{"damage":0,"enemies":"Transient","floor":39,"turns":6},{"damage":28,"enemies":"Nemesis","floor":40,"turns":5},{"damage":0,"enemies":"Jaw Worm Horde","floor":41,"turns":3},{"damage":0,"enemies":"Giant Head","floor":42,"turns":4},{"damage":0,"enemies":"Reptomancer","floor":44,"turns":3},{"damage":0,"enemies":"Sphere and 2 Shapes","floor":45,"turns":3},{"damage":0,"enemies":"3 Darklings","floor":47,"turns":3},{"damage":0,"enemies":"Awakened One","floor":50,"turns":6},{"damage":0,"enemies":"Donu and Deca","floor":51,"turns":5},{"damage":0,"enemies":"Shield and Spear","floor":55,"turns":3},{"damage":0,"enemies":"The Heart","floor":56,"turns":6}],"seed_played":"-5725676416748591363","potions_obtained":[{"floor":1,"key":"SteroidPotion"},{"floor":6,"key":"GamblersBrew"},{"floor":7,"key":"GamblersBrew"},{"floor":10,"key":"BloodPotion"},{"floor":11,"key":"ElixirPotion"},{"floor":16,"key":"Regen Potion"},{"floor":18,"key":"Fire Potion"},{"floor":20,"key":"LiquidMemories"},{"floor":24,"key":"Energy Potion"},{"floor":30,"key":"Swift Potion"},{"floor":31,"key":"Dexterity Potion"},{"floor":33,"key":"EssenceOfSteel"},{"floor":35,"key":"HeartOfIron"},{"floor":38,"key":"PowerPotion"},{"floor":41,"key":"SpeedPotion"},{"floor":47,"key":"Ancient Potion"}],"is_trial":true,"path_per_floor":["M","M","M","M","?","E","?","E","T","E","M","E","R","M","R","B",null,"M","$","M","?","?","R","E","?","T","E","?","E","M","M","R","B",null,"M","?","M","M","M","E","M","E","T","E","M","$","M","$","R","B","B",null,"R","$","E","B",null],"character_chosen":"IRONCLAD","items_purchased":["Kunai","Medical Kit","Entrench","Impatience"],"campfire_rested":0,"item_purchase_floors":[19,46,46,46],"current_hp_per_floor":[74,75,75,75,52,57,63,71,71,75,75,75,75,85,85,75,83,85,85,85,85,85,85,73,48,48,56,56,56,62,68,68,95,97,98,98,94,65,71,51,57,65,65,73,79,94,100,104,104,104,104,104,104,104,113,113],"gold":60,"neow_bonus":"","is_daily":false,"chose_seed":false,"campfire_upgraded":5,"win_rate":0.0,"timestamp":1610633944,"path_taken":["M","M","M","M","?","E","?","E","T","E","M","E","R","M","R","BOSS","M","$","M","?","?","R","E","?","T","E","?","E","M","M","R","BOSS","M","?","M","M","M","E","M","E","T","E","?","?","M","$","R","BOSS","BOSS","R","$","E","BOSS"],"items_purchased_type":["Relic","Relic","Card","Card"],"build_version":"2020-12-22","purchased_purges":3,"victory":true,"max_hp_per_floor":[75,75,75,75,75,75,75,75,75,75,75,75,75,85,85,85,85,85,85,85,85,85,85,87,92,92,94,94,96,96,96,96,98,98,98,98,98,98,98,100,100,102,102,104,104,104,104,104,104,104,104,104,104,104,113,113],"relic_stats":{"Singing Bowl":16,"CeramicFish":45,"Boot":[3],"Burning Blood":144,"Nunchaku":[25],"Mummified Hand":[11],"Pantograph":25,"MealTicket":19,"Tiny Chest":0,"Kunai":[96],"InkBottle":[42],"counters":[34,122],"Astrolabe":["Envenom","Rampage","Adrenaline"],"Eternal Feather":0,"PreservedInsect":506,"Letter Opener":[609],"MawBank":48,"Medical Kit":[8],"Busted Crown":16,"Ornamental Fan":[216],"Shuriken":[27],"Bronze Scales":[144],"obtain_stats":[{"Calipers":28,"Singing Bowl":18,"CeramicFish":30,"Vajra":43,"Ancient Tea Set":12,"Boot":43,"Burning Blood":0,"Nunchaku":35,"Matryoshka":27,"Mummified Hand":41,"Pantograph":3,"Strawberry":55,"MealTicket":8,"Tiny Chest":29,"Kunai":19,"InkBottle":38,"Red Skull":45,"Potion Belt":2,"Pear":14,"Astrolabe":34,"Oddly Smooth Stone":11,"Eternal Feather":37,"PreservedInsect":9,"The Courier":24,"Letter Opener":6,"Odd Mushroom":7,"MawBank":42,"Medical Kit":46,"White Beast Statue":10,"Busted Crown":17,"Ornamental Fan":39,"Shuriken":47,"Bronze Scales":44,"Molten Egg 2":4,"Bag of Marbles":31,"Toy Ornithopter":1,"Pocketwatch":40},{"Calipers":16,"Singing Bowl":13,"CeramicFish":18,"Vajra":27,"Ancient Tea Set":10,"Boot":27,"Burning Blood":0,"Nunchaku":21,"Matryoshka":16,"Mummified Hand":26,"Pantograph":3,"Strawberry":33,"MealTicket":7,"Tiny Chest":17,"Kunai":13,"InkBottle":23,"Red Skull":29,"Potion Belt":2,"Pear":11,"Astrolabe":20,"Oddly Smooth Stone":9,"Eternal Feather":22,"PreservedInsect":7,"The Courier":15,"Letter Opener":5,"Odd Mushroom":6,"MawBank":27,"Medical Kit":29,"White Beast Statue":8,"Busted Crown":12,"Ornamental Fan":24,"Shuriken":30,"Bronze Scales":28,"Molten Egg 2":4,"Bag of Marbles":19,"Toy Ornithopter":1,"Pocketwatch":25},{"Calipers":49,"Singing Bowl":41,"CeramicFish":55,"Vajra":93,"Ancient Tea Set":27,"Boot":93,"Burning Blood":0,"Nunchaku":68,"Matryoshka":49,"Mummified Hand":89,"Pantograph":6,"Strawberry":116,"MealTicket":18,"Tiny Chest":52,"Kunai":41,"InkBottle":75,"Red Skull":99,"Potion Belt":4,"Pear":30,"Astrolabe":66,"Oddly Smooth Stone":24,"Eternal Feather":71,"PreservedInsect":18,"The Courier":46,"Letter Opener":13,"Odd Mushroom":15,"MawBank":93,"Medical Kit":99,"White Beast Statue":22,"Busted Crown":38,"Ornamental Fan":81,"Shuriken":102,"Bronze Scales":96,"Molten Egg 2":8,"Bag of Marbles":59,"Toy Ornithopter":2,"Pocketwatch":86}],"Toy Ornithopter":10,"Pocketwatch":[0]},"card_choices":[{"not_picked":["SashWhip+1","Battle Trance","Deflect"],"picked":"SKIP","floor":6},{"not_picked":["Demon Form","Shockwave","JustLucky+1"],"picked":"SKIP","floor":8},{"not_picked":["Flex","Flying Knee+1","ConjureBlade"],"picked":"SKIP","floor":10},{"not_picked":["Well Laid Plans","Coolheaded","Heavy Blade+1"],"picked":"SKIP","floor":12},{"not_picked":["Perfected Strike+1"],"picked":"Singing Bowl","floor":24},{"not_picked":["Rampage+1"],"picked":"Singing Bowl","floor":27},{"not_picked":["Fasting2"],"picked":"Singing Bowl","floor":29},{"not_picked":["Exhume"],"picked":"Singing Bowl","floor":33},{"not_picked":["Compile Driver+1"],"picked":"Singing Bowl","floor":40},{"not_picked":["Caltrops"],"picked":"Singing Bowl","floor":42},{"not_picked":["Poisoned Stab+1"],"picked":"Singing Bowl","floor":44},{"not_picked":["Adrenaline"],"picked":"Singing Bowl","floor":55}],"player_experience":1731119,"relics_obtained":[{"floor":1,"key":"Toy Ornithopter"},{"floor":2,"key":"Potion Belt"},{"floor":3,"key":"Pantograph"},{"floor":4,"key":"Molten Egg 2"},{"floor":6,"key":"Letter Opener"},{"floor":7,"key":"Odd Mushroom"},{"floor":8,"key":"MealTicket"},{"floor":9,"key":"PreservedInsect"},{"floor":10,"key":"White Beast Statue"},{"floor":11,"key":"Oddly Smooth Stone"},{"floor":12,"key":"Ancient Tea Set"},{"floor":14,"key":"Pear"},{"floor":18,"key":"Singing Bowl"},{"floor":24,"key":"The Courier"},{"floor":27,"key":"Matryoshka"},{"floor":29,"key":"Tiny Chest"},{"floor":30,"key":"CeramicFish"},{"floor":31,"key":"Bag of Marbles"},{"floor":35,"key":"Nunchaku"},{"floor":37,"key":"Eternal Feather"},{"floor":38,"key":"InkBottle"},{"floor":39,"key":"Ornamental Fan"},{"floor":40,"key":"Pocketwatch"},{"floor":41,"key":"Mummified Hand"},{"floor":42,"key":"MawBank"},{"floor":43,"key":"Boot"},{"floor":43,"key":"Vajra"},{"floor":44,"key":"Bronze Scales"},{"floor":45,"key":"Red Skull"},{"floor":47,"key":"Shuriken"},{"floor":55,"key":"Strawberry"}],"event_choices":[{"damage_healed":0,"gold_gain":0,"player_choice":"Entered Light","damage_taken":23,"max_hp_gain":0,"max_hp_loss":0,"event_name":"Shining Light","floor":5,"gold_loss":0,"cards_upgraded":["Deflect","Cloak And Dagger"]},{"damage_healed":0,"gold_gain":0,"player_choice":"Fought Mushrooms","damage_taken":0,"max_hp_gain":0,"max_hp_loss":0,"event_name":"Mushrooms","floor":7,"gold_loss":0},{"cards_removed":["Chill"],"damage_healed":0,"gold_gain":0,"player_choice":"Gave Gold","damage_taken":0,"max_hp_gain":0,"max_hp_loss":0,"event_name":"Beggar","floor":21,"gold_loss":75},{"damage_healed":0,"gold_gain":50,"player_choice":"Stole From Cult","damage_taken":0,"max_hp_gain":0,"max_hp_loss":0,"event_name":"Nest","floor":22,"gold_loss":0},{"damage_healed":0,"gold_gain":0,"player_choice":"Shed Blood","damage_taken":30,"max_hp_gain":5,"max_hp_loss":0,"event_name":"Forgotten Altar","floor":25,"gold_loss":0},{"damage_healed":0,"gold_gain":0,"player_choice":"Obtained Relic","damage_taken":0,"relics_obtained":["Calipers"],"max_hp_gain":0,"max_hp_loss":0,"event_name":"Addict","floor":28,"gold_loss":85},{"damage_healed":0,"gold_gain":0,"player_choice":"Ignored","damage_taken":0,"max_hp_gain":0,"max_hp_loss":0,"event_name":"Accursed Blacksmith","floor":36,"gold_loss":0}],"is_beta":false,"boss_relics":[{"not_picked":["Tiny House","Cursed Key"],"picked":"Busted Crown"},{"not_picked":["Mark of Pain","Velvet Choker"],"picked":"Astrolabe"}],"items_purged_floors":[19,46,48],"is_endless":false,"potions_floor_spawned":[1,6,7,10,11,12,14,16,18,20,24,27,29,30,31,33,35,37,38,39,40,41,42,44,45,47,55],"ascension_level":20}}