{"host":"d9m9v0h6vo0edadb","time":1610642025,"event":{"mods":["BaseMod","Hermit","Keyboard Shortcuts","Minty Spire (QoL Compilation)","StSLib","SuperFastMode","The Cursed"],"gold_per_floor":[109,121,121,140,150,150,182,182,182,213,227,227,262,272,272,349,349,349,105,105,105,105,105,105,105,105],"floor_reached":25,"language":"KOR","playtime":407,"items_purged":["Strike_G"],"score":450,"play_id":"4baa0713-97c7-47d6-b300-2ffec7b61009","local_time":"20210115013345","is_ascension_mode":true,"campfire_choices":[{"data":"Accuracy","floor":6.0,"key":"SMITH"},{"floor":12.0,"key":"REST"},{"data":"Cloak And Dagger","floor":15.0,"key":"SMITH"},{"data":"Blade Dance","floor":23.0,"key":"SMITH"}],"circlet_count":0,"master_deck":["AscendersBane","Strike_G","Strike_G","Strike_G","Defend_G","Defend_G+1","Defend_G","Defend_G","Defend_G","Survivor","Neutralize+1","Blade Dance+1","Accuracy+1","Terror","Flechettes","Reflex","Cloak And Dagger+1","Die Die Die","Footwork","Reflex+1"],"relics":["Ring of the Snake","Eternal Feather","Bottled Lightning","Ornamental Fan","Vajra","Ectoplasm","Nunchaku"],"acts_visited":["Exordium","TheCity"],"potions_floor_usage":[25,25],"damage_taken":[{"damage":6.0,"enemies":"Small Slimes","floor":1.0,"turns":5.0},{"damage":1.0,"enemies":"2 Louse","floor":2.0,"turns":4.0},{"damage":0.0,"enemies":"Jaw Worm","floor":4.0,"turns":4.0},{"damage":0.0,"enemies":"2 Fungi Beasts","floor":5.0,"turns":2.0},{"damage":14.0,"enemies":"Gremlin Nob","floor":7.0,"turns":3.0},{"damage":2.0,"enemies":"Lagavulin","floor":10.0,"turns":7.0},{"damage":6.0,"enemies":"Red Slaver","floor":11.0,"turns":4.0},{"damage":9.0,"enemies":"3 Sentries","floor":13.0,"turns":10.0},{"damage":3.0,"enemies":"Lots of Slimes","floor":14.0,"turns":5.0},{"damage":11.0,"enemies":"Hexaghost","floor":16.0,"turns":6.0},{"damage":15.0,"enemies":"Spheric Guardian","floor":18.0,"turns":4.0},{"damage":18.0,"enemies":"Chosen","floor":20.0,"turns":4.0},{"damage":0.0,"enemies":"Centurion and Healer","floor":22.0,"turns":6.0},{"damage":7.0,"enemies":"Snake Plant","floor":24.0,"turns":4.0},{"damage":15,"enemies":"Slavers","floor":25,"turns":3}],"seed_played":"2206319539050326393","potions_obtained":[{"floor":1.0,"key":"Swift Potion"},{"floor":4.0,"key":"LiquidMemories"},{"floor":7.0,"key":"GamblersBrew"},{"floor":13.0,"key":"LiquidMemories"},{"floor":14.0,"key":"CultistPotion"},{"floor":20.0,"key":"SneckoOil"},{"floor":21.0,"key":"Poison Potion"},{"floor":22.0,"key":"Explosive Potion"}],"is_trial":false,"path_per_floor":["M","M","?","M","M","R","E","?","T","E","M","R","E","M","R","B",null,"M","$","M","?","M","R","M","E"],"character_chosen":"THE_SILENT","items_purchased":["Nunchaku"],"campfire_rested":1,"item_purchase_floors":[19],"current_hp_per_floor":[53,52,57,57,57,57,43,22,22,20,14,44,35,32,41,30,61,46,46,28,28,28,40,33,18,18],"gold":105,"neow_bonus":"REMOVE_CARD","is_daily":false,"chose_seed":false,"campfire_upgraded":3,"win_rate":0.0,"timestamp":1610642025,"path_taken":["M","M","?","M","M","R","E","?","T","E","?","R","E","M","R","BOSS","M","$","M","?","M","R","M","E"],"items_purchased_type":["Relic"],"build_version":"2020-12-22","purchased_purges":1,"victory":false,"max_hp_per_floor":[66,66,71,71,71,71,71,71,71,71,71,71,71,71,71,71,71,71,71,71,71,71,71,71,71,71],"card_choices":[{"not_picked":["Blur","Caltrops"],"picked":"Blade Dance","floor":1.0},{"not_picked":["Acrobatics","Deadly Poison"],"picked":"Accuracy","floor":2.0},{"not_picked":["Bouncing Flask","Deflect"],"picked":"Terror","floor":4.0},{"not_picked":["Dagger Spray","Catalyst","Poisoned Stab"],"picked":"SKIP","floor":5.0},{"not_picked":["Backflip","Dagger Spray"],"picked":"Flechettes","floor":7.0},{"not_picked":["Flechettes","Slice"],"picked":"Reflex","floor":10.0},{"not_picked":["All Out Attack","Bouncing Flask","Prepared"],"picked":"SKIP","floor":11.0},{"not_picked":["Finisher","Predator"],"picked":"Cloak And Dagger","floor":13.0},{"not_picked":["Endless Agony","Deflect","Envenom"],"picked":"SKIP","floor":14.0},{"not_picked":["Unload","Glass Knife"],"picked":"Die Die Die","floor":16.0},{"not_picked":["Setup+1","Predator"],"picked":"Footwork","floor":18.0},{"not_picked":["Underhanded Strike","Backflip+1"],"picked":"Reflex+1","floor":20.0},{"not_picked":["Riddle With Holes","Footwork","Leg Sweep"],"picked":"SKIP","floor":22.0},{"not_picked":["Footwork","Setup+1","Backstab"],"picked":"SKIP","floor":24.0}],"player_experience":970793,"relics_obtained":[{"floor":7.0,"key":"Eternal Feather"},{"floor":9.0,"key":"Bottled Lightning"},{"floor":10.0,"key":"Ornamental Fan"},{"floor":13.0,"key":"Vajra"}],"event_choices":[{"damage_healed":0.0,"max_hp_gain":5.0,"max_hp_loss":0.0,"gold_gain":0.0,"event_name":"Big Fish","player_choice":"Donut","floor":3.0,"gold_loss":0.0,"damage_taken":0.0},{"damage_healed":0.0,"max_hp_gain":0.0,"max_hp_loss":0.0,"gold_gain":0.0,"event_name":"Shining Light","player_choice":"Entered Light","floor":8.0,"gold_loss":0.0,"damage_taken":21.0,"cards_upgraded":["Defend_G","Neutralize"]},{"damage_healed":0.0,"max_hp_gain":0.0,"max_hp_loss":0.0,"gold_gain":0.0,"event_name":"Lab","player_choice":"Got Potions","floor":21.0,"gold_loss":0.0,"damage_taken":0.0}],"is_beta":false,"boss_relics":[{"not_picked":["Black Star","Snecko Eye"],"picked":"Ectoplasm"}],"items_purged_floors":[19],"is_endless":false,"potions_floor_spawned":[1,4,5,7,13,14,20,22],"killed_by":"Slavers","ascension_level":20}}