{"host":"qm4rv4rkpk76sbxu","time":1610635967,"event":{"mods":["BaseMod","Bestiary","Block Reminder","DeckTracker","Filter the Spire","Keyboard Shortcuts","Minty Spire (QoL Compilation)","MonsterHotkey","Quick Restart","Relic Stats","Slay-I","StSLib","ojb\u0027s Better Paths Mod","ojb\u0027s Info Mod"],"gold_per_floor":[117,137,137,11,23,50,50,82,109,134,151,187,187,224,224,334,334,370,370,445,467,501,536,557,472,497,522,554,594,636,663,663,777,777,799,799,529,558,658,690,717,749,758,790,810,843,861,889,889,889,889,889,375,412,412],"floor_reached":56,"language":"ENG","playtime":3965,"items_purged":["Strike_R","Strike_R","Decay"],"score":1566,"play_id":"3c737913-7f5c-4a2e-8e7b-735308c392cc","local_time":"20210114155247","is_ascension_mode":true,"campfire_choices":[{"data":"Uppercut","floor":7.0,"key":"SMITH"},{"data":"Armaments","floor":13.0,"key":"SMITH"},{"data":"Shockwave","floor":15.0,"key":"SMITH"},{"data":"Barricade","floor":32.0,"key":"SMITH"},{"floor":49.0,"key":"RECALL"},{"data":"Berserk","floor":52.0,"key":"SMITH"}],"circlet_count":0,"master_deck":["Strike_R+1","Strike_R","Strike_R","Defend_R+1","Defend_R","Defend_R","Bash","Uppercut+1","Pummel","Flame Barrier+1","Shockwave+1","Armaments+1","Barricade+1","Dark Embrace","Corruption","Ghostly Armor+1","Heavy Blade+1","Feel No Pain+1","Berserk+1","Flame Barrier+1","Body Slam","Battle Trance","Headbutt","Flame Barrier","Flame Barrier","Iron Wave+1","Feed+1","Body Slam+1","Dark Shackles","Shrug It Off+1","Flame Barrier","Entrench+1","Pommel Strike+1","Madness","Madness","True Grit+1","Exhume","Shrug It Off","Panacea","Secret Technique","Evolve","Shrug It Off"],"relics":["Burning Blood","Ancient Tea Set","Art of War","Happy Flower","Bag of Marbles","Meat on the Bone","CeramicFish","Prayer Wheel","Coffee Dripper","Toy Ornithopter","War Paint","Ornamental Fan","Red Skull","PreservedInsect","Red Mask","Bottled Tornado","Cursed Key","Membership Card","Self Forming Clay","Bag of Preparation","Orichalcum","Pear","Blood Vial","Toolbox","Whetstone"],"acts_visited":["Exordium","TheCity","TheBeyond","TheEnding"],"potions_floor_usage":[55,55],"damage_taken":[{"damage":6.0,"enemies":"Cultist","floor":1.0,"turns":3.0},{"damage":0.0,"enemies":"Small Slimes","floor":2.0,"turns":5.0},{"damage":3.0,"enemies":"Jaw Worm","floor":5.0,"turns":3.0},{"damage":43.0,"enemies":"Lagavulin","floor":6.0,"turns":7.0},{"damage":33.0,"enemies":"3 Sentries","floor":8.0,"turns":8.0},{"damage":10.0,"enemies":"Lagavulin","floor":10.0,"turns":5.0},{"damage":0.0,"enemies":"2 Fungi Beasts","floor":11.0,"turns":3.0},{"damage":7.0,"enemies":"Gremlin Nob","floor":12.0,"turns":4.0},{"damage":9.0,"enemies":"3 Sentries","floor":14.0,"turns":8.0},{"damage":11.0,"enemies":"Hexaghost","floor":16.0,"turns":11.0},{"damage":20.0,"enemies":"Chosen","floor":18.0,"turns":5.0},{"damage":5.0,"enemies":"2 Thieves","floor":21.0,"turns":4.0},{"damage":2.0,"enemies":"Snecko","floor":22.0,"turns":7.0},{"damage":22.0,"enemies":"Slavers","floor":23.0,"turns":7.0},{"damage":20.0,"enemies":"Centurion and Healer","floor":24.0,"turns":6.0},{"damage":10.0,"enemies":"Chosen and Byrds","floor":27.0,"turns":7.0},{"damage":27.0,"enemies":"Gremlin Leader","floor":28.0,"turns":5.0},{"damage":20.0,"enemies":"Masked Bandits","floor":29.0,"turns":5.0},{"damage":21.0,"enemies":"Slavers","floor":30.0,"turns":6.0},{"damage":34.0,"enemies":"3 Cultists","floor":31.0,"turns":4.0},{"damage":13.0,"enemies":"Champ","floor":33.0,"turns":5.0},{"damage":7.0,"enemies":"Orb Walker","floor":35.0,"turns":5.0},{"damage":7.0,"enemies":"3 Shapes","floor":38.0,"turns":15.0},{"damage":0.0,"enemies":"Nemesis","floor":40.0,"turns":12.0},{"damage":6.0,"enemies":"Spire Growth","floor":41.0,"turns":7.0},{"damage":28.0,"enemies":"Reptomancer","floor":42.0,"turns":11.0},{"damage":0.0,"enemies":"Transient","floor":44.0,"turns":5.0},{"damage":0.0,"enemies":"Writhing Mass","floor":45.0,"turns":10.0},{"damage":16.0,"enemies":"Nemesis","floor":46.0,"turns":11.0},{"damage":3.0,"enemies":"Sphere and 2 Shapes","floor":48.0,"turns":6.0},{"damage":3.0,"enemies":"Time Eater","floor":50.0,"turns":10.0},{"damage":3,"enemies":"Shield and Spear","floor":54,"turns":8},{"damage":17,"enemies":"The Heart","floor":55,"turns":6}],"seed_played":"-6996889269498170102","potions_obtained":[{"floor":1.0,"key":"BloodPotion"},{"floor":5.0,"key":"Regen Potion"},{"floor":10.0,"key":"Dexterity Potion"},{"floor":12.0,"key":"Block Potion"},{"floor":18.0,"key":"GamblersBrew"},{"floor":22.0,"key":"FearPotion"},{"floor":24.0,"key":"FearPotion"},{"floor":29.0,"key":"Dexterity Potion"},{"floor":30.0,"key":"PowerPotion"},{"floor":35.0,"key":"Fire Potion"},{"floor":40.0,"key":"DistilledChaos"},{"floor":42.0,"key":"ColorlessPotion"},{"floor":45.0,"key":"Fruit Juice"}],"is_trial":false,"path_per_floor":["M","M","?","$","M","E","R","E","T","E","M","E","R","E","R","B",null,"M","?","?","M","M","E","M","?","T","M","E","?","E","M","R","B",null,"M","?","$","M","?","E","M","E","T","M","M","E","?","M","R","B",null,"R","$","E","B",null],"character_chosen":"IRONCLAD","items_purchased":["PowerPotion","Membership Card","DistilledChaos","Dark Shackles","Shrug It Off","Panacea","Secret Technique","Pear","Blood Vial","Evolve","Toolbox","Swift Potion"],"campfire_rested":0,"item_purchase_floors":[4,37,37,37,53,53,53,53,53,53,53,53],"current_hp_per_floor":[80,80,80,80,80,43,43,31,31,27,45,56,56,53,53,48,80,66,66,58,59,63,52,50,50,50,58,49,47,49,38,38,48,80,82,82,82,85,85,91,95,82,82,93,103,97,84,91,91,98,115,115,130,134,138],"gold":412,"neow_bonus":"RANDOM_COMMON_RELIC","is_daily":false,"chose_seed":false,"campfire_upgraded":5,"win_rate":0.0,"timestamp":1610635967,"path_taken":["M","?","?","?","M","E","R","E","T","E","M","E","R","E","R","BOSS","M","?","?","?","M","E","M","?","T","M","E","?","E","M","R","BOSS","M","?","$","M","?","E","M","E","T","M","?","E","?","M","R","BOSS","R","$","E","BOSS"],"items_purchased_type":["Potion","Relic","Potion","Card","Card","Card","Card","Relic","Relic","Card","Relic","Potion"],"build_version":"2020-12-22","purchased_purges":3,"victory":true,"max_hp_per_floor":[80,80,80,80,80,80,80,80,80,80,80,80,80,80,80,80,80,80,80,80,80,80,80,80,80,80,80,80,80,80,80,80,80,80,83,83,83,87,87,91,95,99,99,99,103,107,107,111,111,115,115,115,130,134,138],"relic_stats":{"Happy Flower":[66],"counters":[33,224],"Self Forming Clay":[42],"CeramicFish":279,"PreservedInsect":258,"Bag of Preparation":[14],"Whetstone":["Strike_R","Feed"],"War Paint":["Flame Barrier","Defend_R"],"Orichalcum":[6],"Cursed Key":1,"Burning Blood":176,"Blood Vial":0,"Ornamental Fan":[136],"Prayer Wheel":12,"Art of War":[50],"obtain_stats":[{"CeramicFish":12,"Bag of Preparation":42,"Whetstone":54,"Bottled Tornado":30,"Ancient Tea Set":0,"Cursed Key":34,"Burning Blood":0,"Blood Vial":53,"Toolbox":53,"Prayer Wheel":14,"Red Mask":29,"Red Skull":26,"Pear":53,"Happy Flower":8,"Self Forming Clay":40,"PreservedInsect":28,"War Paint":23,"Orichalcum":46,"Ornamental Fan":25,"Art of War":6,"Bag of Marbles":9,"Coffee Dripper":17,"Membership Card":37,"Toy Ornithopter":19,"Meat on the Bone":10},{"CeramicFish":8,"Bag of Preparation":26,"Whetstone":32,"Bottled Tornado":19,"Ancient Tea Set":0,"Cursed Key":21,"Burning Blood":0,"Blood Vial":31,"Toolbox":31,"Prayer Wheel":9,"Red Mask":18,"Red Skull":15,"Pear":31,"Happy Flower":5,"Self Forming Clay":24,"PreservedInsect":17,"War Paint":14,"Orichalcum":29,"Ornamental Fan":15,"Art of War":4,"Bag of Marbles":5,"Coffee Dripper":10,"Membership Card":22,"Toy Ornithopter":11,"Meat on the Bone":6},{"CeramicFish":38,"Bag of Preparation":168,"Whetstone":218,"Bottled Tornado":109,"Ancient Tea Set":0,"Cursed Key":118,"Burning Blood":0,"Blood Vial":210,"Toolbox":210,"Prayer Wheel":46,"Red Mask":103,"Red Skull":86,"Pear":210,"Happy Flower":26,"Self Forming Clay":150,"PreservedInsect":98,"War Paint":80,"Orichalcum":194,"Ornamental Fan":86,"Art of War":18,"Bag of Marbles":26,"Coffee Dripper":57,"Membership Card":123,"Toy Ornithopter":62,"Meat on the Bone":31}],"Toy Ornithopter":33,"Meat on the Bone":108},"card_choices":[{"not_picked":["Bloodletting","Havoc"],"picked":"True Grit","floor":1.0},{"not_picked":["Clash","Seeing Red"],"picked":"Uppercut","floor":2.0},{"not_picked":["Thunderclap","Heavy Blade","Clothesline"],"picked":"SKIP","floor":5.0},{"not_picked":["Headbutt","Sword Boomerang"],"picked":"Pummel","floor":6.0},{"not_picked":["Thunderclap","Armaments"],"picked":"Flame Barrier","floor":8.0},{"not_picked":["Perfected Strike","Clash"],"picked":"Shockwave","floor":10.0},{"not_picked":["Heavy Blade","True Grit"],"picked":"Armaments","floor":11.0},{"not_picked":["Evolve","Sentinel"],"picked":"Barricade","floor":12.0},{"not_picked":["Thunderclap","Iron Wave"],"picked":"Dark Embrace","floor":14.0},{"not_picked":["Juggernaut","Brutality"],"picked":"Corruption","floor":16.0},{"not_picked":["Twin Strike","Cleave"],"picked":"Ghostly Armor+1","floor":18.0},{"not_picked":["Pommel Strike","Anger"],"picked":"Heavy Blade+1","floor":18.0},{"not_picked":["Clash","Pommel Strike+1"],"picked":"Feel No Pain+1","floor":21.0},{"not_picked":["Blood for Blood","Warcry","Hemokinesis"],"picked":"SKIP","floor":21.0},{"not_picked":["Sword Boomerang","Combust+1"],"picked":"Berserk","floor":22.0},{"not_picked":["Dual Wield+1","Carnage+1"],"picked":"Flame Barrier+1","floor":22.0},{"not_picked":["Dropkick","Demon Form"],"picked":"Body Slam","floor":23.0},{"not_picked":["Heavy Blade","Pommel Strike"],"picked":"Battle Trance","floor":24.0},{"not_picked":["Heavy Blade","Clothesline+1","Anger"],"picked":"SKIP","floor":24.0},{"not_picked":["Heavy Blade","Clothesline+1","Anger"],"picked":"SKIP","floor":24.0},{"not_picked":["Inflame","Evolve"],"picked":"Headbutt","floor":27.0},{"not_picked":["Hemokinesis+1","Searing Blow+1","Anger"],"picked":"SKIP","floor":27.0},{"not_picked":["Power Through","Warcry","Pummel"],"picked":"SKIP","floor":28.0},{"not_picked":["Reckless Charge","Wild Strike"],"picked":"Flame Barrier","floor":29.0},{"not_picked":["Demon Form","Havoc"],"picked":"Flame Barrier","floor":30.0},{"not_picked":["Fire Breathing","Metallicize"],"picked":"Iron Wave+1","floor":31.0},{"not_picked":["Flex","Sword Boomerang","Warcry"],"picked":"SKIP","floor":31.0},{"not_picked":["Reaper","Fiend Fire"],"picked":"Feed","floor":33.0},{"not_picked":["Clash+1","Metallicize"],"picked":"Body Slam+1","floor":35.0},{"not_picked":["Havoc+1","Sword Boomerang+1","Hemokinesis"],"picked":"SKIP","floor":35.0},{"not_picked":["Twin Strike+1","Perfected Strike+1"],"picked":"Shrug It Off+1","floor":38.0},{"not_picked":["Havoc","Searing Blow","Pommel Strike"],"picked":"SKIP","floor":38.0},{"not_picked":["Perfected Strike","Twin Strike","Feel No Pain"],"picked":"SKIP","floor":40.0},{"not_picked":["Clash+1","Perfected Strike+1"],"picked":"Flame Barrier","floor":41.0},{"not_picked":["Iron Wave+1","Shockwave","Heavy Blade"],"picked":"SKIP","floor":41.0},{"not_picked":["Berserk","Cleave","Demon Form"],"picked":"SKIP","floor":42.0},{"not_picked":["Cleave+1","Body Slam+1"],"picked":"Entrench+1","floor":44.0},{"not_picked":["Evolve+1","Body Slam+1"],"picked":"Pommel Strike+1","floor":44.0},{"not_picked":["Clothesline+1","Thunderclap+1","Wild Strike+1"],"picked":"SKIP","floor":45.0},{"not_picked":["Heavy Blade","Headbutt","Thunderclap+1"],"picked":"SKIP","floor":45.0},{"not_picked":["Anger+1","Havoc","Heavy Blade"],"picked":"SKIP","floor":46.0},{"not_picked":["Body Slam","Heavy Blade"],"picked":"True Grit+1","floor":48.0},{"not_picked":["Power Through+1","Blood for Blood"],"picked":"Exhume","floor":48.0},{"not_picked":["Dropkick+1","Perfected Strike"],"picked":"Shrug It Off","floor":54}],"player_experience":1289311,"relics_obtained":[{"floor":6.0,"key":"Art of War"},{"floor":8.0,"key":"Happy Flower"},{"floor":9.0,"key":"Bag of Marbles"},{"floor":10.0,"key":"Meat on the Bone"},{"floor":12.0,"key":"CeramicFish"},{"floor":14.0,"key":"Prayer Wheel"},{"floor":23.0,"key":"War Paint"},{"floor":26.0,"key":"Red Skull"},{"floor":28.0,"key":"PreservedInsect"},{"floor":29.0,"key":"Red Mask"},{"floor":30.0,"key":"Bottled Tornado"},{"floor":40.0,"key":"Self Forming Clay"},{"floor":42.0,"key":"Bag of Preparation"},{"floor":46.0,"key":"Orichalcum"},{"floor":54,"key":"Whetstone"}],"event_choices":[{"cards_removed":["Defend_R"],"damage_healed":0.0,"max_hp_gain":0.0,"max_hp_loss":0.0,"gold_gain":0.0,"event_name":"Purifier","player_choice":"Purged","floor":3.0,"gold_loss":0.0,"damage_taken":0.0},{"damage_healed":0.0,"max_hp_gain":0.0,"max_hp_loss":0.0,"gold_gain":0.0,"event_name":"The Mausoleum","player_choice":"Opened","floor":19.0,"gold_loss":0.0,"damage_taken":0.0,"relics_obtained":["Toy Ornithopter"]},{"damage_healed":0.0,"max_hp_gain":0.0,"max_hp_loss":0.0,"gold_gain":75.0,"event_name":"FaceTrader","player_choice":"Touch","floor":20.0,"gold_loss":0.0,"damage_taken":8.0},{"damage_healed":0.0,"max_hp_gain":0.0,"max_hp_loss":0.0,"gold_gain":0.0,"event_name":"Addict","player_choice":"Obtained Relic","floor":25.0,"gold_loss":85.0,"damage_taken":0.0,"relics_obtained":["Ornamental Fan"]},{"damage_healed":0.0,"max_hp_gain":0.0,"max_hp_loss":0.0,"gold_gain":0.0,"event_name":"Masked Bandits","player_choice":"Fought Bandits","floor":29.0,"gold_loss":0.0,"damage_taken":0.0},{"cards_removed":["True Grit"],"damage_healed":0.0,"max_hp_gain":0.0,"max_hp_loss":0.0,"gold_gain":0.0,"event_name":"Falling","player_choice":"Removed Skill","floor":36.0,"gold_loss":0.0,"damage_taken":0.0},{"damage_healed":0.0,"max_hp_gain":0.0,"max_hp_loss":0.0,"gold_gain":100.0,"event_name":"Golden Shrine","player_choice":"Pray","floor":39.0,"gold_loss":0.0,"damage_taken":0.0},{"damage_healed":0.0,"max_hp_gain":0.0,"max_hp_loss":0.0,"gold_gain":0.0,"event_name":"Winding Halls","player_choice":"Embrace Madness","floor":47.0,"gold_loss":0.0,"damage_taken":13.0,"cards_obtained":["Madness","Madness"]}],"is_beta":false,"boss_relics":[{"not_picked":["Calling Bell","Astrolabe"],"picked":"Coffee Dripper"},{"not_picked":["Black Blood","Fusion Hammer"],"picked":"Cursed Key"}],"items_purged_floors":[4,37,53],"is_endless":false,"potions_floor_spawned":[1,5,10,12,18,22,24,29,30,35,40,41,42,45],"ascension_level":1}}