{"host":"cimxalwyqyblhb3d","time":1610622928,"event":{"mods":["AchievementEnabler","BaseMod","Colored Powertips","Evolution","Minty Spire (QoL Compilation)","Quick Restart","Relic Stats","StSLib"],"gold_per_floor":[117,130,143,143,49,49,61,91,91,101,117,70,70,128,128,223,223,242,273,293,293,313,313,331,62,62,95,111,125,125,140,140,238,238,252,252,27,41,41,41,41,41],"floor_reached":41,"language":"FRA","playtime":1843,"items_purged":[],"score":594,"play_id":"b47e1c1d-72e6-466b-b847-d5fe554da429","local_time":"20210114121528","is_ascension_mode":true,"campfire_choices":[{"data":"Flex","floor":6,"key":"SMITH"},{"data":"Perfected Strike","floor":13,"key":"SMITH"},{"data":"Demon Form","floor":15,"key":"SMITH"},{"floor":23,"key":"REST"},{"floor":32,"key":"REST"},{"floor":40,"key":"REST"}],"circlet_count":0,"master_deck":["Thunderclap","Strike_R","Strike_R","Strike_R","Strike_R","Defend_R","Defend_R","Defend_R","Defend_R","Bash","Twin Strike","Flex+1","Heavy Blade","Swift Strike","Heavy Blade","Twin Strike","Demon Form+1","Perfected Strike+1","Reaper","Pommel Strike","Thunderclap+1","Battle Trance","Rage","Pommel Strike+1","Flex","Battle Trance+1","Warcry+1","Brutality","Flex+1","Armaments+1","Combust+1","Twin Strike","Shrug It Off+1","Feed","Armaments+1","Madness+1","Madness+1","Twin Strike","Flex+1","Inflame","Rage+1","Dual Wield+1","Thinking Ahead+1","Deep Breath+1","Deep Breath+1"],"relics":["Burning Blood","EVO:Axolotl","Akabeko","Regal Pillow","Bottled Flame","Prayer Wheel","Fusion Hammer","Red Mask","Toxic Egg 2","Sundial","Toy Ornithopter","Cursed Key"],"acts_visited":["Exordium","TheCity","TheBeyond"],"potions_floor_usage":[2,10,11,33,33,41],"damage_taken":[{"damage":2,"enemies":"2 Louse","floor":1,"turns":2},{"damage":0,"enemies":"Cultist","floor":2,"turns":2},{"damage":7,"enemies":"Jaw Worm","floor":3,"turns":2},{"damage":0,"enemies":"2 Fungi Beasts","floor":7,"turns":2},{"damage":20,"enemies":"Lagavulin","floor":8,"turns":3},{"damage":0,"enemies":"Looter","floor":10,"turns":1},{"damage":0,"enemies":"Large Slime","floor":11,"turns":3},{"damage":23,"enemies":"Gremlin Nob","floor":14,"turns":4},{"damage":18,"enemies":"Slime Boss","floor":16,"turns":5},{"damage":11,"enemies":"Spheric Guardian","floor":18,"turns":3},{"damage":30,"enemies":"Masked Bandits","floor":19,"turns":4},{"damage":9,"enemies":"3 Byrds","floor":20,"turns":4},{"damage":27,"enemies":"Centurion and Healer","floor":22,"turns":5},{"damage":8,"enemies":"Cultist and Chosen","floor":24,"turns":4},{"damage":29,"enemies":"Book of Stabbing","floor":27,"turns":4},{"damage":0,"enemies":"3 Cultists","floor":28,"turns":3},{"damage":37,"enemies":"Snake Plant","floor":29,"turns":3},{"damage":8,"enemies":"Snecko","floor":31,"turns":3},{"damage":54,"enemies":"Automaton","floor":33,"turns":6},{"damage":0,"enemies":"3 Darklings","floor":35,"turns":1},{"damage":27,"enemies":"3 Shapes","floor":38,"turns":4},{"damage":91,"enemies":"Nemesis","floor":41,"turns":6}],"seed_played":"249906856696004953","potions_obtained":[{"floor":2,"key":"Fruit Juice"},{"floor":7,"key":"LiquidMemories"},{"floor":8,"key":"SkillPotion"},{"floor":18,"key":"ElixirPotion"},{"floor":29,"key":"Ancient Potion"},{"floor":31,"key":"Weak Potion"}],"is_trial":false,"path_per_floor":["M","M","M","?","$","R","M","E","T","M","M","?","R","?","R","B",null,"M","?","M","?","M","R","M","$","T","E","M","M","?","M","R","B",null,"M","?","$","M","?","R","E"],"character_chosen":"IRONCLAD","items_purchased":["Swift Strike","Toxic Egg 2","Warcry+1","Twin Strike","Flex+1","Inflame","Rage+1"],"campfire_rested":3,"item_purchase_floors":[5,25,25,37,37,37,37],"current_hp_per_floor":[80,85,84,84,84,84,85,71,71,77,83,83,83,66,66,54,77,72,54,59,59,50,85,85,85,85,62,85,54,54,64,85,70,81,85,74,74,65,55,85,0,0],"gold":41,"neow_bonus":"RANDOM_COMMON_RELIC","is_daily":false,"chose_seed":false,"campfire_upgraded":3,"win_rate":0.0,"timestamp":1610622928,"path_taken":["M","M","M","?","$","R","?","E","T","M","M","?","R","?","R","BOSS","M","?","M","?","?","R","M","$","T","E","?","M","?","M","R","BOSS","M","?","$","M","?","R","E"],"items_purchased_type":["Card","Relic","Card","Card","Card","Card","Card"],"build_version":"2020-12-22","purchased_purges":0,"victory":false,"max_hp_per_floor":[80,85,85,85,85,85,85,85,85,85,85,85,85,85,85,85,85,85,85,85,85,85,85,85,85,85,85,85,85,85,85,85,85,85,85,85,85,85,85,85,85,85],"relic_stats":{"Regal Pillow":15,"counters":[22,74],"Sundial":[0],"Prayer Wheel":9,"Cursed Key":0,"obtain_stats":[{"Regal Pillow":8,"Bottled Flame":9,"Sundial":26,"Prayer Wheel":14,"Fusion Hammer":17,"Red Mask":19,"EVO:Axolotl":0,"Toxic Egg 2":25,"Cursed Key":34,"Burning Blood":0,"Akabeko":0,"Toy Ornithopter":27},{"Regal Pillow":5,"Bottled Flame":5,"Sundial":14,"Prayer Wheel":8,"Fusion Hammer":9,"Red Mask":11,"EVO:Axolotl":0,"Toxic Egg 2":14,"Cursed Key":19,"Burning Blood":0,"Akabeko":0,"Toy Ornithopter":15},{"Regal Pillow":11,"Bottled Flame":11,"Sundial":44,"Prayer Wheel":19,"Fusion Hammer":24,"Red Mask":31,"EVO:Axolotl":0,"Toxic Egg 2":44,"Cursed Key":63,"Burning Blood":0,"Akabeko":0,"Toy Ornithopter":48}],"Burning Blood":98,"Toy Ornithopter":5},"card_choices":[{"not_picked":["Havoc","Warcry"],"picked":"Twin Strike","floor":1},{"not_picked":["Headbutt","Warcry"],"picked":"Flex","floor":2},{"not_picked":["Rampage","Hemokinesis"],"picked":"Heavy Blade","floor":3},{"not_picked":["Cleave","Pommel Strike"],"picked":"Heavy Blade","floor":7},{"not_picked":["Sword Boomerang","Warcry"],"picked":"Twin Strike","floor":8},{"not_picked":["Metallicize","Body Slam"],"picked":"Demon Form","floor":10},{"not_picked":["Iron Wave","Havoc"],"picked":"Perfected Strike","floor":11},{"not_picked":["True Grit","Rage"],"picked":"Thunderclap","floor":14},{"not_picked":["Corruption","Exhume"],"picked":"Reaper","floor":16},{"not_picked":["Reckless Charge","Rage"],"picked":"Pommel Strike","floor":18},{"not_picked":["Disarm+1","Warcry"],"picked":"Thunderclap+1","floor":18},{"not_picked":["Anger+1","Thunderclap+1"],"picked":"Battle Trance","floor":20},{"not_picked":["Clash","Sword Boomerang"],"picked":"Rage","floor":20},{"not_picked":["Uppercut+1","Flex+1"],"picked":"Pommel Strike+1","floor":22},{"not_picked":["Carnage","Rupture","Searing Blow+1"],"picked":"SKIP","floor":22},{"not_picked":["Evolve","Reaper"],"picked":"Flex","floor":24},{"not_picked":["Warcry","Iron Wave"],"picked":"Battle Trance+1","floor":24},{"not_picked":["Clothesline","Iron Wave+1","True Grit+1"],"picked":"SKIP","floor":27},{"not_picked":["Flex+1","Intimidate+1"],"picked":"Brutality","floor":28},{"not_picked":["Clash","Metallicize"],"picked":"Flex+1","floor":28},{"not_picked":["Havoc+1","Shockwave+1"],"picked":"Armaments+1","floor":29},{"not_picked":["Clash","Anger+1"],"picked":"Combust+1","floor":29},{"not_picked":["Armaments+1","Wild Strike"],"picked":"Twin Strike","floor":31},{"not_picked":["Havoc+1","Demon Form"],"picked":"Shrug It Off+1","floor":31},{"not_picked":["Barricade","Juggernaut"],"picked":"Feed","floor":33},{"not_picked":["Clash","Warcry+1"],"picked":"Armaments+1","floor":35},{"not_picked":["Clash+1","Metallicize+1","Anger"],"picked":"SKIP","floor":35},{"not_picked":["Warcry+1","Thunderclap+1"],"picked":"Dual Wield+1","floor":38},{"not_picked":["Fire Breathing+1","Bloodletting+1","Exhume+1"],"picked":"SKIP","floor":38},{"not_picked":["Forethought+1","Discovery+1"],"picked":"Thinking Ahead+1","floor":39},{"not_picked":["Flash of Steel","Dark Shackles+1"],"picked":"Deep Breath+1","floor":39},{"not_picked":["Impatience+1","PanicButton+1"],"picked":"Deep Breath+1","floor":39}],"player_experience":498676,"relics_obtained":[{"floor":8,"key":"Regal Pillow"},{"floor":9,"key":"Bottled Flame"},{"floor":14,"key":"Prayer Wheel"},{"floor":19,"key":"Red Mask"},{"floor":26,"key":"Sundial"},{"floor":27,"key":"Toy Ornithopter"}],"event_choices":[{"damage_healed":0,"gold_gain":0,"player_choice":"Bought 0 Potions","damage_taken":0,"max_hp_gain":0,"max_hp_loss":0,"event_name":"The Woman in Blue","floor":4,"gold_loss":0},{"damage_healed":0,"gold_gain":0,"player_choice":"Left Gold","damage_taken":0,"max_hp_gain":0,"max_hp_loss":0,"event_name":"World of Goop","floor":12,"gold_loss":47},{"damage_healed":0,"gold_gain":30,"player_choice":"Searched \u00273\u0027 times","damage_taken":0,"max_hp_gain":0,"max_hp_loss":0,"event_name":"Dead Adventurer","floor":14,"gold_loss":0},{"damage_healed":0,"gold_gain":0,"player_choice":"Fought Bandits","damage_taken":0,"max_hp_gain":0,"max_hp_loss":0,"event_name":"Masked Bandits","floor":19,"gold_loss":0},{"cards_removed":["Thunderclap"],"damage_healed":0,"gold_gain":0,"player_choice":"Purged","damage_taken":0,"max_hp_gain":0,"max_hp_loss":0,"event_name":"Purifier","floor":21,"gold_loss":0},{"damage_healed":0,"gold_gain":0,"player_choice":"Ignored","damage_taken":0,"max_hp_gain":0,"max_hp_loss":0,"event_name":"Ghosts","floor":30,"gold_loss":0},{"damage_healed":0,"gold_gain":0,"player_choice":"Embrace Madness","damage_taken":11,"max_hp_gain":0,"max_hp_loss":0,"event_name":"Winding Halls","floor":36,"gold_loss":0,"cards_obtained":["Madness","Madness"]},{"damage_healed":0,"gold_gain":0,"player_choice":"Memory 3","damage_taken":10,"max_hp_gain":0,"max_hp_loss":0,"event_name":"SensoryStone","floor":39,"gold_loss":0}],"is_beta":false,"boss_relics":[{"not_picked":["Runic Cube","Calling Bell"],"picked":"Fusion Hammer"},{"not_picked":["Black Blood","Runic Dome"],"picked":"Cursed Key"}],"items_purged_floors":[],"is_endless":false,"potions_floor_spawned":[2,7,8,18,29,31],"killed_by":"Nemesis","ascension_level":5}}