{"host":"qqgw5gp46oujbhdl","time":1610657952,"event":{"mods":["Aspiration","Bard","BaseMod","BetterRewards","Downfall","Hermit","Infinite Spire","Jorbs\u0027s Wanderer Trilogy","Minty Spire (QoL Compilation)","Potionbrewer","Robot Space Explorer","Shade Mod","Somnambulant","StSLib","The Cursed","The Death Knight","The Disciple","The Elementalist","The Forsaken","The Hierophant","The Necromancer","The Servant 0.9.4","The Spell Scribe","The Valiant","TheBandit","TheFirefly","Wandering Minibosses"],"gold_per_floor":[111,111,36,49,49,49,49,49,49,49,49,74,74,87,87,87,87],"floor_reached":16,"language":"POL","playtime":909,"items_purged":["elementalist:Earthstrike"],"score":96,"play_id":"9a733ef1-792f-4982-a1e6-74aa1fcfd034","local_time":"20210114215912","is_ascension_mode":false,"campfire_choices":[{"data":"elementalist:Firestrike","floor":6,"key":"SMITH"},{"data":"elementalist:Etherstrike","floor":8,"key":"SMITH"},{"data":"elementalist:Magma_Shot","floor":13,"key":"SMITH"},{"data":"elementalist:Concentricity","floor":15,"key":"SMITH"}],"circlet_count":0,"master_deck":["elementalist:Fire_Emblem","elementalist:Strike+Elemblue","elementalist:Defend_Elemblue","elementalist:Defend_Elemblue","elementalist:Defend_Elemblue","elementalist:Defend_Elemblue","elementalist:Defend_Elemblue","elementalist:Firestrike+1","elementalist:Waterstrike","elementalist:Airstrike","elementalist:Crystal_Chalk","elementalist:Magma_Shot+1","elementalist:Etherstrike+1","elementalist:Earth_Emblem","elementalist:Etherstrike","elementalist:Overheat","elementalist:Concentricity+1"],"relics":["elementalistmod:MagusStaff","elementalistmod:RedRibbon","aspiration:SeaSaltIceCream","aspiration:Nostalgia","Uniform","Bottled Lightning"],"acts_visited":["Exordium"],"potions_floor_usage":[14],"damage_taken":[{"damage":6,"enemies":"Jaw Worm","floor":1,"turns":7},{"damage":0,"enemies":"2 Louse","floor":4,"turns":3},{"damage":17,"enemies":"3 Sentries","floor":12,"turns":5},{"damage":10,"enemies":"Small Slimes","floor":14,"turns":2},{"damage":44,"enemies":"Hexaghost","floor":16,"turns":9}],"seed_played":"-1559630152506481660","potions_obtained":[{"floor":12,"key":"champ:CounterPotion"}],"is_trial":false,"path_per_floor":["M","?","$","M","?","R","$","R","T","?","?","E","R","M","R","B"],"character_chosen":"THE_ELEMENTALIST","items_purchased":[],"campfire_rested":0,"item_purchase_floors":[],"current_hp_per_floor":[71,76,76,76,76,76,76,76,76,76,68,51,51,41,41,0,0],"gold":87,"neow_bonus":"TEN_PERCENT_HP_BONUS","is_daily":false,"chose_seed":false,"campfire_upgraded":4,"win_rate":0.0,"timestamp":1610657952,"path_taken":["M","?","$","M","?","R","?","R","T","?","?","E","R","?","R","BOSS"],"items_purchased_type":[],"build_version":"2020-12-22","purchased_purges":1,"victory":false,"max_hp_per_floor":[77,82,82,82,82,82,82,82,82,82,82,82,82,82,82,82,82],"card_choices":[{"not_picked":["elementalist:Cyclone","elementalist:Stone_to_Mud"],"picked":"elementalist:Magma_Shot","floor":1},{"not_picked":["elementalist:Breeze","elementalist:Aegis"],"picked":"elementalist:Etherstrike","floor":4},{"not_picked":["elementalist:Emberveil","elementalist:Cyclone"],"picked":"elementalist:Etherstrike","floor":12},{"not_picked":["elementalist:Ignition","elementalist:Breeze"],"picked":"elementalist:Overheat","floor":14}],"player_experience":367281,"relics_obtained":[{"floor":9,"key":"aspiration:SeaSaltIceCream"},{"floor":12,"key":"Bottled Lightning"}],"event_choices":[{"damage_healed":0,"gold_gain":0,"player_choice":"Donut","damage_taken":0,"max_hp_gain":5,"max_hp_loss":0,"event_name":"Big Fish","floor":2,"gold_loss":0},{"damage_healed":0,"gold_gain":0,"player_choice":"Leave","damage_taken":0,"max_hp_gain":0,"max_hp_loss":0,"event_name":"The Cleric","floor":5,"gold_loss":0},{"damage_healed":0,"gold_gain":0,"player_choice":"Damaged","damage_taken":8,"max_hp_gain":0,"max_hp_loss":0,"event_name":"Wheel of Change","floor":11,"gold_loss":0}],"is_beta":false,"boss_relics":[],"items_purged_floors":[3],"is_endless":false,"potions_floor_spawned":[12],"killed_by":"Hexaghost","ascension_level":0}}