{"host":"6b00v7211em4ihns","time":1610648245,"event":{"mods":["BaseMod","Bestiary","Better Match","Card Forge","Filter the Spire","Minty Spire (QoL Compilation)","Relic Stats","Spicy Shops","StSLib","Swap Starting Deck Mod"],"gold_per_floor":[118,135,146,157,207,233,19,19,44,64,64,77,112,130,130,204,204,224,224,174,185,203,229,240,259,259,259,259],"floor_reached":27,"language":"ENG","playtime":1901,"items_purged":[],"score":648,"play_id":"4164cde7-29fb-4cba-9924-60f115385081","local_time":"20210114181725","is_ascension_mode":true,"campfire_choices":[{"data":"Reprogram","floor":8.0,"key":"SMITH"},{"data":"Hello World","floor":11.0,"key":"SMITH"},{"data":"Sweeping Beam","floor":15.0,"key":"SMITH"}],"circlet_count":0,"master_deck":["AscendersBane","Gash","Gash","Gash","Gash","Rip and Tear","Reprogram+1","Steam","Steam","Steam","Steam","Sweeping Beam+1","Self Repair","Hologram","FTL","Hello World+1","Fission","Sweeping Beam+1","Rebound","Skim","Echo Form","Hologram","Scrape+1"],"relics":["Cracked Core","Hammer of Thor","Seething Fire","Anvil of the Gods","swapstartingdeckmod:Bellows","Oddly Smooth Stone","Membership Card","Vajra","Sozu","MutagenicStrength","Happy Flower","Sundial"],"acts_visited":["Exordium","TheCity"],"potions_floor_usage":[],"damage_taken":[{"damage":1.0,"enemies":"2 Louse","floor":1.0,"turns":3.0},{"damage":0.0,"enemies":"Cultist","floor":2.0,"turns":3.0},{"damage":0.0,"enemies":"Jaw Worm","floor":3.0,"turns":2.0},{"damage":6.0,"enemies":"Large Slime","floor":4.0,"turns":4.0},{"damage":8.0,"enemies":"Gremlin Nob","floor":6.0,"turns":3.0},{"damage":0.0,"enemies":"Looter","floor":10.0,"turns":2.0},{"damage":0.0,"enemies":"Exordium Thugs","floor":12.0,"turns":3.0},{"damage":3.0,"enemies":"Lagavulin","floor":13.0,"turns":5.0},{"damage":0.0,"enemies":"Gremlin Gang","floor":14.0,"turns":3.0},{"damage":0.0,"enemies":"Slime Boss","floor":16.0,"turns":3.0},{"damage":11.0,"enemies":"Chosen","floor":18.0,"turns":4.0},{"damage":21.0,"enemies":"Shell Parasite","floor":21.0,"turns":3.0},{"damage":6.0,"enemies":"Cultist and Chosen","floor":22.0,"turns":5.0},{"damage":21.0,"enemies":"Book of Stabbing","floor":23.0,"turns":4.0},{"damage":32,"enemies":"Shelled Parasite and Fungi","floor":24,"turns":4},{"damage":9,"enemies":"Centurion and Healer","floor":25,"turns":3},{"damage":12,"enemies":"Snake Plant","floor":27,"turns":2}],"seed_played":"-1475026342190329268","potions_obtained":[{"floor":2.0,"key":"PotionOfCapacity"},{"floor":4.0,"key":"PowerPotion"},{"floor":6.0,"key":"LiquidBronze"},{"floor":13.0,"key":"Fruit Juice"}],"is_trial":false,"path_per_floor":["M","M","M","M","?","E","$","R","T","M","R","M","E","M","R","B",null,"M","?","?","M","M","E","M","M","T","M"],"character_chosen":"DEFECT","items_purchased":["Membership Card","Hello World"],"campfire_rested":0,"item_purchase_floors":[7,7],"current_hp_per_floor":[63,63,63,64,64,63,63,63,63,70,70,71,76,76,76,76,76,72,72,72,58,66,45,20,11,11,0,0],"gold":259,"neow_bonus":"","is_daily":false,"chose_seed":false,"campfire_upgraded":3,"win_rate":0.0,"timestamp":1610648245,"path_taken":["M","M","M","M","?","E","?","R","T","M","R","M","E","?","R","BOSS","M","?","?","M","M","E","M","?","T","M"],"items_purchased_type":["Relic","Card"],"build_version":"2020-12-22","purchased_purges":0,"victory":false,"max_hp_per_floor":[71,71,71,71,71,71,71,71,71,71,71,71,76,76,76,76,76,76,76,76,76,76,76,76,76,76,76,76],"relic_stats":{"Sozu":3,"Happy Flower":[3],"counters":[17,56],"Sundial":[0],"obtain_stats":[{"Sozu":17,"Happy Flower":23,"Anvil of the Gods":0,"Sundial":26,"MutagenicStrength":19,"Oddly Smooth Stone":6,"Vajra":13,"Hammer of Thor":0,"swapstartingdeckmod:Bellows":0,"Seething Fire":0,"Membership Card":7,"Cracked Core":0},{"Sozu":10,"Happy Flower":14,"Anvil of the Gods":0,"Sundial":16,"MutagenicStrength":11,"Oddly Smooth Stone":5,"Vajra":8,"Hammer of Thor":0,"swapstartingdeckmod:Bellows":0,"Seething Fire":0,"Membership Card":5,"Cracked Core":0},{"Sozu":31,"Happy Flower":47,"Anvil of the Gods":0,"Sundial":54,"MutagenicStrength":35,"Oddly Smooth Stone":15,"Vajra":25,"Hammer of Thor":0,"swapstartingdeckmod:Bellows":0,"Seething Fire":0,"Membership Card":15,"Cracked Core":0}]},"card_choices":[{"not_picked":["Turbo","Conserve Battery"],"picked":"Sweeping Beam","floor":1.0},{"not_picked":["Glacier","Conserve Battery"],"picked":"Self Repair","floor":2.0},{"not_picked":["Barrage","Stack","Go for the Eyes"],"picked":"SKIP","floor":3.0},{"not_picked":["Go for the Eyes","Static Discharge"],"picked":"Hologram","floor":4.0},{"not_picked":["Streamline","Leap"],"picked":"FTL","floor":6.0},{"not_picked":["Leap","Barrage"],"picked":"Fission","floor":10.0},{"not_picked":["Gash","Ball Lightning"],"picked":"Sweeping Beam","floor":12.0},{"not_picked":["Conserve Battery","Stack"],"picked":"Rebound","floor":13.0},{"not_picked":["Chill","BootSequence"],"picked":"Skim","floor":14.0},{"not_picked":["Thunder Strike","Meteor Strike"],"picked":"Echo Form","floor":16.0},{"not_picked":["Steam","Beam Cell"],"picked":"Hologram","floor":18.0},{"not_picked":["Ball Lightning","Turbo+1"],"picked":"Scrape+1","floor":21.0},{"not_picked":["Turbo+1","Blizzard","Rip and Tear"],"picked":"SKIP","floor":22.0},{"not_picked":["Turbo+1","Blizzard","Rip and Tear"],"picked":"SKIP","floor":22.0},{"not_picked":["Lockon","Turbo","Loop"],"picked":"SKIP","floor":23.0},{"not_picked":["Rip and Tear","Coolheaded+1","Steam"],"picked":"SKIP","floor":24},{"not_picked":["Thunder Strike","Hologram","Beam Cell"],"picked":"SKIP","floor":25}],"player_experience":2495809,"relics_obtained":[{"floor":6.0,"key":"Oddly Smooth Stone"},{"floor":13.0,"key":"Vajra"},{"floor":23.0,"key":"Happy Flower"},{"floor":26,"key":"Sundial"}],"event_choices":[{"damage_healed":0.0,"max_hp_gain":0.0,"max_hp_loss":0.0,"gold_gain":50.0,"event_name":"Golden Shrine","player_choice":"Pray","floor":5.0,"gold_loss":0.0,"damage_taken":0.0},{"damage_healed":0.0,"max_hp_gain":0.0,"max_hp_loss":0.0,"gold_gain":0.0,"event_name":"Drug Dealer","player_choice":"Inject Mutagens","floor":19.0,"gold_loss":0.0,"damage_taken":0.0,"relics_obtained":["MutagenicStrength"]},{"damage_healed":0.0,"max_hp_gain":0.0,"max_hp_loss":0.0,"gold_gain":0.0,"event_name":"Designer","player_choice":"Upgrade","floor":20.0,"gold_loss":50.0,"damage_taken":0.0,"cards_upgraded":["Sweeping Beam"]}],"is_beta":false,"boss_relics":[{"not_picked":["Runic Dome","SacredBark"],"picked":"Sozu"}],"items_purged_floors":[],"is_endless":false,"potions_floor_spawned":[2,4,6,10,13,18,22,24],"killed_by":"Snake Plant","ascension_level":20}}