{"host":"6jrnojxwearbrjzo","time":1610631669,"event":{"mods":["BaseMod","Conspire","Highlight Path","Marisa（F雨　魔理沙）","Minty Spire (QoL Compilation)","MostiFishMod","Quick Restart","Random Character Button","RumiaBox-露米娅的神秘盒子","Shop Mod","Spicy Shops","StSLib","The Construct","The Servant 0.9.4","Yuyuko","[功能]功能增强和修复MOD","vexMod","篝火指南"],"gold_per_floor":[114,0,0,0,75,104,79,138,138,138,170,254,254,287,4,105,105,123,198,15,15,15,42,42,69,145,145,210,107,140,33,33,129,129,148,148,181,190,190,218,218,58,83,115,101,0,51,51,51,81],"floor_reached":51,"language":"ZHS","playtime":1623,"items_purged":["Pride","Defend_P","Defend_P","Strike_P","Defend_P","Strike_P","Eruption","Defend_P","Writhe","LessonLearned+1","Strike_P+1","Writhe","LessonLearned+1","Strike_P+1"],"score":1393,"play_id":"24ccf219-32ca-45db-8c2e-d0b8372347fa","local_time":"20210114214109","is_ascension_mode":true,"campfire_choices":[{"floor":13,"key":"REST"},{"data":"HandOfGreed+1","floor":27,"key":"SMITH"},{"data":"MostiFishMod:StarWish","floor":32,"key":"SMITH"},{"data":"Tantrum+1","floor":41,"key":"SMITH"},{"data":"Tantrum+2","floor":49,"key":"SMITH"}],"circlet_count":0,"master_deck":["Vigilance+1","Adaptation+1","HandOfGreed+2","Tantrum+3","MostiFishMod:StarWish+1","Establishment+1"],"relics":["DaveBox","ShadowXiaoBlade","RhineSuit","SynthV:TestCard","Bag of Preparation","Whetstone","Mango","PureWater","Juzu Bracelet","MealTicket","Anchor","Pear","Vajra","ThornShield","Sling","BirthdayGift-Icosahedron","conspire:RunicOctahedron","ZombieArmy","Happy Flower","Lantern","ClockworkSouvenir","Medical Kit","conspire:InfiniteJournal","SynthV:C4","Baka2","Dream Catcher","Shuriken","Ornamental Fan","DaCapo","PreservedInsect","ChiLing","Chi","Ling","Tiny Chest","SynthV","vexMod:Dragonfruit","CeramicFish","construct:WeddingRing","Orichalcum","conspire:Flyswatter","Boot","HornCleat","conspire:Boomerang","TheAbacus","Omamori","Bag of Marbles","MawBank","MagicDraw3","Red Mask","Ginger"],"acts_visited":["Exordium","TheCity","TheBeyond"],"potions_floor_usage":[12,16,16,20,25],"damage_taken":[{"damage":2,"enemies":"Small Slimes","floor":1,"turns":2},{"damage":0,"enemies":"Gremlin Nob","floor":6,"turns":1},{"damage":0,"enemies":"Lagavulin","floor":8,"turns":2},{"damage":0,"enemies":"Gremlin Nob","floor":11,"turns":3},{"damage":0,"enemies":"Lagavulin Event","floor":12,"turns":1},{"damage":9,"enemies":"3 Sentries","floor":14,"turns":3},{"damage":0,"enemies":"Hexaghost","floor":16,"turns":1},{"damage":0,"enemies":"Chosen","floor":18,"turns":1},{"damage":0,"enemies":"conspire:Head Lice","floor":23,"turns":2},{"damage":0,"enemies":"Book of Stabbing","floor":25,"turns":1},{"damage":7,"enemies":"Slavers","floor":28,"turns":2},{"damage":0,"enemies":"conspire:Head Lice","floor":30,"turns":1},{"damage":12,"enemies":"Champ","floor":33,"turns":3},{"damage":0,"enemies":"3 Darklings","floor":35,"turns":1},{"damage":0,"enemies":"conspire:MimicChest","floor":37,"turns":1},{"damage":0,"enemies":"Nemesis","floor":40,"turns":1},{"damage":0,"enemies":"Reptomancer","floor":44,"turns":1},{"damage":0,"enemies":"2 Orb Walkers","floor":47,"turns":1},{"damage":0,"enemies":"Awakened One","floor":50,"turns":2}],"seed_played":"4935503909660129207","potions_obtained":[{"floor":1,"key":"PowerPotion"},{"floor":1,"key":"Fire Potion"},{"floor":8,"key":"DuplicationPotion"},{"floor":14,"key":"DuplicationPotion"},{"floor":18,"key":"FearPotion"},{"floor":23,"key":"LiquidBronze"},{"floor":25,"key":"Fruit Juice"},{"floor":25,"key":"PowerPotion"},{"floor":30,"key":"Energy Potion"},{"floor":33,"key":"Ambrosia"},{"floor":33,"key":"DistilledChaos"}],"is_trial":false,"path_per_floor":["M","$","?","?","?","E","?","E","T","?","E","?","R","E","R","B",null,"M","?","$","?","?","E","?","E","T","R","E","$","E","$","R","B",null,"M","?","?","?","T","E","R","$","T","E","$","?","?","?","R","B",null],"character_chosen":"WATCHER","items_purchased":["LessonLearned","HandOfGreed","Bag of Preparation","Whetstone","Vajra","ThornShield","Sling","BirthdayGift-Icosahedron","ZombieArmy","Happy Flower","Lantern","ClockworkSouvenir","Medical Kit","Fruit Juice","DaCapo","PreservedInsect","ChiLing","SynthV","vexMod:Dragonfruit","CeramicFish","HornCleat","conspire:Boomerang","TheAbacus","Omamori","MagicDraw3"],"campfire_rested":1,"item_purchase_floors":[2,2,2,2,15,15,15,15,20,20,20,20,20,20,29,29,29,31,31,31,42,42,42,42,45],"current_hp_per_floor":[70,70,70,56,45,59,59,59,59,59,59,59,84,85,85,86,96,96,87,101,81,81,82,82,88,88,88,82,97,98,116,116,105,116,116,116,116,116,116,116,116,116,116,116,116,116,116,116,116,116],"gold":81,"neow_bonus":"BOSS_RELIC","is_daily":false,"chose_seed":false,"campfire_upgraded":4,"win_rate":0.0,"timestamp":1610631669,"path_taken":["M","$","?","?","?","E","?","E","T","?","E","?","R","E","R","BOSS","M","?","?","?","?","E","?","E","T","R","E","$","E","$","R","BOSS","M","?","?","?","?","E","R","$","T","E","$","?","?","?","R","BOSS"],"items_purchased_type":["Card","Card","Relic","Relic","Relic","Relic","Relic","Relic","Relic","Relic","Relic","Relic","Relic","Potion","Relic","Relic","Relic","Relic","Relic","Relic","Relic","Relic","Relic","Relic","Relic"],"build_version":"2020-12-22","purchased_purges":14,"victory":true,"max_hp_per_floor":[72,72,72,72,72,86,86,86,86,86,86,86,86,96,96,96,96,96,96,101,106,106,106,106,111,111,111,111,111,111,116,116,116,116,116,116,116,116,116,116,116,116,116,116,116,116,116,116,116,116],"card_choices":[{"not_picked":["Nirvana","PathToVictory"],"picked":"Adaptation","floor":1},{"not_picked":["Prostrate","ClearTheMind","SpiritShield","Evaluate","CrushJoints"],"picked":"SKIP","floor":6},{"not_picked":["FearNoEvil","SashWhip","Prostrate","Protect","LikeWater"],"picked":"SKIP","floor":8},{"not_picked":["Prostrate","WreathOfFlame","MostiFishMod:LegendTransform","ReachHeaven","DeceiveReality"],"picked":"SKIP","floor":11},{"not_picked":["Prostrate","Study","DeceiveReality","Pray"],"picked":"Tantrum","floor":14},{"not_picked":["SpiritShield","MostiFishMod:Disappear","Judgement","Brilliance"],"picked":"MostiFishMod:StarWish","floor":16},{"not_picked":["MentalFortress","CutThroughFate","Worship","MostiFishMod:Nomercy","FollowUp"],"picked":"SKIP","floor":18},{"not_picked":["Conclude+1","FlyingSleeves","FlurryOfBlows","DeceiveReality","Adaptation+1"],"picked":"SKIP","floor":23},{"not_picked":["MostiFishMod:Speedup","MostiFishMod:PathToVictory","Worship","Perseverance"],"picked":"Establishment","floor":25},{"not_picked":["CutThroughFate+1","MostiFishMod:Speedup","Evaluate+1","MostiFishMod:CyberBuddha","Fasting2"],"picked":"SKIP","floor":28},{"not_picked":["Evaluate","FollowUp","EmptyBody","Collect","Protect"],"picked":"SKIP","floor":30},{"not_picked":["JustLucky+1","Prostrate","Halt+1","Protect","Study"],"picked":"SKIP","floor":35},{"not_picked":["JustLucky+1","Prostrate","Halt+1","Protect","Study"],"picked":"SKIP","floor":35},{"not_picked":["Meditate+1","MostiFishMod:StarLaLaLa","JustLucky+1","Perseverance","FollowUp+1"],"picked":"SKIP","floor":40},{"not_picked":["MentalFortress","Evaluate","Tantrum","Crescendo+1","CutThroughFate+1"],"picked":"SKIP","floor":44}],"player_experience":66248,"relics_obtained":[{"floor":1,"key":"SynthV:TestCard"},{"floor":1,"key":"Baka"},{"floor":6,"key":"Mango"},{"floor":8,"key":"Juzu Bracelet"},{"floor":11,"key":"MealTicket"},{"floor":12,"key":"Anchor"},{"floor":14,"key":"Pear"},{"floor":23,"key":"SynthV:C4"},{"floor":25,"key":"Baka2"},{"floor":25,"key":"Dream Catcher"},{"floor":26,"key":"Shuriken"},{"floor":28,"key":"Ornamental Fan"},{"floor":30,"key":"Tiny Chest"},{"floor":37,"key":"Orichalcum"},{"floor":39,"key":"conspire:Flyswatter"},{"floor":40,"key":"Boot"},{"floor":43,"key":"Bag of Marbles"},{"floor":44,"key":"MawBank"},{"floor":47,"key":"Ginger"}],"event_choices":[{"damage_healed":0,"gold_gain":0,"player_choice":"Leave","damage_taken":0,"max_hp_gain":0,"max_hp_loss":0,"event_name":"conspire:Investor","floor":3,"gold_loss":0},{"damage_healed":0,"gold_gain":0,"player_choice":"Entered Light","damage_taken":14,"max_hp_gain":0,"max_hp_loss":0,"event_name":"Shining Light","floor":4,"gold_loss":0,"cards_upgraded":["Strike_P","Vigilance"]},{"damage_healed":0,"gold_gain":75,"player_choice":"Gather Gold","damage_taken":11,"max_hp_gain":0,"max_hp_loss":0,"event_name":"World of Goop","floor":5,"gold_loss":0},{"damage_healed":0,"gold_gain":0,"player_choice":"Forge","damage_taken":0,"max_hp_gain":0,"max_hp_loss":0,"event_name":"Accursed Blacksmith","floor":10,"gold_loss":0,"cards_upgraded":["Adaptation"]},{"damage_healed":0,"gold_gain":0,"player_choice":"Searched \u00271\u0027 times","damage_taken":0,"max_hp_gain":0,"max_hp_loss":0,"event_name":"Dead Adventurer","floor":12,"gold_loss":0},{"damage_healed":0,"gold_gain":75,"player_choice":"Touch","damage_taken":9,"max_hp_gain":0,"max_hp_loss":0,"event_name":"FaceTrader","floor":19,"gold_loss":0},{"damage_healed":0,"gold_gain":0,"player_choice":"Shed Blood","damage_taken":25,"max_hp_gain":5,"max_hp_loss":0,"event_name":"Forgotten Altar","floor":21,"gold_loss":0},{"damage_healed":0,"gold_gain":0,"player_choice":"Opened","damage_taken":0,"relics_obtained":["conspire:InfiniteJournal"],"max_hp_gain":0,"max_hp_loss":0,"event_name":"The Mausoleum","floor":22,"gold_loss":0,"cards_obtained":["Writhe"]},{"damage_healed":0,"gold_gain":0,"player_choice":"Ignored","damage_taken":0,"max_hp_gain":0,"max_hp_loss":0,"event_name":"Ghosts","floor":24,"gold_loss":0},{"damage_healed":0,"gold_gain":0,"player_choice":"Memory 1","damage_taken":0,"max_hp_gain":0,"max_hp_loss":0,"event_name":"SensoryStone","floor":36,"gold_loss":0},{"damage_healed":29,"gold_gain":0,"player_choice":"Writhe","damage_taken":0,"max_hp_gain":0,"max_hp_loss":0,"event_name":"Winding Halls","floor":38,"gold_loss":0,"cards_obtained":["Writhe"]},{"damage_healed":0,"gold_gain":0,"player_choice":"Paid","damage_taken":0,"relics_obtained":["Red Mask"],"max_hp_gain":0,"max_hp_loss":0,"event_name":"Tomb of Lord Red Mask","floor":46,"gold_loss":101},{"damage_healed":0,"gold_gain":0,"player_choice":"Fight","damage_taken":0,"max_hp_gain":0,"max_hp_loss":0,"event_name":"Mysterious Sphere","floor":47,"gold_loss":0},{"damage_healed":0,"gold_gain":0,"player_choice":"Ignored","damage_taken":0,"max_hp_gain":0,"max_hp_loss":0,"event_name":"OrinTheCat","floor":48,"gold_loss":0}],"is_beta":false,"boss_relics":[{"not_picked":["xbg","FixedStarFall"],"picked":"conspire:RunicOctahedron"},{"not_picked":["Busted Crown","GreenFoldingFan"],"picked":"construct:WeddingRing"}],"items_purged_floors":[2,15,15,15,15,20,20,20,29,29,29,42,42,42],"is_endless":false,"potions_floor_spawned":[1,1,8,14,16,16,18,23,25,25,28,30,30,33,33,33,37,40,40,40,44,47],"ascension_level":1}}