{"host":"840yoaz69lavfcgt","time":1610597406,"event":{"mods":["BaseMod","Colored Powertips","DeckTracker","Highlight Path","Minty Spire (QoL Compilation)","Synergy Search"],"gold_per_floor":[113,131,37,37,48,83,96,96,96,130,9,9,20,51,51,146,146,158,3,16,16,4,4,19,51,78,89,99,99,99],"floor_reached":29,"language":"ENG","playtime":2123,"items_purged":[],"score":290,"play_id":"df5caa8b-dbcf-488a-88fa-c1a2c416ebce","local_time":"20210113231006","is_ascension_mode":false,"campfire_choices":[{"floor":12,"key":"REST"},{"floor":15,"key":"REST"},{"data":"Terror","floor":23,"key":"SMITH"}],"circlet_count":0,"master_deck":["Strike_G","Strike_G","Strike_G","Strike_G","Strike_G","Defend_G","Defend_G","Defend_G","Defend_G","Defend_G","Survivor","Neutralize","Trip","Dagger Throw","Blade Dance","Underhanded Strike","Infinite Blades","Terror+1","Catalyst","Deflect","Underhanded Strike","Corpse Explosion","Slice","Outmaneuver","Flying Knee","Corpse Explosion","Deadly Poison","Footwork+1","Deflect","Dash","All Out Attack","Sucker Punch+1","Prepared"],"relics":["Ring of the Snake","White Beast Statue","Pocketwatch","StrikeDummy","Bottled Lightning","Bag of Marbles","Busted Crown","Membership Card","Lantern","Bag of Preparation"],"acts_visited":["Exordium","TheCity"],"potions_floor_usage":[10,14,18,20,24,25,27,28,29,29,29],"damage_taken":[{"damage":0,"enemies":"Small Slimes","floor":1,"turns":5},{"damage":0,"enemies":"Cultist","floor":2,"turns":4},{"damage":3,"enemies":"Jaw Worm","floor":5,"turns":2},{"damage":31,"enemies":"3 Sentries","floor":6,"turns":8},{"damage":12,"enemies":"Red Slaver","floor":7,"turns":3},{"damage":0,"enemies":"Gremlin Nob","floor":10,"turns":2},{"damage":6,"enemies":"Exordium Thugs","floor":13,"turns":4},{"damage":8,"enemies":"Lagavulin","floor":14,"turns":4},{"damage":31,"enemies":"The Guardian","floor":16,"turns":10},{"damage":0,"enemies":"Chosen","floor":18,"turns":3},{"damage":23,"enemies":"2 Thieves","floor":20,"turns":4},{"damage":5,"enemies":"Chosen and Byrds","floor":24,"turns":4},{"damage":32,"enemies":"Slavers","floor":25,"turns":2},{"damage":4,"enemies":"Snecko","floor":27,"turns":3},{"damage":12,"enemies":"Shelled Parasite and Fungi","floor":28,"turns":4},{"damage":18,"enemies":"Gremlin Leader","floor":29,"turns":4}],"seed_played":"7498465676933288928","potions_obtained":[{"floor":1,"key":"DistilledChaos"},{"floor":7,"key":"LiquidBronze"},{"floor":10,"key":"Strength Potion"},{"floor":13,"key":"Block Potion"},{"floor":14,"key":"CultistPotion"},{"floor":16,"key":"AttackPotion"},{"floor":18,"key":"BlessingOfTheForge"},{"floor":20,"key":"LiquidMemories"},{"floor":24,"key":"GamblersBrew"},{"floor":25,"key":"SkillPotion"},{"floor":27,"key":"SkillPotion"},{"floor":28,"key":"Dexterity Potion"}],"is_trial":false,"path_per_floor":["M","M","$","?","M","E","M","?","T","E","$","R","M","E","R","B",null,"M","$","M","?","$","R","M","E","T","M","M","E"],"character_chosen":"THE_SILENT","items_purchased":["Underhanded Strike","Infinite Blades","Corpse Explosion","Slice","Membership Card","Deflect"],"campfire_rested":2,"item_purchase_floors":[3,3,11,11,19,22],"current_hp_per_floor":[70,70,70,70,67,36,24,24,24,24,24,45,39,31,52,21,70,70,70,47,70,70,70,65,33,33,29,17,0,0],"gold":99,"neow_bonus":"RANDOM_COLORLESS","is_daily":false,"chose_seed":false,"campfire_upgraded":1,"win_rate":0.0,"timestamp":1610597406,"path_taken":["M","M","$","?","?","E","M","?","T","E","$","R","M","E","R","BOSS","M","?","M","?","?","R","M","E","T","M","M","E"],"items_purchased_type":["Card","Card","Card","Card","Relic","Card"],"build_version":"2020-12-22","purchased_purges":0,"victory":false,"max_hp_per_floor":[70,70,70,70,70,70,70,70,70,70,70,70,70,70,70,70,70,70,70,70,70,70,70,70,70,70,70,70,70,70],"card_choices":[{"not_picked":["Finesse","Panacea"],"picked":"Trip","floor":0},{"not_picked":["Blade Dance","Masterful Stab"],"picked":"Dagger Throw","floor":1},{"not_picked":["Flying Knee","Skewer"],"picked":"Blade Dance","floor":2},{"not_picked":["Sucker Punch","Underhanded Strike"],"picked":"Terror","floor":5},{"not_picked":["Footwork","Underhanded Strike"],"picked":"Catalyst","floor":6},{"not_picked":["Heel Hook","Sucker Punch"],"picked":"Deflect","floor":7},{"not_picked":["Sucker Punch","Envenom"],"picked":"Underhanded Strike","floor":10},{"not_picked":["Reflex","Predator"],"picked":"Outmaneuver","floor":13},{"not_picked":["Bane","Venomology"],"picked":"Flying Knee","floor":14},{"not_picked":["Night Terror","Tools of the Trade"],"picked":"Corpse Explosion","floor":16},{"not_picked":[],"picked":"Deadly Poison","floor":18},{"not_picked":[],"picked":"Footwork+1","floor":20},{"not_picked":[],"picked":"Dash","floor":24},{"not_picked":[],"picked":"All Out Attack","floor":25},{"not_picked":[],"picked":"Sucker Punch+1","floor":27},{"not_picked":[],"picked":"Prepared","floor":28}],"player_experience":191367,"relics_obtained":[{"floor":6,"key":"White Beast Statue"},{"floor":9,"key":"StrikeDummy"},{"floor":10,"key":"Bottled Lightning"},{"floor":14,"key":"Bag of Marbles"},{"floor":25,"key":"Lantern"},{"floor":26,"key":"Bag of Preparation"}],"event_choices":[{"damage_healed":0,"gold_gain":0,"player_choice":"Ignored","damage_taken":0,"max_hp_gain":0,"max_hp_loss":0,"event_name":"Purifier","floor":4,"gold_loss":0},{"damage_healed":0,"gold_gain":0,"player_choice":"Gave Potion","damage_taken":0,"relics_obtained":["Pocketwatch"],"max_hp_gain":0,"max_hp_loss":0,"event_name":"WeMeetAgain","floor":8,"gold_loss":0},{"damage_healed":23,"gold_gain":0,"player_choice":"Heal","damage_taken":0,"max_hp_gain":0,"max_hp_loss":0,"event_name":"The Library","floor":21,"gold_loss":0}],"is_beta":false,"boss_relics":[{"not_picked":["Empty Cage","Sozu"],"picked":"Busted Crown"}],"items_purged_floors":[],"is_endless":false,"potions_floor_spawned":[1,7,10,13,14,16,18,20,24,25,27,28],"killed_by":"Gremlin Leader","ascension_level":0}}