{"host":"9kesdg97wkrx2bva","time":1610606640,"event":{"mods":["AchievementEnabler","BaseMod","Colored Map","Downfall","GifTheSpireLib","Infinite Spire","Minty Spire (QoL Compilation)","Replay The Spire","StSLib"],"gold_per_floor":[112,37,49,65,65,65,95,95,95,43,61,89,89,89,89,164,164,180,29,44,44,56,56,56,56],"floor_reached":24,"language":"ENG","playtime":529,"items_purged":["Strike_B","Strike_B"],"score":367,"play_id":"21d47dab-8567-4584-9964-04899e152b26","local_time":"20210114014400","is_ascension_mode":true,"campfire_choices":[{"data":"Streamline","floor":6,"key":"SMITH"},{"data":"Zap","floor":8,"key":"SMITH"},{"floor":13,"key":"REST"},{"data":"Buffer","floor":15,"key":"SMITH"},{"floor":23,"key":"REST"}],"circlet_count":0,"master_deck":["AscendersBane","Strike_B","Defend_B","Defend_B","Defend_B","Defend_B","Zap+1","Dualcast","Streamline+1","Conserve Battery","Ball Lightning","Buffer+1","Streamline","White Noise","Force Field","Machine Learning","Rebound","Gash","White Noise","Defragment+1"],"relics":["Cracked Core","NeowsBlessing","Shovel","infinitespire:ShieldingShard","Replay:Accelerometer","Velvet Choker"],"acts_visited":["Exordium","TheCity"],"potions_floor_usage":[7,12,16,24],"damage_taken":[{"damage":0,"enemies":"Cultist","floor":1,"turns":1},{"damage":0,"enemies":"Small Slimes","floor":3,"turns":1},{"damage":0,"enemies":"Jaw Worm","floor":4,"turns":1},{"damage":24,"enemies":"Gremlin Nob","floor":7,"turns":4},{"damage":4,"enemies":"Exordium Wildlife","floor":11,"turns":4},{"damage":27,"enemies":"3 Sentries","floor":12,"turns":6},{"damage":24,"enemies":"The Guardian","floor":16,"turns":11},{"damage":17,"enemies":"2 Thieves","floor":18,"turns":4},{"damage":0,"enemies":"Chosen","floor":20,"turns":4},{"damage":27,"enemies":"Snake Plant","floor":22,"turns":4},{"damage":41,"enemies":"Shelled Parasite and Fungi","floor":24,"turns":5}],"seed_played":"2898004928843757563","potions_obtained":[{"floor":1,"key":"Weak Potion"},{"floor":11,"key":"EssenceOfSteel"},{"floor":12,"key":"Weak Potion"},{"floor":22,"key":"Weak Potion"}],"is_trial":false,"path_per_floor":["M","$","M","M","?","R","E","R","T","$","M","E","R","$","R","B",null,"M","$","M","?","M","R","M"],"character_chosen":"DEFECT","items_purchased":["Streamline","Gash"],"campfire_rested":2,"item_purchase_floors":[10,19],"current_hp_per_floor":[64,64,64,64,64,64,40,40,40,40,36,9,30,30,30,6,55,38,38,38,38,11,32,0,0],"gold":56,"neow_bonus":"THREE_ENEMY_KILL","is_daily":false,"chose_seed":false,"campfire_upgraded":3,"win_rate":0.0,"timestamp":1610606640,"path_taken":["M","$","?","M","?","R","E","R","T","?","M","E","R","$","R","BOSS","M","$","M","?","M","R","M"],"items_purchased_type":["Card","Card"],"build_version":"2020-12-22","purchased_purges":2,"victory":false,"max_hp_per_floor":[71,71,71,71,71,71,71,71,71,71,71,71,71,71,71,71,71,71,71,71,71,71,71,71,71],"card_choices":[{"not_picked":["Stack","Cold Snap"],"picked":"Streamline","floor":1},{"not_picked":["Biased Cognition","Steam"],"picked":"Conserve Battery","floor":3},{"not_picked":["Panic Button","ReplayTheSpireMod:Repulse"],"picked":"Ball Lightning","floor":4},{"not_picked":["Redo","Ball Lightning"],"picked":"Buffer","floor":7},{"not_picked":["Heatsinks","Beam Cell"],"picked":"White Noise","floor":11},{"not_picked":["Recycle","Compile Driver"],"picked":"Force Field","floor":12},{"not_picked":["Core Surge","Meteor Strike"],"picked":"Machine Learning","floor":16},{"not_picked":["Rip and Tear","Recycle"],"picked":"Rebound","floor":18},{"not_picked":["Barrage","Rebound","Tempest"],"picked":"SKIP","floor":20},{"not_picked":["Cold Snap","Redo"],"picked":"Defragment+1","floor":22}],"player_experience":931195,"relics_obtained":[{"floor":7,"key":"Shovel"},{"floor":9,"key":"infinitespire:ShieldingShard"},{"floor":12,"key":"Replay:Accelerometer"}],"event_choices":[{"cards_removed":["Strike_B"],"damage_healed":0,"gold_gain":0,"player_choice":"Purged","damage_taken":0,"max_hp_gain":0,"max_hp_loss":0,"event_name":"Purifier","floor":5,"gold_loss":0},{"damage_healed":0,"gold_gain":0,"player_choice":"Read","damage_taken":0,"max_hp_gain":0,"max_hp_loss":0,"event_name":"The Library","floor":21,"gold_loss":0,"cards_obtained":["White Noise"]}],"is_beta":false,"boss_relics":[{"not_picked":["SacredBark","Pandora\u0027s Box"],"picked":"Velvet Choker"}],"items_purged_floors":[2,19],"is_endless":false,"potions_floor_spawned":[1,11,12,22],"killed_by":"Shelled Parasite and Fungi","ascension_level":16}}