{"host":"tom9euzqew4po1rs","time":1610663468,"event":{"mods":["BaseMod","Curses Come First","Downfall","Minty Spire (QoL Compilation)","Quick Restart","Rare Cards Sparkle","Replay The Spire","StSLib"],"gold_per_floor":[99,99,99,116,127,145,145,145,158,158,178,191,216,230,248,345,345,195,214,234,252,263,263,288,308,318,330,346,346,360,374,393,496,496,421,434,450,450,503,603,603,614,628,643,660,30,50,66,76,76],"floor_reached":51,"language":"ENG","playtime":5989,"items_purged":[],"score":721,"play_id":"ac67b1d9-da55-40e5-8cf3-e31c91298536","local_time":"20210114173108","is_ascension_mode":false,"campfire_choices":[{"floor":1,"key":"DIG"},{"floor":8,"key":"REST"},{"floor":29,"key":"RECALL"},{"data":"Guardian:SphericShield","floor":35,"key":"SMITH"}],"circlet_count":0,"master_deck":["Guardian:Defend_Guardian","Guardian:Defend_Guardian","Guardian:Defend_Guardian","Guardian:Defend_Guardian","Guardian:CurlUp","Guardian:TwinSlam","Guardian:TimeSifter","Guardian:Gem_Green","Guardian:TemporalStrike","Guardian:PiercingHide+1","Guardian:SpikerProtocol","Guardian:RevengeProtocol","Guardian:TemporalStrike","Guardian:TimeSifter","Guardian:SpikerProtocol","Guardian:SphericShield+1","Guardian:Planning","Guardian:TimeCapacitor","Guardian:BronzeOrb","Guardian:ShieldCharger","Bite","Bite","Bite","Bite","Bite","Guardian:Suspension","Guardian:Repulse","Guardian:GuardianWhirl+1","Guardian:Gem_Lightblue","Guardian:TimeBomb","Guardian:Gem_Red","Guardian:Planning+1","Guardian:TemporalShield","Guardian:ArmoredProtocol+1","Guardian:Preprogram","Guardian:DonusPower+1","Guardian:BronzeOrb+1","Guardian:WalkerClaw+1","Guardian:WalkerClaw+1","Guardian:BronzeOrb","Guardian:ChargeCore","expansioncontent:ManipulateTime","Guardian:Gem_Red","Guardian:Gem_Cyan","Guardian:Preprogram+1","Guardian:Gem_Green","Guardian:WalkerClaw"],"relics":["Guardian:ModeShifter","ReplayFunnel","Guardian:PickAxe","WarpedTongs","Orichalcum","Painkiller Herb","downfall:HeartBlessingGreen","downfall:HeartBlessingBlue","Regal Pillow","Sozu","downfall:HeartBlessingRed","Bird Faced Urn","White Beast Statue","ReplayTheSpireMod:Ninjato","Onion Ring","TheAbacus"],"acts_visited":["Exordium","TheCity","TheBeyond"],"potions_floor_usage":[6,9,13,13,16,22,27,28,33],"damage_taken":[{"damage":3,"enemies":"downfall:Ironclad","floor":2,"turns":7},{"damage":4,"enemies":"Small Slimes","floor":4,"turns":4},{"damage":7,"enemies":"2 Louse","floor":5,"turns":4},{"damage":4,"enemies":"Cultist","floor":6,"turns":2},{"damage":0,"enemies":"Lots of Slimes","floor":9,"turns":2},{"damage":0,"enemies":"Exordium Wildlife","floor":11,"turns":5},{"damage":6,"enemies":"Blue Slaver","floor":12,"turns":3},{"damage":7,"enemies":"Lagavulin","floor":13,"turns":8},{"damage":2,"enemies":"3 Louse","floor":14,"turns":2},{"damage":15,"enemies":"Exordium Thugs","floor":15,"turns":6},{"damage":11,"enemies":"downfall:Watcher","floor":16,"turns":9},{"damage":0,"enemies":"3 Byrds","floor":19,"turns":3},{"damage":2,"enemies":"Centurion and Healer","floor":20,"turns":8},{"damage":18,"enemies":"Snecko","floor":21,"turns":7},{"damage":11,"enemies":"Cultist and Chosen","floor":22,"turns":7},{"damage":0,"enemies":"Snake Plant","floor":25,"turns":4},{"damage":2,"enemies":"Shelled Parasite and Fungi","floor":26,"turns":7},{"damage":1,"enemies":"3 Cultists","floor":27,"turns":7},{"damage":0,"enemies":"Sentry and Sphere","floor":28,"turns":6},{"damage":0,"enemies":"Snake Plant","floor":30,"turns":4},{"damage":0,"enemies":"Centurion and Healer","floor":31,"turns":6},{"damage":0,"enemies":"Cultist and Chosen","floor":32,"turns":8},{"damage":30,"enemies":"downfall:Ironclad","floor":33,"turns":11},{"damage":24,"enemies":"3 Shapes","floor":36,"turns":6},{"damage":17,"enemies":"3 Darklings","floor":37,"turns":6},{"damage":27,"enemies":"2 Orb Walkers","floor":39,"turns":8},{"damage":0,"enemies":"downfall:LadyInBlue","floor":40,"turns":12},{"damage":0,"enemies":"Sphere and 2 Shapes","floor":42,"turns":8},{"damage":3,"enemies":"4 Shapes","floor":43,"turns":8},{"damage":17,"enemies":"3 Darklings","floor":44,"turns":4},{"damage":2,"enemies":"Sphere and 2 Shapes","floor":45,"turns":5},{"damage":0,"enemies":"downfall:FleeingMerchant","floor":46,"turns":4},{"damage":0,"enemies":"Transient","floor":47,"turns":5},{"damage":3,"enemies":"3 Darklings","floor":48,"turns":5},{"damage":12,"enemies":"Spire Growth","floor":49,"turns":5},{"damage":49,"enemies":"downfall:Silent","floor":50,"turns":11}],"seed_played":"-7684976403575613722","potions_obtained":[{"floor":4,"key":"Slimebound:ThreeZeroPotion"},{"floor":5,"key":"AttackPotion"},{"floor":9,"key":"LiquidBronze"},{"floor":11,"key":"Languid Potion"},{"floor":14,"key":"Languid Potion"},{"floor":21,"key":"FearPotion"},{"floor":25,"key":"Energy Potion"},{"floor":26,"key":"Strength Potion"},{"floor":28,"key":"Elixir"},{"floor":30,"key":"Milkshake"}],"is_trial":false,"path_per_floor":["R","?","?","M","M","M","T","R","M","?","M","M","E","M","M","B",null,"T","?","?","?","?","?","T","?","?","?","?","T","?","?","?","B",null,"T","?","?","?","?","?","T","?","?","?","?","T","?","?","?","B",null],"character_chosen":"GUARDIAN","items_purchased":["Onion Ring","TheAbacus","Guardian:ChargeCore","expansioncontent:ManipulateTime","Guardian:Gem_Red","Guardian:Gem_Cyan"],"campfire_rested":1,"item_purchase_floors":[46,46,46,46,46,46],"current_hp_per_floor":[56,35,35,31,24,20,20,44,44,44,44,38,31,29,14,3,80,90,90,88,70,59,59,59,62,62,62,62,62,62,62,62,47,62,62,38,33,33,18,62,62,62,62,52,62,62,62,59,56,45],"gold":76,"neow_bonus":"THREE_RARE_CARDS","is_daily":false,"chose_seed":false,"campfire_upgraded":1,"win_rate":0.0,"timestamp":1610663468,"path_taken":["R","?","?","?","M","M","T","R","M","?","M","M","E","M","M","BOSS","T","?","?","?","?","?","T","?","?","?","?","T","?","?","?","BOSS","T","?","?","?","?","?","T","?","?","?","?","T","?","?","?","BOSS"],"items_purchased_type":["Relic","Relic","Card","Card","Card","Card"],"build_version":"2020-12-22","purchased_purges":0,"victory":true,"max_hp_per_floor":[80,80,80,80,80,80,80,80,80,80,80,80,80,80,80,80,80,90,90,90,90,90,62,62,62,62,62,62,62,62,62,62,62,62,62,62,62,62,62,62,62,62,62,62,62,62,62,62,62,62],"card_choices":[{"not_picked":["Guardian:ConstructionForm","Guardian:Gem_Orange"],"picked":"Guardian:TimeSifter","floor":0},{"not_picked":["Guardian:RollAttack","Guardian:PrismaticBeam"],"picked":"Guardian:TemporalStrike","floor":4},{"not_picked":["Guardian:EvasiveProtocol","Guardian:Gem_White"],"picked":"Guardian:PiercingHide","floor":5},{"not_picked":["Guardian:Reroute","Guardian:PiercingHide"],"picked":"Guardian:Gem_Cyan","floor":6},{"not_picked":["Guardian:CrystalBeam","Guardian:Gem_Cyan"],"picked":"Guardian:SpikerProtocol","floor":9},{"not_picked":["Guardian:Gem_Purple","Guardian:Emergency"],"picked":"Guardian:RevengeProtocol","floor":11},{"not_picked":["Guardian:Planning","Guardian:Gem_Lightblue"],"picked":"Guardian:TemporalStrike","floor":12},{"not_picked":["Guardian:RollAttack","Guardian:PolyBeam"],"picked":"Guardian:TimeSifter","floor":13},{"not_picked":["Guardian:VentSteam","Guardian:CrystalBeam"],"picked":"Guardian:Gem_Green","floor":14},{"not_picked":["Guardian:PiercingHide","Guardian:Incinerate"],"picked":"Guardian:SpikerProtocol","floor":15},{"not_picked":["Guardian:HyperBeam_Guardian","Guardian:ExploitGems"],"picked":"Guardian:SphericShield","floor":16},{"not_picked":["Guardian:Reroute+1","Guardian:Gem_Red"],"picked":"Guardian:Planning","floor":19},{"not_picked":["Guardian:SpikerProtocol","Guardian:DecasProtection+1"],"picked":"Guardian:TimeCapacitor","floor":20},{"not_picked":["Guardian:Harden","Guardian:Gem_Crimson"],"picked":"Guardian:BronzeOrb","floor":21},{"not_picked":["Guardian:ChargeCore","Guardian:BronzeArmor+1"],"picked":"Guardian:ShieldCharger","floor":22},{"not_picked":["Guardian:Gem_White","Guardian:ShieldSpikes"],"picked":"Guardian:Suspension","floor":25},{"not_picked":["Guardian:RollAttack","Guardian:ChargeCore"],"picked":"Guardian:Repulse","floor":26},{"not_picked":["Guardian:VentSteam","Guardian:StasisStrike"],"picked":"Guardian:GuardianWhirl+1","floor":27},{"not_picked":["Guardian:MultiBeam","Guardian:PiercingHide"],"picked":"Guardian:Gem_Lightblue","floor":28},{"not_picked":["Guardian:PiercingHide","Guardian:Repulse"],"picked":"Guardian:TimeBomb","floor":30},{"not_picked":["Guardian:TemporalShield","Guardian:Planning+1"],"picked":"Guardian:Gem_Red","floor":31},{"not_picked":["Guardian:Gem_Purple","Guardian:Suspension"],"picked":"Guardian:Gem_Crimson","floor":32},{"not_picked":["Guardian:ConstructionForm","Guardian:HyperBeam_Guardian"],"picked":"Guardian:Gem_Orange","floor":33},{"not_picked":["Guardian:ArmoredProtocol","Guardian:Gem_Lightblue"],"picked":"Guardian:Planning+1","floor":36},{"not_picked":["Guardian:RefractedBeam+1","Guardian:Incinerate+1"],"picked":"Guardian:TemporalShield","floor":37},{"not_picked":["Guardian:Gem_Green","Guardian:Suspension+1"],"picked":"Guardian:ArmoredProtocol+1","floor":39},{"not_picked":["Guardian:Recover","Guardian:Clone"],"picked":"Guardian:Preprogram","floor":40},{"not_picked":["Guardian:HyperBeam_Guardian","Guardian:PiercingHide+1"],"picked":"Guardian:DonusPower+1","floor":42},{"not_picked":["Guardian:TemporalShield+1","Guardian:Suspension"],"picked":"Guardian:BronzeOrb+1","floor":43},{"not_picked":["Guardian:Recover","Guardian:PrimingBeam+1"],"picked":"Guardian:WalkerClaw+1","floor":44},{"not_picked":["Guardian:Incinerate+1","Guardian:RefractedBeam+1"],"picked":"Guardian:WalkerClaw+1","floor":45},{"not_picked":["Guardian:Gem_Synthetic","Guardian:TemporalShield+1"],"picked":"Guardian:BronzeOrb","floor":46},{"not_picked":["Guardian:PiercingHide","Guardian:Reroute"],"picked":"Guardian:Preprogram+1","floor":47},{"not_picked":["Guardian:PrimingBeam+1","Guardian:PrismaticBeam"],"picked":"Guardian:Gem_Green","floor":48},{"not_picked":["Guardian:Recover+1","Guardian:BaubleBeam"],"picked":"Guardian:WalkerClaw","floor":49}],"player_experience":127921,"relics_obtained":[{"floor":1,"key":"ReplayFunnel"},{"floor":13,"key":"Orichalcum"},{"floor":24,"key":"Regal Pillow"},{"floor":39,"key":"Bird Faced Urn"},{"floor":40,"key":"White Beast Statue"},{"floor":41,"key":"ReplayTheSpireMod:Ninjato"}],"event_choices":[{"cards_removed":["Pain"],"damage_healed":0,"gold_gain":0,"player_choice":"Purged","damage_taken":0,"max_hp_gain":0,"max_hp_loss":0,"event_name":"Purifier","floor":10,"gold_loss":0},{"damage_healed":0,"gold_gain":0,"player_choice":"Became a vampire","damage_taken":0,"max_hp_gain":0,"max_hp_loss":28,"event_name":"Vampires","floor":23,"gold_loss":0,"cards_obtained":["Bite","Bite","Bite","Bite","Bite"]},{"damage_healed":0,"gold_gain":0,"player_choice":"Fight","damage_taken":0,"max_hp_gain":0,"max_hp_loss":0,"event_name":"Mysterious Sphere","floor":39,"gold_loss":0}],"is_beta":false,"boss_relics":[{"not_picked":["ReplayTheSpireMod:DimensionalGlitch","Ring of Chaos"],"picked":"Painkiller Herb"},{"not_picked":["Replay:Bronze Core","Philosopher\u0027s Stone"],"picked":"Sozu"}],"items_purged_floors":[],"is_endless":false,"potions_floor_spawned":[4,5,9,11,14,21,25,26,28,30,40,42,43,44,45,46,47,48,49],"ascension_level":0}}