{"host":"h4390p13uu6iw1q5","time":1610598162,"event":{"mods":["BaseMod","Colored Map","Minty Spire (QoL Compilation)"],"gold_per_floor":[110,60,76,91,91,91,103,131,155,173,173,201,215,229,229,334,334,334,354,354,373,373,373,373,373],"floor_reached":24,"language":"ENG","playtime":1441,"items_purged":[],"score":315,"play_id":"412ef07d-79a4-43cd-b71f-5e9899f11db6","local_time":"20210113232242","is_ascension_mode":true,"campfire_choices":[{"data":"Perfected Strike","floor":6,"key":"SMITH"},{"data":"True Grit","floor":11,"key":"SMITH"},{"data":"Berserk","floor":15,"key":"SMITH"},{"floor":23,"key":"REST"}],"circlet_count":0,"master_deck":["AscendersBane","Strike_R+1","Strike_R+1","Strike_R+1","Defend_R+1","Defend_R+1","Bash","Perfected Strike+1","Battle Trance","Berserk+1","True Grit+1","Dual Wield","Dropkick","Barricade","Armaments+1","Blood for Blood","Ghostly Armor"],"relics":["Burning Blood","Pocketwatch","Blood Vial","Centennial Puzzle","Bag of Preparation","Empty Cage"],"acts_visited":["Exordium","TheCity"],"potions_floor_usage":[8,8,10,16,18,21,24],"damage_taken":[{"damage":0,"enemies":"Small Slimes","floor":1,"turns":3},{"damage":4,"enemies":"Jaw Worm","floor":3,"turns":4},{"damage":1,"enemies":"Cultist","floor":4,"turns":3},{"damage":6,"enemies":"Blue Slaver","floor":7,"turns":6},{"damage":14,"enemies":"Gremlin Nob","floor":8,"turns":4},{"damage":7,"enemies":"Looter","floor":10,"turns":4},{"damage":7,"enemies":"Lagavulin","floor":12,"turns":7},{"damage":1,"enemies":"2 Fungi Beasts","floor":13,"turns":3},{"damage":10,"enemies":"Exordium Wildlife","floor":14,"turns":4},{"damage":26,"enemies":"Slime Boss","floor":16,"turns":11},{"damage":3,"enemies":"3 Byrds","floor":18,"turns":2},{"damage":35,"enemies":"Chosen","floor":19,"turns":5},{"damage":36,"enemies":"Snake Plant","floor":21,"turns":5},{"damage":39,"enemies":"Slavers","floor":24,"turns":2}],"seed_played":"-8184523196071438460","potions_obtained":[{"floor":4,"key":"Block Potion"},{"floor":7,"key":"Weak Potion"},{"floor":8,"key":"Weak Potion"},{"floor":14,"key":"Energy Potion"},{"floor":16,"key":"SmokeBomb"},{"floor":19,"key":"Dexterity Potion"},{"floor":21,"key":"SteroidPotion"}],"is_trial":false,"path_per_floor":["M","?","M","M","?","R","M","E","T","M","R","E","M","M","R","B",null,"M","M","?","M","?","R","E"],"character_chosen":"IRONCLAD","items_purchased":[],"campfire_rested":1,"item_purchase_floors":[],"current_hp_per_floor":[72,72,72,72,65,65,65,57,57,58,58,59,66,64,64,46,66,71,43,43,15,15,36,0,0],"gold":373,"neow_bonus":"ONE_RARE_RELIC","is_daily":false,"chose_seed":false,"campfire_upgraded":3,"win_rate":0.0,"timestamp":1610598162,"path_taken":["M","?","M","M","?","R","M","E","T","M","R","E","M","M","R","BOSS","M","M","?","?","?","R","E"],"items_purchased_type":[],"build_version":"2020-12-22","purchased_purges":0,"victory":false,"max_hp_per_floor":[72,72,72,72,72,72,72,72,72,72,72,72,72,72,72,72,72,72,72,72,72,72,72,72,72],"card_choices":[{"not_picked":["Flex","Dark Embrace"],"picked":"Perfected Strike","floor":1},{"not_picked":["Combust","Iron Wave"],"picked":"Heavy Blade","floor":3},{"not_picked":["Burning Pact","Clash","Blood for Blood"],"picked":"SKIP","floor":4},{"not_picked":["Anger","Warcry"],"picked":"Battle Trance","floor":7},{"not_picked":["Fire Breathing","Infernal Blade"],"picked":"Berserk","floor":8},{"not_picked":["Body Slam","Shrug It Off"],"picked":"True Grit","floor":10},{"not_picked":["Cleave","Anger"],"picked":"Dual Wield","floor":12},{"not_picked":["Burning Pact","Havoc","Rampage"],"picked":"SKIP","floor":13},{"not_picked":["True Grit","Headbutt"],"picked":"Dropkick","floor":14},{"not_picked":["Offering","Limit Break"],"picked":"Barricade","floor":16},{"not_picked":["Clash","Rampage"],"picked":"Armaments+1","floor":19},{"not_picked":["Searing Blow","Intimidate"],"picked":"Ghostly Armor","floor":21}],"player_experience":2463184,"relics_obtained":[{"floor":8,"key":"Blood Vial"},{"floor":9,"key":"Centennial Puzzle"},{"floor":12,"key":"Bag of Preparation"}],"event_choices":[{"cards_removed":["Strike_R"],"damage_healed":0,"gold_gain":0,"player_choice":"Card Removal","damage_taken":0,"max_hp_gain":0,"max_hp_loss":0,"event_name":"The Cleric","floor":2,"gold_loss":50},{"cards_removed":["Defend_R"],"damage_healed":0,"gold_gain":0,"player_choice":"Card Removal","damage_taken":7,"max_hp_gain":0,"max_hp_loss":0,"event_name":"Golden Wing","floor":5,"gold_loss":0},{"damage_healed":0,"gold_gain":0,"cards_transformed":["Defend_R"],"player_choice":"Transformed","damage_taken":0,"max_hp_gain":0,"max_hp_loss":0,"event_name":"Transmorgrifier","floor":20,"gold_loss":0,"cards_obtained":["Blood for Blood"]},{"damage_healed":0,"gold_gain":0,"player_choice":"Simplicity","damage_taken":0,"max_hp_gain":0,"max_hp_loss":0,"event_name":"Back to Basics","floor":22,"gold_loss":0,"cards_upgraded":["Strike_R","Strike_R","Strike_R","Defend_R","Defend_R"]}],"is_beta":false,"boss_relics":[{"not_picked":["Ectoplasm","Mark of Pain"],"picked":"Empty Cage"}],"items_purged_floors":[],"is_endless":false,"potions_floor_spawned":[4,7,8,14,16,18,19,21],"killed_by":"Slavers","ascension_level":10}}