{"host":"zdhcon9z6t4xbcdl","time":1610656478,"event":{"mods":["BaseMod","Minty Spire (QoL Compilation)"],"gold_per_floor":[109,109,124,124,15,15,31,106,178,188,215,215,65,85,85,187,187,201,213,213,213,213],"floor_reached":21,"language":"ENG","playtime":1229,"items_purged":["Strike_B","Strike_B"],"score":188,"play_id":"69c841c2-6fb0-4e97-917d-60d9b5f0b288","local_time":"20210114203438","is_ascension_mode":true,"campfire_choices":[{"floor":6,"key":"RECALL"},{"data":"Darkness","floor":12,"key":"SMITH"},{"floor":15,"key":"REST"}],"circlet_count":0,"master_deck":["Defend_B","Defend_B","Defend_B","Zap","Dualcast","Darkness+1","Beam Cell","FTL","Gash","Beam Cell","Heatsinks","Barrage","Gash","Biased Cognition","Beam Cell","Storm","Auto Shields"],"relics":["Cracked Core","Oddly Smooth Stone","Regal Pillow","Empty Cage"],"acts_visited":["Exordium","TheCity"],"potions_floor_usage":[11,16],"damage_taken":[{"damage":0,"enemies":"Jaw Worm","floor":1,"turns":3},{"damage":6,"enemies":"Cultist","floor":3,"turns":3},{"damage":0,"enemies":"Small Slimes","floor":7,"turns":2},{"damage":3,"enemies":"Exordium Thugs","floor":10,"turns":4},{"damage":36,"enemies":"3 Sentries","floor":11,"turns":9},{"damage":13,"enemies":"2 Fungi Beasts","floor":14,"turns":3},{"damage":45,"enemies":"The Guardian","floor":16,"turns":8},{"damage":0,"enemies":"Chosen","floor":18,"turns":3},{"damage":34,"enemies":"Spheric Guardian","floor":19,"turns":6},{"damage":50,"enemies":"Centurion and Healer","floor":21,"turns":6}],"seed_played":"6196405037415779876","potions_obtained":[{"floor":7,"key":"EssenceOfSteel"},{"floor":10,"key":"Regen Potion"},{"floor":11,"key":"DistilledChaos"},{"floor":16,"key":"Fruit Juice"},{"floor":19,"key":"Strength Potion"}],"is_trial":false,"path_per_floor":["M","?","M","?","$","R","M","?","T","M","E","R","$","M","R","B",null,"M","M","?","M"],"character_chosen":"DEFECT","items_purchased":["FTL","Barrage"],"campfire_rested":1,"item_purchase_floors":[5,13],"current_hp_per_floor":[75,75,69,74,74,74,74,63,63,60,39,39,39,26,65,20,80,80,46,46,0,0],"gold":213,"neow_bonus":"RANDOM_COMMON_RELIC","is_daily":false,"chose_seed":false,"campfire_upgraded":1,"win_rate":0.0,"timestamp":1610656478,"path_taken":["M","?","?","?","?","R","M","?","T","M","E","R","$","M","R","BOSS","M","M","?","?"],"items_purchased_type":["Card","Card"],"build_version":"2020-12-22","purchased_purges":2,"victory":false,"max_hp_per_floor":[75,75,75,80,80,80,80,80,80,80,80,80,80,80,80,80,80,80,80,80,80,80],"card_choices":[{"not_picked":["Cold Snap","Recycle"],"picked":"Darkness","floor":1},{"not_picked":["Reinforced Body","Steam"],"picked":"Beam Cell","floor":3},{"not_picked":["Cold Snap","Steam"],"picked":"Gash","floor":7},{"not_picked":["Ball Lightning","Sweeping Beam"],"picked":"Beam Cell","floor":10},{"not_picked":["Force Field","Skim"],"picked":"Heatsinks","floor":11},{"not_picked":["Turbo","Hologram"],"picked":"Gash","floor":14},{"not_picked":["Multi-Cast","Thunder Strike"],"picked":"Biased Cognition","floor":16},{"not_picked":["Undo","White Noise"],"picked":"Beam Cell","floor":18},{"not_picked":["Rebound","Streamline"],"picked":"Storm","floor":19}],"player_experience":66283,"relics_obtained":[{"floor":11,"key":"Regal Pillow"}],"event_choices":[{"damage_healed":0,"gold_gain":0,"player_choice":"Ignored","damage_taken":0,"max_hp_gain":0,"max_hp_loss":0,"event_name":"WeMeetAgain","floor":2,"gold_loss":0},{"damage_healed":0,"gold_gain":0,"player_choice":"Donut","damage_taken":0,"max_hp_gain":5,"max_hp_loss":0,"event_name":"Big Fish","floor":4,"gold_loss":0},{"damage_healed":0,"gold_gain":75,"player_choice":"Gather Gold","damage_taken":11,"max_hp_gain":0,"max_hp_loss":0,"event_name":"World of Goop","floor":8,"gold_loss":0},{"damage_healed":0,"gold_gain":0,"cards_transformed":["Defend_B"],"player_choice":"Transformed","damage_taken":0,"max_hp_gain":0,"max_hp_loss":0,"event_name":"Transmorgrifier","floor":20,"gold_loss":0,"cards_obtained":["Auto Shields"]}],"is_beta":false,"boss_relics":[{"not_picked":["Runic Dome","Sozu"],"picked":"Empty Cage"}],"items_purged_floors":[5,13],"is_endless":false,"potions_floor_spawned":[7,10,11,16,19],"killed_by":"Centurion and Healer","ascension_level":1}}