{"host":"roqztpbdbchtekes","time":1610619491,"event":{"mods":["A Magickal Journey","AchievementEnabler","BaseMod","Better Note","Better Third Choice","BetterRewards","Block Reminder","Colored Map","Colored Powertips","Curses Come First","DeckTracker","Minty Spire (QoL Compilation)","Relic Stats","Spicy Shops","StSLib"],"gold_per_floor":[112,112,125,125,137,137,172,172,242,242,242],"floor_reached":10,"language":"ENG","playtime":386,"items_purged":["Strike_B"],"score":89,"play_id":"a9bdb8ea-ebd0-4fed-8156-7db40c7c9dd8","local_time":"20210114111811","is_ascension_mode":true,"campfire_choices":[{"data":"Defragment","floor":6,"key":"SMITH"},{"data":"Defragment","floor":8,"key":"SMITH"}],"circlet_count":0,"master_deck":["Strike_B","Strike_B","Strike_B","Defend_B","Defend_B","Defend_B","Defend_B","Zap","Dualcast","Doom and Gloom+1","Capacitor","Hologram","Defragment+1","Compile Driver+1","Dramatic Entrance+1","Defragment+1","Doom and Gloom+1"],"relics":["Cracked Core","Molten Egg 2","Membership Card","Chemical X","HornCleat","Nunchaku","StrikeDummy"],"acts_visited":["Exordium"],"potions_floor_usage":[1],"damage_taken":[{"damage":4,"enemies":"2 Louse","floor":1,"turns":2},{"damage":0,"enemies":"Cultist","floor":3,"turns":3},{"damage":7,"enemies":"Jaw Worm","floor":5,"turns":2},{"damage":18,"enemies":"3 Sentries","floor":7,"turns":4},{"damage":18,"enemies":"Gremlin Nob","floor":10,"turns":3}],"seed_played":"-5499146166833624276","potions_obtained":[{"floor":3,"key":"Dexterity Potion"}],"is_trial":false,"path_per_floor":["M","?","M","?","M","R","E","R","T","E"],"character_chosen":"DEFECT","items_purchased":["Molten Egg 2","Membership Card","Chemical X","HornCleat","Doom and Gloom+1","Capacitor","Fruit Juice","Hologram"],"campfire_rested":0,"item_purchase_floors":[0,0,0,0,0,0,0,0],"current_hp_per_floor":[33,33,33,33,26,26,8,8,8,0,0],"gold":242,"neow_bonus":"","is_daily":false,"chose_seed":false,"campfire_upgraded":2,"win_rate":0.0,"timestamp":1610619491,"path_taken":["M","?","?","?","M","R","E","R","T","E"],"items_purchased_type":["Relic","Relic","Relic","Relic","Card","Card","Potion","Card"],"build_version":"2020-12-22","purchased_purges":1,"victory":false,"max_hp_per_floor":[80,80,80,80,80,80,80,80,80,80,80],"relic_stats":{"Nunchaku":[0],"counters":[85,341],"Chemical X":[1],"obtain_stats":[{"Tiny House":34,"CeramicFish":7,"Vajra":36,"Runic Capacitor":30,"Ginger":39,"Whetstone":0,"Sling":0,"Old Coin":41,"Sozu":17,"Blood Vial":45,"Centennial Puzzle":40,"HornCleat":54,"MealTicket":36,"Kunai":34,"Toxic Egg 2":8,"Pear":23,"Happy Flower":20,"Dead Branch":12,"Blue Candle":26,"Velvet Choker":17,"Pen Nib":14,"Question Card":14,"WarpedTongs":11,"Bird Faced Urn":0,"Bronze Scales":44,"Molten Egg 2":19,"StrikeDummy":26,"Unceasing Top":6,"Meat on the Bone":9,"Pocketwatch":37,"Lantern":43,"SacredBark":34,"Bag of Preparation":9,"Juzu Bracelet":13,"Emotion Chip":34,"Dream Catcher":27,"Nunchaku":7,"Matryoshka":24,"TheAbacus":0,"Mummified Hand":28,"Pantograph":8,"Gambling Chip":0,"WingedGreaves":13,"Red Mask":38,"Chemical X":0,"Cracked Core":0,"InkBottle":48,"NeowsBlessing":0,"PreservedInsect":29,"The Courier":43,"Orichalcum":0,"MawBank":13,"Mercury Hourglass":9,"Nuclear Battery":17,"Calling Bell":34,"DataDisk":34,"CaptainsWheel":38,"Anchor":45,"Ornamental Fan":42,"Bag of Marbles":46,"Bottled Lightning":10,"Membership Card":0,"FossilizedHelix":0},{"Tiny House":49,"CeramicFish":11,"Vajra":26,"Runic Capacitor":48,"Ginger":29,"Whetstone":35,"Sling":61,"Old Coin":76,"Sozu":44,"Blood Vial":77,"Centennial Puzzle":53,"HornCleat":60,"MealTicket":26,"Kunai":25,"Toxic Egg 2":4,"Pear":47,"Happy Flower":20,"Dead Branch":64,"Blue Candle":70,"Velvet Choker":67,"Pen Nib":18,"Question Card":66,"WarpedTongs":16,"Bird Faced Urn":0,"Bronze Scales":32,"Molten Egg 2":68,"StrikeDummy":21,"Unceasing Top":3,"Meat on the Bone":11,"Pocketwatch":51,"Lantern":31,"SacredBark":74,"Bag of Preparation":39,"Juzu Bracelet":42,"Emotion Chip":25,"Dream Catcher":71,"Nunchaku":84,"Matryoshka":21,"TheAbacus":61,"Mummified Hand":71,"Pantograph":15,"Gambling Chip":61,"WingedGreaves":6,"Red Mask":51,"Chemical X":80,"Cracked Core":0,"InkBottle":34,"NeowsBlessing":12,"PreservedInsect":23,"The Courier":31,"Orichalcum":35,"MawBank":42,"Mercury Hourglass":15,"Nuclear Battery":19,"Calling Bell":25,"DataDisk":25,"CaptainsWheel":28,"Anchor":55,"Ornamental Fan":31,"Bag of Marbles":56,"Bottled Lightning":40,"Membership Card":80,"FossilizedHelix":35},{"Tiny House":184,"CeramicFish":43,"Vajra":96,"Runic Capacitor":177,"Ginger":107,"Whetstone":128,"Sling":234,"Old Coin":312,"Sozu":164,"Blood Vial":314,"Centennial Puzzle":198,"HornCleat":228,"MealTicket":96,"Kunai":94,"Toxic Egg 2":15,"Pear":174,"Happy Flower":74,"Dead Branch":245,"Blue Candle":276,"Velvet Choker":261,"Pen Nib":62,"Question Card":251,"WarpedTongs":54,"Bird Faced Urn":0,"Bronze Scales":118,"Molten Egg 2":267,"StrikeDummy":77,"Unceasing Top":11,"Meat on the Bone":43,"Pocketwatch":191,"Lantern":113,"SacredBark":301,"Bag of Preparation":143,"Juzu Bracelet":153,"Emotion Chip":94,"Dream Catcher":280,"Nunchaku":338,"Matryoshka":77,"TheAbacus":234,"Mummified Hand":280,"Pantograph":51,"Gambling Chip":234,"WingedGreaves":21,"Red Mask":191,"Chemical X":327,"Cracked Core":0,"InkBottle":124,"NeowsBlessing":46,"PreservedInsect":84,"The Courier":113,"Orichalcum":128,"MawBank":153,"Mercury Hourglass":51,"Nuclear Battery":70,"Calling Bell":94,"DataDisk":94,"CaptainsWheel":103,"Anchor":205,"Ornamental Fan":113,"Bag of Marbles":210,"Bottled Lightning":147,"Membership Card":327,"FossilizedHelix":128}]},"card_choices":[{"not_picked":["Hologram","Static Discharge"],"picked":"Defragment","floor":1},{"not_picked":["Conserve Battery","Scrape+1"],"picked":"Compile Driver+1","floor":3},{"not_picked":["Streamline+1","Hyperbeam+1"],"picked":"Doom and Gloom+1","floor":5},{"not_picked":["Gash+1","Undo","Rip and Tear+1"],"picked":"SKIP","floor":7}],"player_experience":317307,"relics_obtained":[{"floor":7,"key":"Nunchaku"},{"floor":9,"key":"StrikeDummy"}],"event_choices":[{"damage_healed":0,"gold_gain":0,"player_choice":"Bought 0 Potions","damage_taken":0,"max_hp_gain":0,"max_hp_loss":0,"event_name":"The Woman in Blue","floor":2,"gold_loss":0},{"damage_healed":0,"gold_gain":0,"player_choice":"2 cards matched","damage_taken":0,"max_hp_gain":0,"max_hp_loss":0,"event_name":"Match and Keep!","floor":4,"gold_loss":0,"cards_obtained":["Dramatic Entrance","Defragment"]}],"is_beta":false,"boss_relics":[],"items_purged_floors":[0],"is_endless":false,"potions_floor_spawned":[3],"killed_by":"Gremlin Nob","ascension_level":7}}