{"host":"a4220vmwe0snk9yx","time":1610658560,"event":{"mods":["100% Spire Juice","AchievementEnabler","BaseMod","Bestiary","Better Altar","Better Skull","BetterRewards","CapriCore","Card Forge","Chen","Gold Saver","HololiveMod","Koishi","Marisa（霧雨　魔理沙）","Minty Spire (QoL Compilation)","Prisma Mod","Reimu（博??梦）","StSLib","SuperFastMode","The Alterego","The Animator","The Immortal","The Wild Card","Waifu the Spire","WarShipGirlsR/??少女R mod","Yakumo Yukari mod"],"gold_per_floor":[208,45,45,45,65,99,99,58,58,68,70,85,85,85,85],"floor_reached":14,"language":"ENG","playtime":642,"items_purged":["animator:Strike"],"score":141,"play_id":"bf323be0-5093-40d5-b65c-984a5bf78555","local_time":"20210114160920","is_ascension_mode":true,"campfire_choices":[{"floor":7,"key":"REST"},{"data":"animator:SuzuneAmano","floor":13,"key":"SMITH"}],"circlet_count":0,"master_deck":["AscendersBane","animator:Strike_MadokaMagica","animator:Defend_MadokaMagica","animator:Strike","animator:Strike","animator:Defend","animator:Defend","animator:Defend","animator:IrohaTamaki","animator:YuiTsuruno","animator:MamiTomoe","animator:MamiTomoe","animator:YuiTsuruno","animator:Yuuichirou","animator:SayakaMiki","animator:SuzuneAmano+1","animator:OrikoMikuni","animator:MadokaKaname"],"relics":["animator:LivingPicture","animator:TheMissingPiece","Hammer of Thor","Seething Fire","Anvil of the Gods","Dream Catcher","Matryoshka","Omamori"],"acts_visited":["Exordium"],"potions_floor_usage":[14],"damage_taken":[{"damage":5,"enemies":"Small Slimes","floor":1,"turns":3},{"damage":0,"enemies":"Cultist","floor":5,"turns":2},{"damage":33,"enemies":"Lagavulin","floor":6,"turns":5},{"damage":7,"enemies":"2 Louse","floor":10,"turns":2},{"damage":12,"enemies":"Exordium Wildlife","floor":12,"turns":3},{"damage":13,"enemies":"Gremlin Nob","floor":14,"turns":2}],"seed_played":"-4921378755672043867","potions_obtained":[{"floor":5,"key":"SpeedPotion"},{"floor":6,"key":"Swift Potion"}],"is_trial":false,"path_per_floor":["M","$","?","$","M","E","R","$","T","M","?","M","R","E"],"character_chosen":"THE_ANIMATOR","items_purchased":["animator:MamiTomoe","animator:YuiTsuruno","animator:SayakaMiki"],"campfire_rested":1,"item_purchase_floors":[2,2,8],"current_hp_per_floor":[39,39,39,39,39,6,25,25,25,19,20,8,8,0,0],"gold":85,"neow_bonus":"RANDOM_COLORLESS_2","is_daily":false,"chose_seed":false,"campfire_upgraded":1,"win_rate":0.0,"timestamp":1610658560,"path_taken":["M","$","?","$","M","E","R","?","T","M","?","M","R","E"],"items_purchased_type":["Card","Card","Card"],"build_version":"2020-12-22","purchased_purges":1,"victory":false,"max_hp_per_floor":[66,66,66,66,66,66,66,66,66,67,68,68,68,68,68],"card_choices":[{"not_picked":["animator:Lelouch","animator:HououinKyouma"],"picked":"animator:Hibiki","floor":0},{"not_picked":["animator:IzunaHatsuse","animator:WinryRockbell"],"picked":"animator:MamiTomoe","floor":1},{"not_picked":["animator:AcuraTooru","animator:ElricAlphonse","animator:Tyuule"],"picked":"SKIP","floor":5},{"not_picked":["animator:Tet","animator:WinryRockbell","animator:Fredrika"],"picked":"SKIP","floor":6},{"not_picked":["animator:Guy","animator:IzunaHatsuse"],"picked":"animator:Yuuichirou","floor":7},{"not_picked":["animator:IrohaTamaki","animator:KyokoSakura"],"picked":"animator:SuzuneAmano","floor":10},{"not_picked":[],"picked":"animator:OrikoMikuni","floor":11},{"not_picked":[],"picked":"animator:MadokaKaname","floor":11},{"not_picked":["animator:Sloth","animator:SayakaMiki","animator:Gluttony"],"picked":"SKIP","floor":12}],"player_experience":915837,"relics_obtained":[{"floor":6,"key":"Matryoshka"},{"floor":9,"key":"Omamori"}],"event_choices":[{"cards_removed":["animator:Hibiki"],"damage_healed":0,"gold_gain":0,"player_choice":"Gave Card","damage_taken":0,"relics_obtained":["Dream Catcher"],"max_hp_gain":0,"max_hp_loss":0,"event_name":"WeMeetAgain","floor":3,"gold_loss":0}],"is_beta":false,"boss_relics":[],"items_purged_floors":[2],"is_endless":false,"potions_floor_spawned":[5,6],"killed_by":"Gremlin Nob","ascension_level":12}}