{"host":"lsq35p0sdkx2xifo","time":1610622956,"event":{"mods":["AchievementEnabler","BaseMod","Highlight Path","Minty Spire (QoL Compilation)","StSLib","The Senshi"],"gold_per_floor":[32,89,124,156,209,262,262,300,300,345,345,364,61,125,125,201,201,232,245,0,0,16,63,63,63,88,88,6,59,89,138,138,214,214,227,242,252,271,109,109,124,141,190,242,242,277,317,332,332,332],"floor_reached":51,"language":"ENG","playtime":2964,"items_purged":["Strike_G","Defend_G","Strike_G"],"score":1541,"play_id":"bbb0a1ca-bbac-4c29-8052-fad19a8f8cba","local_time":"20210114031556","is_ascension_mode":true,"campfire_choices":[{"floor":7,"key":"REST"},{"floor":11,"key":"REST"},{"data":"Infinite Blades","floor":15,"key":"SMITH"},{"floor":24,"key":"REST"},{"data":"Envenom","floor":27,"key":"SMITH"},{"floor":32,"key":"REST"},{"data":"Accuracy","floor":40,"key":"SMITH"},{"data":"Infinite Blades","floor":45,"key":"SMITH"},{"floor":49,"key":"REST"}],"circlet_count":0,"master_deck":["AscendersBane","Strike_G","Strike_G","Strike_G","Defend_G","Defend_G","Defend_G","Defend_G","Survivor","Neutralize","HandOfGreed","Blade Dance","Well Laid Plans","Heel Hook","Masterful Stab","Dash","Dagger Spray","Accuracy+1","Dagger Throw","Backstab","Infinite Blades+1","Backstab","Envenom+1","Cloak And Dagger","Cloak And Dagger+1","Cloak And Dagger","Blade Dance","Footwork","Cloak And Dagger+1","Backstab","Die Die Die","Cloak And Dagger","Blade Dance+1","Infinite Blades+1","Cloak And Dagger+1"],"relics":["Ring of the Snake","Gremlin Horn","Pear","Shovel","Akabeko","Ornamental Fan","SacredBark","Sling","Bag of Marbles","Shuriken","theSenshi:SailorFukuRelic","Singing Bowl","InkBottle","Black Star","PreservedInsect","Molten Egg 2","theSenshi:FeatherClipsRelic","Snake Skull","Lantern"],"acts_visited":["Exordium","TheCity","TheBeyond"],"potions_floor_usage":[6,6,10,14,23,31,36,41,46,48],"damage_taken":[{"damage":10,"enemies":"Cultist","floor":1,"turns":4},{"damage":4,"enemies":"Small Slimes","floor":2,"turns":4},{"damage":0,"enemies":"2 Louse","floor":3,"turns":2},{"damage":4,"enemies":"Red Slaver","floor":4,"turns":5},{"damage":6,"enemies":"3 Louse","floor":5,"turns":4},{"damage":23,"enemies":"Gremlin Nob","floor":6,"turns":5},{"damage":3,"enemies":"Exordium Thugs","floor":8,"turns":4},{"damage":0,"enemies":"3 Sentries","floor":10,"turns":6},{"damage":0,"enemies":"Lots of Slimes","floor":12,"turns":2},{"damage":12,"enemies":"Gremlin Nob","floor":14,"turns":3},{"damage":40,"enemies":"Hexaghost","floor":16,"turns":10},{"damage":7,"enemies":"2 Thieves","floor":18,"turns":3},{"damage":7,"enemies":"Chosen","floor":19,"turns":4},{"damage":9,"enemies":"Snake Plant","floor":22,"turns":3},{"damage":0,"enemies":"Gremlin Leader","floor":23,"turns":4},{"damage":11,"enemies":"Book of Stabbing","floor":29,"turns":3},{"damage":1,"enemies":"Centurion and Healer","floor":30,"turns":4},{"damage":0,"enemies":"Slavers","floor":31,"turns":3},{"damage":26,"enemies":"Collector","floor":33,"turns":6},{"damage":0,"enemies":"3 Darklings","floor":35,"turns":3},{"damage":4,"enemies":"3 Shapes","floor":36,"turns":3},{"damage":0,"enemies":"3 Darklings","floor":37,"turns":1},{"damage":12,"enemies":"Maw","floor":38,"turns":6},{"damage":0,"enemies":"Jaw Worm Horde","floor":41,"turns":2},{"damage":0,"enemies":"Sphere and 2 Shapes","floor":42,"turns":3},{"damage":4,"enemies":"Reptomancer","floor":44,"turns":3},{"damage":0,"enemies":"Nemesis","floor":46,"turns":1},{"damage":26,"enemies":"4 Shapes","floor":47,"turns":3},{"damage":16,"enemies":"Maw","floor":48,"turns":4},{"damage":54,"enemies":"Donu and Deca","floor":50,"turns":7}],"seed_played":"4454255364119344472","potions_obtained":[{"floor":4,"key":"SpeedPotion"},{"floor":5,"key":"Weak Potion"},{"floor":8,"key":"LiquidMemories"},{"floor":12,"key":"Weak Potion"},{"floor":18,"key":"Fire Potion"},{"floor":22,"key":"Weak Potion"},{"floor":29,"key":"GhostInAJar"},{"floor":35,"key":"Explosive Potion"},{"floor":38,"key":"Explosive Potion"},{"floor":42,"key":"DistilledChaos"},{"floor":44,"key":"SpeedPotion"},{"floor":47,"key":"ColorlessPotion"}],"is_trial":false,"path_per_floor":["M","M","M","M","M","E","R","M","T","E","R","M","$","?","R","B",null,"M","M","$","?","M","E","R","?","T","R","$","E","M","E","R","B",null,"M","M","M","M","$","R","M","M","T","E","R","E","M","M","R","B",null],"character_chosen":"THE_SILENT","items_purchased":["Infinite Blades","Akabeko","Sling","Footwork","Infinite Blades"],"campfire_rested":5,"item_purchase_floors":[13,13,20,28,39],"current_hp_per_floor":[49,45,45,41,35,12,31,28,38,38,60,60,60,48,48,8,59,52,45,45,45,36,36,58,58,58,58,58,49,48,48,71,45,70,72,68,68,58,58,58,58,60,60,58,58,66,48,40,67,19],"gold":332,"neow_bonus":"RANDOM_COLORLESS_2","is_daily":false,"chose_seed":false,"campfire_upgraded":4,"win_rate":0.0,"timestamp":1610622956,"path_taken":["M","M","M","?","M","E","R","M","T","E","R","M","$","?","R","BOSS","M","M","$","?","?","E","R","?","T","R","?","E","M","E","R","BOSS","M","M","M","M","$","R","M","M","T","E","R","E","M","?","R","BOSS"],"items_purchased_type":["Card","Relic","Relic","Card","Card"],"build_version":"2020-12-22","purchased_purges":3,"victory":true,"max_hp_per_floor":[66,66,66,66,66,66,66,66,76,76,76,76,76,76,76,76,76,76,76,76,76,76,76,76,76,76,76,76,78,78,78,78,78,78,80,80,80,82,82,82,82,84,84,86,86,88,90,92,92,92],"card_choices":[{"not_picked":["Mayhem","Thinking Ahead"],"picked":"HandOfGreed","floor":0},{"not_picked":["Sucker Punch","Quick Slash"],"picked":"Blade Dance","floor":1},{"not_picked":["Outmaneuver","Concentrate"],"picked":"Well Laid Plans","floor":2},{"not_picked":["Quick Slash","PiercingWail"],"picked":"Heel Hook","floor":3},{"not_picked":["Deadly Poison","Dagger Throw"],"picked":"Masterful Stab","floor":4},{"not_picked":["Concentrate","Tactician"],"picked":"Dash","floor":5},{"not_picked":["Acrobatics","Tactician"],"picked":"Dagger Spray","floor":6},{"not_picked":["Adrenaline","Poisoned Stab"],"picked":"Accuracy","floor":8},{"not_picked":["Poisoned Stab","Deflect"],"picked":"Dagger Throw","floor":10},{"not_picked":["Tactician","Quick Slash"],"picked":"Backstab","floor":12},{"not_picked":["Predator","Malaise"],"picked":"Backstab","floor":14},{"not_picked":["Tools of the Trade","Glass Knife"],"picked":"Envenom","floor":16},{"not_picked":["Setup","Dagger Spray"],"picked":"Cloak And Dagger","floor":18},{"not_picked":["Flying Knee","Deflect"],"picked":"Cloak And Dagger+1","floor":19},{"not_picked":["Choke","Prepared"],"picked":"Cloak And Dagger","floor":22},{"not_picked":["Acrobatics","Deflect","Skewer"],"picked":"SKIP","floor":23},{"not_picked":["Choke","Dagger Throw+1","Deflect"],"picked":"Singing Bowl","floor":29},{"not_picked":["Wraith Form v2","Dodge and Roll"],"picked":"Cloak And Dagger+1","floor":30},{"not_picked":["Flying Knee","Quick Slash"],"picked":"Backstab","floor":31},{"not_picked":["Glass Knife","Unload"],"picked":"Die Die Die","floor":33},{"not_picked":["PiercingWail","Deadly Poison+1","Slice"],"picked":"Singing Bowl","floor":35},{"not_picked":["Deflect","Leg Sweep"],"picked":"Cloak And Dagger","floor":36},{"not_picked":["Reflex","Dagger Spray"],"picked":"Blade Dance+1","floor":37},{"not_picked":["Quick Slash","Underhanded Strike","Riddle With Holes"],"picked":"Singing Bowl","floor":38},{"not_picked":["Leg Sweep","Doppelganger"],"picked":"Cloak And Dagger+1","floor":41},{"not_picked":["Dash","PiercingWail","Setup"],"picked":"Singing Bowl","floor":42},{"not_picked":["Dagger Spray+1","Crippling Poison","Poisoned Stab+1"],"picked":"Singing Bowl","floor":44},{"not_picked":["Catalyst+1","Reflex","Flying Knee+1"],"picked":"Singing Bowl","floor":46},{"not_picked":["Flechettes+1","Dagger Spray+1","Reflex"],"picked":"Singing Bowl","floor":47},{"not_picked":["Backflip","Outmaneuver+1","Underhanded Strike+1"],"picked":"Singing Bowl","floor":48}],"player_experience":1345624,"relics_obtained":[{"floor":6,"key":"Gremlin Horn"},{"floor":9,"key":"Pear"},{"floor":10,"key":"Shovel"},{"floor":14,"key":"Ornamental Fan"},{"floor":23,"key":"Shuriken"},{"floor":26,"key":"theSenshi:SailorFukuRelic"},{"floor":29,"key":"Singing Bowl"},{"floor":31,"key":"InkBottle"},{"floor":43,"key":"PreservedInsect"},{"floor":44,"key":"Molten Egg 2"},{"floor":44,"key":"theSenshi:FeatherClipsRelic"},{"floor":46,"key":"Snake Skull"},{"floor":46,"key":"Lantern"}],"event_choices":[{"damage_healed":0,"gold_gain":0,"player_choice":"Searched \u00271\u0027 times","damage_taken":0,"max_hp_gain":0,"max_hp_loss":0,"event_name":"Dead Adventurer","floor":14,"gold_loss":0},{"damage_healed":0,"gold_gain":0,"player_choice":"Gave Potion","damage_taken":0,"relics_obtained":["Bag of Marbles"],"max_hp_gain":0,"max_hp_loss":0,"event_name":"WeMeetAgain","floor":21,"gold_loss":0},{"damage_healed":0,"gold_gain":0,"player_choice":"Read","damage_taken":0,"max_hp_gain":0,"max_hp_loss":0,"event_name":"The Library","floor":25,"gold_loss":0,"cards_obtained":["Blade Dance"]}],"is_beta":false,"boss_relics":[{"not_picked":["Pandora\u0027s Box","Runic Dome"],"picked":"SacredBark"},{"not_picked":["Sozu","Calling Bell"],"picked":"Black Star"}],"items_purged_floors":[13,20,39],"is_endless":false,"potions_floor_spawned":[4,5,8,12,18,22,29,35,38,42,44,47],"ascension_level":14}}