{"host":"l2dnabsh5e0fsksb","time":1610623836,"event":{"mods":["2.2 Compatiblity","BaseMod","Downfall","Minty Spire (QoL Compilation)","Quick Restart","StSLib"],"gold_per_floor":[99,99,99,99,99,128,128,156,81,93,38,38,57,69,82,82,82,82],"floor_reached":16,"language":"ENG","playtime":516,"items_purged":[],"score":213,"play_id":"86f8e9c9-997a-4566-b6c9-ffcff8d433da","local_time":"20210114220036","is_ascension_mode":true,"campfire_choices":[{"floor":1,"key":"RECALL"},{"data":"champ:Lariat","floor":9,"key":"SMITH"},{"data":"champ:Taunt","floor":12,"key":"SMITH"}],"circlet_count":0,"master_deck":["AscendersBane","champ:Strike","champ:Strike","champ:Strike","champ:Strike+1","champ:Defend","champ:Defend+1","champ:Defend","champ:Defend","champ:Execute+1","champ:Taunt+1","champ:BerserkerStyle","Regret","champ:Lariat+1","champ:BringItOn+1","champ:SkillfulDodge+1","champ:EnchantSword+1","champ:FanOfKnives","champ:IronFortress","champ:Devastate","champ:Lariat+1","champ:FlashCut"],"relics":["champ:ChampionCrown","downfall:HeartsMalice","champ:LiftRelic","Toxic Egg 2","HornCleat","Darkstone Periapt","downfall:HeartBlessingRed"],"acts_visited":["Exordium"],"potions_floor_usage":[16,16],"damage_taken":[{"damage":0,"enemies":"Small Slimes","floor":2,"turns":1},{"damage":0,"enemies":"2 Louse","floor":5,"turns":1},{"damage":0,"enemies":"Lagavulin","floor":6,"turns":1},{"damage":14,"enemies":"Gremlin Nob","floor":8,"turns":4},{"damage":3,"enemies":"Jaw Worm","floor":10,"turns":3},{"damage":7,"enemies":"downfall:FleeingMerchant","floor":11,"turns":4},{"damage":16,"enemies":"Lots of Slimes","floor":13,"turns":4},{"damage":10,"enemies":"Gremlin Gang","floor":14,"turns":3},{"damage":5,"enemies":"2 Fungi Beasts","floor":15,"turns":3},{"damage":62,"enemies":"downfall:Silent","floor":16,"turns":9}],"seed_played":"-8299992944301143970","potions_obtained":[{"floor":8,"key":"Swift Potion"},{"floor":13,"key":"GamblersBrew"},{"floor":14,"key":"LiquidMemories"}],"is_trial":false,"path_per_floor":["R","M","?","?","M","E","T","E","R","M","$","R","M","M","M","B"],"character_chosen":"THE_CHAMP","items_purchased":["champ:IronFortress"],"campfire_rested":0,"item_purchase_floors":[11],"current_hp_per_floor":[81,81,81,81,81,81,81,72,72,71,69,69,56,46,46,0,0,0],"gold":82,"neow_bonus":"THREE_ENEMY_KILL","is_daily":false,"chose_seed":false,"campfire_upgraded":2,"win_rate":0.0,"timestamp":1610623836,"path_taken":["R","M","?","?","M","E","T","E","R","M","?","R","M","?","M","BOSS"],"items_purchased_type":["Card"],"build_version":"2020-12-22","purchased_purges":0,"victory":false,"max_hp_per_floor":[90,90,90,90,90,90,90,90,90,90,90,90,90,90,90,90,90,90],"card_choices":[{"not_picked":["champ:DefensiveShout","champ:RageSigil"],"picked":"champ:BerserkerStyle","floor":2},{"not_picked":["champ:EnGarde","champ:PerfectedStrike"],"picked":"champ:Lariat","floor":5},{"not_picked":["champ:Circumvent+1","champ:FanOfKnives"],"picked":"champ:BringItOn+1","floor":6},{"not_picked":["champ:ViciousMockery+1","champ:RageSigil+1"],"picked":"champ:SkillfulDodge+1","floor":8},{"not_picked":["champ:GladiatorsShout+1","champ:RageSigil+1"],"picked":"champ:EnchantSword+1","floor":10},{"not_picked":["champ:Aggression+1","champ:Haymaker"],"picked":"champ:FanOfKnives","floor":11},{"not_picked":["champ:DefensiveShout+1","champ:ShieldSigil+1"],"picked":"champ:Devastate","floor":13},{"not_picked":["champ:FanOfKnives","champ:Control+1"],"picked":"champ:Lariat+1","floor":14},{"not_picked":["champ:FocusedDefense+1","champ:DefensiveShout+1"],"picked":"champ:FlashCut","floor":15}],"player_experience":1787256,"relics_obtained":[{"floor":6,"key":"Toxic Egg 2"},{"floor":7,"key":"HornCleat"},{"floor":8,"key":"Darkstone Periapt"}],"event_choices":[],"is_beta":false,"boss_relics":[],"items_purged_floors":[],"is_endless":false,"potions_floor_spawned":[8,13,14,15],"killed_by":"downfall:Silent","ascension_level":12}}