{"host":"heot42mtselsoupx","time":1610633555,"event":{"mods":["BaseMod","Minty Spire (QoL Compilation)","Quick Restart","¡¾ÒÅÎï¿¨ÅÆ¡¿REMEMod"],"gold_per_floor":[109,25,25,25,25,56,76,76,76,76,108,39,59,69,69,173,173,191,205,224,224,323,323,323,323,323,107,182,197,197,211,211,312,312,331,331,101,174,186,186,200,200,255,255,269,269,269,269,269,269],"floor_reached":51,"language":"ZHS","playtime":2187,"items_purged":["Decay"],"score":701,"play_id":"29b18d2e-dc79-4350-965f-5177bd165ba5","local_time":"20210114221235","is_ascension_mode":false,"campfire_choices":[{"data":"REME_TwoStrings","floor":8.0,"key":"SMITH"},{"data":"Loop","floor":15.0,"key":"SMITH"},{"data":"1","floor":23.0,"key":"LIFT"},{"data":"2","floor":25.0,"key":"LIFT"},{"data":"3","floor":30.0,"key":"LIFT"},{"data":"REME_EyeOfCthun","floor":32.0,"key":"SMITH"},{"data":"Apotheosis","floor":40,"key":"SMITH"},{"data":"Creative AI","floor":42,"key":"SMITH"},{"data":"Panache","floor":47,"key":"SMITH"},{"data":"Reboot","floor":49,"key":"SMITH"}],"circlet_count":0,"master_deck":["Strike_B+1","Strike_B","Strike_B","Defend_B","Defend_B","Defend_B","Zap","Dualcast","Conclude+1","Gash","REME_TwoStrings+1","Reboot+1","Self Repair","Loop+1","Force Field","Creative AI+1","Storm+1","Panacea","Apotheosis+1","Defragment","REME_EyeOfCthun+1","Buffer","Storm+1","Capacitor+1","Panache+1","Creative AI+1"],"relics":["Cracked Core","REME_ComplimentaryCards","NeowsBlessing","Bird Faced Urn","Thread and Needle","Ornamental Fan","Mummified Hand","REME_LowDesire","Centennial Puzzle","Pen Nib","Girya","Runic Capacitor","Bag of Preparation","InkBottle","REME_PuzzleBoxRelic"],"acts_visited":["Exordium","TheCity","TheBeyond"],"potions_floor_usage":[50],"damage_taken":[{"damage":0.0,"enemies":"Cultist","floor":1.0,"turns":1.0},{"damage":0.0,"enemies":"3 Sentries","floor":6.0,"turns":1.0},{"damage":0.0,"enemies":"Small Slimes","floor":7.0,"turns":1.0},{"damage":19.0,"enemies":"Lagavulin","floor":11.0,"turns":6.0},{"damage":2.0,"enemies":"Jaw Worm","floor":13.0,"turns":2.0},{"damage":1.0,"enemies":"Looter","floor":14.0,"turns":2.0},{"damage":36.0,"enemies":"The Guardian","floor":16.0,"turns":12.0},{"damage":5.0,"enemies":"Spheric Guardian","floor":18.0,"turns":4.0},{"damage":13.0,"enemies":"Shell Parasite","floor":19.0,"turns":5.0},{"damage":26.0,"enemies":"Shelled Parasite and Fungi","floor":20.0,"turns":5.0},{"damage":14.0,"enemies":"3 Cultists","floor":29.0,"turns":4.0},{"damage":8.0,"enemies":"Cultist and Chosen","floor":31.0,"turns":4.0},{"damage":13.0,"enemies":"Champ","floor":33.0,"turns":7.0},{"damage":9.0,"enemies":"3 Darklings","floor":35.0,"turns":4.0},{"damage":12,"enemies":"3 Shapes","floor":39,"turns":3},{"damage":8,"enemies":"Maw","floor":41,"turns":5},{"damage":10,"enemies":"Writhing Mass","floor":45,"turns":3},{"damage":78,"enemies":"Time Eater","floor":50,"turns":7}],"seed_played":"5059104975375689424","potions_obtained":[{"floor":11.0,"key":"SkillPotion"},{"floor":13.0,"key":"AttackPotion"},{"floor":14.0,"key":"Weak Potion"},{"floor":16.0,"key":"AttackPotion"},{"floor":20.0,"key":"SmokeBomb"},{"floor":31.0,"key":"Weak Potion"},{"floor":35.0,"key":"Ancient Potion"}],"is_trial":false,"path_per_floor":["M","$","?","?","?","E","M","R","T","?","E","$","M","M","R","B",null,"M","M","M","?","?","R","?","R","T","$","?","M","R","M","R","B",null,"M","?","$","T","M","R","M","R","T","?","M","?","R","?","R","B",null],"character_chosen":"DEFECT","items_purchased":["REME_TwoStrings","Loop","Runic Capacitor","Defragment","Bag of Preparation"],"campfire_rested":0,"item_purchase_floors":[2,12,27,27,37],"current_hp_per_floor":[75,75,68,68,53,53,53,53,53,53,34,34,34,33,33,8,75,75,73,62,62,62,62,62,62,62,62,55,59,59,71,71,75,75,75,75,75,75,65,65,75,75,75,75,75,75,75,75,75,27],"gold":269,"neow_bonus":"THREE_ENEMY_KILL","is_daily":false,"chose_seed":false,"campfire_upgraded":7,"win_rate":0.0,"timestamp":1610633555,"path_taken":["M","$","?","?","?","E","M","R","T","?","E","$","M","?","R","BOSS","M","M","M","?","?","R","?","R","T","$","?","?","R","M","R","BOSS","M","?","$","?","M","R","M","R","T","?","?","?","R","?","R","BOSS"],"items_purchased_type":["Card","Card","Relic","Card","Relic"],"build_version":"2020-12-22","purchased_purges":1,"victory":true,"max_hp_per_floor":[75,75,75,75,75,75,75,75,75,75,75,75,75,75,75,75,75,75,75,75,75,75,75,75,75,75,75,75,75,75,75,75,75,75,75,75,75,75,75,75,75,75,75,75,75,75,75,75,75,75],"card_choices":[{"not_picked":["Aggregate","Go for the Eyes"],"picked":"Gash","floor":1.0},{"not_picked":["Chaos","Stack","Compile Driver"],"picked":"SKIP","floor":6.0},{"not_picked":["Gash","Conserve Battery"],"picked":"Reboot","floor":7.0},{"not_picked":["Streamline","Beam Cell"],"picked":"Self Repair","floor":11.0},{"not_picked":["Sweeping Beam","Compile Driver","Ball Lightning"],"picked":"SKIP","floor":13.0},{"not_picked":["Turbo","Fission"],"picked":"Force Field","floor":14.0},{"not_picked":["Amplify","REME_ForAll"],"picked":"Creative AI","floor":16.0},{"not_picked":["Skim","Reprogram+1","Flash of Steel"],"picked":"Storm+1","floor":18.0},{"not_picked":["Turbo","Hologram","Recycle"],"picked":"Panacea","floor":19.0},{"not_picked":["Reprogram","Steam","Chill"],"picked":"Apotheosis","floor":20.0},{"not_picked":["Go for the Eyes+1","Conserve Battery","Glacier+1"],"picked":"REME_EyeOfCthun","floor":29.0},{"not_picked":["Compile Driver+1","Hologram","Rebound","HandOfGreed"],"picked":"SKIP","floor":31.0},{"not_picked":["Meteor Strike","Multi-Cast","Chrysalis"],"picked":"Buffer","floor":33.0},{"not_picked":["Sweeping Beam","Rebound","Flash of Steel+1"],"picked":"Storm+1","floor":35.0},{"not_picked":["Stack+1","Doom and Gloom","Cold Snap","Panacea"],"picked":"SKIP","floor":39},{"not_picked":["Go for the Eyes+1","Turbo","Dark Shackles"],"picked":"Capacitor+1","floor":41},{"not_picked":["Meteor Strike","Undo+1","Compile Driver"],"picked":"Panache","floor":45}],"player_experience":205376,"relics_obtained":[{"floor":6.0,"key":"Thread and Needle"},{"floor":9.0,"key":"Ornamental Fan"},{"floor":11.0,"key":"Mummified Hand"},{"floor":17.0,"key":"Centennial Puzzle"},{"floor":17.0,"key":"Pen Nib"},{"floor":38,"key":"InkBottle"},{"floor":43,"key":"REME_PuzzleBoxRelic"}],"event_choices":[{"cards_removed":["Defend_B"],"damage_healed":0.0,"max_hp_gain":0.0,"max_hp_loss":0.0,"gold_gain":0.0,"event_name":"Golden Wing","player_choice":"Card Removal","floor":3.0,"gold_loss":0.0,"damage_taken":7.0},{"damage_healed":0.0,"max_hp_gain":0.0,"max_hp_loss":0.0,"gold_gain":0.0,"event_name":"Big Fish","player_choice":"Box","floor":4.0,"gold_loss":0.0,"damage_taken":0.0,"relics_obtained":["Bird Faced Urn"],"cards_obtained":["Regret"]},{"damage_healed":0.0,"max_hp_gain":0.0,"max_hp_loss":0.0,"gold_gain":0.0,"event_name":"Shining Light","player_choice":"Entered Light","floor":5.0,"gold_loss":0.0,"damage_taken":15.0,"cards_upgraded":["Strike_B","Conclude"]},{"cards_removed":["Regret"],"damage_healed":0.0,"max_hp_gain":0.0,"max_hp_loss":0.0,"gold_gain":0.0,"event_name":"Fountain of Cleansing","player_choice":"Removed Curses","floor":10.0,"gold_loss":0.0,"damage_taken":0.0},{"damage_healed":0.0,"max_hp_gain":0.0,"max_hp_loss":0.0,"gold_gain":0.0,"event_name":"The Mausoleum","player_choice":"Opened","floor":21.0,"gold_loss":0.0,"damage_taken":0.0,"relics_obtained":["Girya"]},{"damage_healed":0.0,"max_hp_gain":0.0,"max_hp_loss":0.0,"gold_gain":99.0,"event_name":"Nest","player_choice":"Stole From Cult","floor":22.0,"gold_loss":0.0,"damage_taken":0.0},{"damage_healed":0.0,"max_hp_gain":0.0,"max_hp_loss":0.0,"gold_gain":0.0,"event_name":"Ghosts","player_choice":"Ignored","floor":24.0,"gold_loss":0.0,"damage_taken":0.0},{"damage_healed":0.0,"max_hp_gain":0.0,"max_hp_loss":0.0,"gold_gain":75.0,"event_name":"FaceTrader","player_choice":"Touch","floor":28.0,"gold_loss":0.0,"damage_taken":7.0},{"damage_healed":0,"gold_gain":0,"player_choice":"Cursed","damage_taken":0,"max_hp_gain":0,"max_hp_loss":0,"event_name":"Wheel of Change","floor":36,"gold_loss":0,"cards_obtained":["Decay"]},{"damage_healed":0,"gold_gain":0,"player_choice":"Ignored","damage_taken":0,"max_hp_gain":0,"max_hp_loss":0,"event_name":"SecretPortal","floor":44,"gold_loss":0},{"cards_removed":["Strike_B"],"damage_healed":0,"gold_gain":0,"player_choice":"Removed Attack","damage_taken":0,"max_hp_gain":0,"max_hp_loss":0,"event_name":"Falling","floor":46,"gold_loss":0},{"damage_healed":0,"gold_gain":0,"player_choice":"Copied","damage_taken":0,"max_hp_gain":0,"max_hp_loss":0,"event_name":"Duplicator","floor":48,"gold_loss":0,"cards_obtained":["Creative AI"]}],"is_beta":false,"boss_relics":[{"not_picked":["Coffee Dripper","Sozu"],"picked":"REME_LowDesire"},{"not_picked":["Velvet Choker","Runic Pyramid","Philosopher\u0027s Stone"]}],"items_purged_floors":[37],"is_endless":false,"potions_floor_spawned":[11,13,14,16,20,31,35],"ascension_level":0}}