{"host":"y89x8uui45kcjy42","time":1610620785,"event":{"mods":["2.2 Compatiblity","BaseMod","CapriCore","Colored Map","Colored Powertips","Custom Start","Friendly Minions","Keyboard Shortcuts","Minty Spire (QoL Compilation)","Relic Stats","Slay the Relics Exporter","StSLib","SuperFastMode","Uncapped"],"gold_per_floor":[217,217,232,81,96,96,96],"floor_reached":6,"language":"KOR","playtime":142,"items_purged":["Pain"],"score":72,"play_id":"5a4eb04f-733e-4253-b3ae-0e05d3204637","local_time":"20210114193945","is_ascension_mode":true,"campfire_choices":[],"circlet_count":0,"master_deck":["Strike_B","Strike_B","Strike_B","Strike_B","Defend_B","Defend_B","Defend_B","Defend_B","Reprogram+1","Reprogram+1","Conserve Battery","Hologram","Genetic Algorithm"],"relics":["Coffee Dripper","WarpedTongs"],"acts_visited":["Exordium"],"potions_floor_usage":[6],"damage_taken":[{"damage":6,"enemies":"2 Louse","floor":1,"turns":2},{"damage":2,"enemies":"Cultist","floor":3,"turns":3},{"damage":0,"enemies":"Small Slimes","floor":5,"turns":3},{"damage":66,"enemies":"Gremlin Nob","floor":6,"turns":4}],"seed_played":"583258154548823273","potions_obtained":[{"floor":3,"key":"Fruit Juice"},{"floor":5,"key":"Block Potion"}],"is_trial":false,"path_per_floor":["M","?","M","$","M","E"],"character_chosen":"DEFECT","items_purchased":["Genetic Algorithm"],"campfire_rested":0,"item_purchase_floors":[4],"current_hp_per_floor":[58,58,56,56,56,0,0],"gold":96,"neow_bonus":"HUNDRED_GOLD","is_daily":false,"chose_seed":false,"campfire_upgraded":0,"win_rate":0.0,"timestamp":1610620785,"path_taken":["M","?","?","?","M","E"],"items_purchased_type":["Card"],"build_version":"2020-12-22","purchased_purges":1,"victory":false,"max_hp_per_floor":[71,71,71,71,71,71,71],"relic_stats":{"counters":[4,12],"obtain_stats":[{"Coffee Dripper":0,"Cracked Core":0,"WarpedTongs":2},{"Coffee Dripper":0,"Cracked Core":0,"WarpedTongs":1},{"Coffee Dripper":0,"Cracked Core":0,"WarpedTongs":2}],"WarpedTongs":[10]},"card_choices":[{"not_picked":["Rebound","Leap"],"picked":"Conserve Battery","floor":1},{"not_picked":["Compile Driver","Steam"],"picked":"Hologram","floor":3},{"not_picked":["Chaos","Leap","Coolheaded"],"picked":"SKIP","floor":5}],"player_experience":603635,"relics_obtained":[],"event_choices":[{"damage_healed":0,"gold_gain":0,"player_choice":"Rummage","damage_taken":0,"relics_obtained":["WarpedTongs"],"max_hp_gain":0,"max_hp_loss":0,"event_name":"Accursed Blacksmith","floor":2,"gold_loss":0,"cards_obtained":["Pain"]}],"is_beta":false,"boss_relics":[],"items_purged_floors":[4],"is_endless":false,"potions_floor_spawned":[3,5],"killed_by":"Gremlin Nob","ascension_level":20}}