{"host":"j4g6ia6asvpyu2b0","time":1610634448,"event":{"mods":["BaseMod","Colored Map","Minty Spire (QoL Compilation)","Permanent Neow","Quick Restart","Relic Stats","StSLib","Unceasing Turn Reminder"],"gold_per_floor":[114,129,144,159,159,189,204,219,244,244,259,259,259,274,274,374,374,389,404,419,419,169,169,184,184,209,209,224,251,251,281,281,381,381,396,411,426,441,456,456,486,486,536,551,566,591,211,211,211,211],"floor_reached":51,"language":"ENG","playtime":1888,"items_purged":[],"score":932,"play_id":"4eb19b85-26d3-4f39-807f-1ba354a74e61","local_time":"20210114072728","daily_mods":["Insanity","Uncertain Future","Binary"],"is_ascension_mode":false,"campfire_choices":[{"data":"Adrenaline","floor":12.0,"key":"SMITH"},{"floor":15.0,"key":"REST"},{"data":"Night Terror","floor":23,"key":"SMITH"},{"data":"Backstab","floor":27,"key":"SMITH"},{"data":"Crippling Poison","floor":32,"key":"SMITH"},{"floor":40,"key":"REST"},{"floor":42,"key":"REST"},{"data":"Noxious Fumes","floor":49,"key":"SMITH"}],"circlet_count":0,"master_deck":["Dash","Sucker Punch","Accuracy","Distraction","Deadly Poison","Terror","Poisoned Stab","Distraction","Backstab+1","Blade Dance","Dagger Throw","Dodge and Roll","Concentrate","Crippling Poison+1","Acrobatics","Distraction","Dash","Skewer","Expertise","Deflect","Heel Hook","Deadly Poison","Deflect","Acrobatics","PiercingWail","Dodge and Roll","Distraction","Dodge and Roll","Cloak And Dagger","Outmaneuver","Leg Sweep","Bane","Catalyst","Blade Dance","Flying Knee","Acrobatics","Prepared","All Out Attack","Backflip","Reflex","Predator","Dagger Spray","Catalyst","Tactician","Eviscerate","PiercingWail","Well Laid Plans","Deadly Poison","Blade Dance","PiercingWail","Blade Dance","PiercingWail","Crippling Poison","Adrenaline+1","Cloak And Dagger","Calculated Gamble","Night Terror+1","Deadly Poison+1","Outmaneuver","Predator","Blade Dance+1","Infinite Blades","Slice","Dagger Throw","Doppelganger","CurseOfTheBell","Quick Slash+1","Dodge and Roll","Cloak And Dagger+1","Caltrops","Well Laid Plans+1","Tactician","Leg Sweep+1","Crippling Poison","Noxious Fumes+1"],"relics":["Ring of the Snake","Regal Pillow","Oddly Smooth Stone","Smiling Mask","Sozu","Ninja Scroll","Ancient Tea Set","Strawberry","Red Mask","Bag of Preparation","Calling Bell","Snake Skull","Letter Opener","Gambling Chip","Meat on the Bone","Lantern","Potion Belt","TungstenRod"],"acts_visited":["Exordium","TheCity","TheBeyond"],"potions_floor_usage":[21],"damage_taken":[{"damage":0.0,"enemies":"Cultist","floor":1.0,"turns":2.0},{"damage":0.0,"enemies":"2 Louse","floor":2.0,"turns":1.0},{"damage":1.0,"enemies":"Small Slimes","floor":3.0,"turns":2.0},{"damage":0.0,"enemies":"Blue Slaver","floor":4.0,"turns":3.0},{"damage":16.0,"enemies":"Lagavulin","floor":6.0,"turns":4.0},{"damage":0.0,"enemies":"3 Louse","floor":7.0,"turns":3.0},{"damage":0.0,"enemies":"Gremlin Gang","floor":8.0,"turns":2.0},{"damage":11.0,"enemies":"Red Slaver","floor":11.0,"turns":4.0},{"damage":9.0,"enemies":"Blue Slaver","floor":14.0,"turns":2.0},{"damage":21.0,"enemies":"Slime Boss","floor":16.0,"turns":8.0},{"damage":5.0,"enemies":"Chosen","floor":18.0,"turns":3.0},{"damage":0.0,"enemies":"2 Thieves","floor":19.0,"turns":3.0},{"damage":0.0,"enemies":"Centurion and Healer","floor":20.0,"turns":4.0},{"damage":0,"enemies":"Snake Plant","floor":21,"turns":1},{"damage":11,"enemies":"Sentry and Sphere","floor":24,"turns":4},{"damage":0,"enemies":"Snecko","floor":28,"turns":3},{"damage":3,"enemies":"Masked Bandits","floor":29,"turns":5},{"damage":0,"enemies":"Slavers","floor":31,"turns":4},{"damage":22,"enemies":"Champ","floor":33,"turns":6},{"damage":0,"enemies":"3 Darklings","floor":35,"turns":6},{"damage":2,"enemies":"3 Shapes","floor":36,"turns":6},{"damage":13,"enemies":"Jaw Worm Horde","floor":37,"turns":4},{"damage":32,"enemies":"Spire Growth","floor":38,"turns":4},{"damage":1,"enemies":"Transient","floor":39,"turns":5},{"damage":42,"enemies":"Reptomancer","floor":41,"turns":5},{"damage":0,"enemies":"Sphere and 2 Shapes","floor":44,"turns":4},{"damage":1,"enemies":"Jaw Worm Horde","floor":45,"turns":3},{"damage":48,"enemies":"Donu and Deca","floor":50,"turns":6}],"seed_played":"-4891952413640654339","potions_obtained":[{"floor":1.0,"key":"Dexterity Potion"},{"floor":2.0,"key":"SteroidPotion"},{"floor":4.0,"key":"Poison Potion"},{"floor":7.0,"key":"SmokeBomb"},{"floor":11.0,"key":"SkillPotion"}],"is_trial":false,"path_per_floor":["M","M","M","M","$","E","M","M","T","?","M","R","$","M","R","B",null,"M","M","M","M","$","R","M","?","T","R","M","?","?","E","R","B",null,"M","M","M","M","M","R","E","R","T","M","M","T","$","?","R","B",null],"character_chosen":"THE_SILENT","items_purchased":["Ninja Scroll","Noxious Fumes","TungstenRod"],"campfire_rested":3,"item_purchase_floors":[22,47,47],"current_hp_per_floor":[70,70,69,69,69,53,53,53,53,41,30,30,30,21,57,36,70,65,65,65,65,65,65,54,54,61,61,61,58,58,58,58,36,77,77,75,62,30,29,67,25,63,63,63,62,62,62,62,62,26],"gold":211,"neow_bonus":"","is_daily":true,"chose_seed":false,"campfire_upgraded":5,"win_rate":0.0,"timestamp":1610634448,"path_taken":["M","M","M","?","?","E","M","M","T","?","M","R","$","M","R","BOSS","M","M","M","M","$","R","M","?","T","R","M","?","?","E","R","BOSS","M","M","?","M","M","R","E","R","T","M","M","?","$","?","R","BOSS"],"items_purchased_type":["Relic","Card","Relic"],"build_version":"2020-12-22","purchased_purges":0,"victory":true,"max_hp_per_floor":[70,70,70,70,70,70,70,70,70,70,70,70,70,70,70,70,70,70,70,70,70,70,70,70,70,77,77,77,77,77,77,77,77,77,77,77,77,77,77,77,77,77,77,77,77,77,77,77,77,77],"relic_stats":{"Sozu":7,"Regal Pillow":45,"counters":[28,107],"Gambling Chip":[31],"Snake Skull":[43],"Bag of Preparation":[0],"Letter Opener":[182],"Smiling Mask":0,"obtain_stats":[{"Potion Belt":46,"Regal Pillow":6,"Lantern":43,"Oddly Smooth Stone":9,"Snake Skull":34,"Bag of Preparation":31,"Letter Opener":34,"Smiling Mask":10,"Ancient Tea Set":25,"Sozu":17,"Calling Bell":34,"Ninja Scroll":22,"Strawberry":26,"Gambling Chip":34,"Red Mask":29,"TungstenRod":47,"Ring of the Snake":0,"Meat on the Bone":41},{"Potion Belt":27,"Regal Pillow":5,"Lantern":25,"Oddly Smooth Stone":7,"Snake Skull":19,"Bag of Preparation":18,"Letter Opener":19,"Smiling Mask":7,"Ancient Tea Set":15,"Sozu":10,"Calling Bell":19,"Ninja Scroll":14,"Strawberry":15,"Gambling Chip":19,"Red Mask":17,"TungstenRod":27,"Ring of the Snake":0,"Meat on the Bone":25},{"Potion Belt":101,"Regal Pillow":12,"Lantern":94,"Oddly Smooth Stone":17,"Snake Skull":64,"Bag of Preparation":58,"Letter Opener":64,"Smiling Mask":17,"Ancient Tea Set":46,"Sozu":31,"Calling Bell":64,"Ninja Scroll":42,"Strawberry":46,"Gambling Chip":64,"Red Mask":54,"TungstenRod":101,"Ring of the Snake":0,"Meat on the Bone":94}],"TungstenRod":7,"Ring of the Snake":[56],"Meat on the Bone":12},"card_choices":[{"not_picked":["Dodge and Roll"],"picked":"Blade Dance","floor":1.0},{"not_picked":["Sucker Punch"],"picked":"PiercingWail","floor":2.0},{"not_picked":["Acrobatics","Underhanded Strike"],"picked":"SKIP","floor":3.0},{"not_picked":["Flying Knee"],"picked":"Blade Dance","floor":4.0},{"not_picked":["Finisher"],"picked":"PiercingWail","floor":6.0},{"not_picked":["Dagger Throw"],"picked":"Crippling Poison","floor":7.0},{"not_picked":["Prepared"],"picked":"Adrenaline","floor":8.0},{"not_picked":["Calculated Gamble"],"picked":"Cloak And Dagger","floor":11.0},{"not_picked":["Prepared"],"picked":"Calculated Gamble","floor":14.0},{"not_picked":["Malaise"],"picked":"Night Terror","floor":16.0},{"not_picked":["Sucker Punch+1"],"picked":"Deadly Poison+1","floor":18.0},{"not_picked":["Unload"],"picked":"Outmaneuver","floor":19.0},{"not_picked":["Sucker Punch","Prepared"],"picked":"SKIP","floor":20.0},{"not_picked":["Flying Knee"],"picked":"Predator","floor":24},{"not_picked":["Flying Knee"],"picked":"Blade Dance+1","floor":28},{"not_picked":["Flying Knee"],"picked":"Infinite Blades","floor":29},{"not_picked":["Prepared"],"picked":"Dagger Throw","floor":31},{"not_picked":["Storm of Steel"],"picked":"Doppelganger","floor":33},{"not_picked":["Backstab+1"],"picked":"Quick Slash+1","floor":35},{"not_picked":["Masterful Stab+1"],"picked":"Dodge and Roll","floor":36},{"not_picked":["Calculated Gamble"],"picked":"Cloak And Dagger+1","floor":37},{"not_picked":["Flying Knee"],"picked":"Caltrops","floor":38},{"not_picked":["Quick Slash"],"picked":"Well Laid Plans+1","floor":39},{"not_picked":["Poisoned Stab"],"picked":"Tactician","floor":41},{"not_picked":["Deflect+1"],"picked":"Leg Sweep+1","floor":44},{"not_picked":["Escape Plan"],"picked":"Crippling Poison","floor":45}],"player_experience":841888,"relics_obtained":[{"floor":6.0,"key":"Regal Pillow"},{"floor":9.0,"key":"Oddly Smooth Stone"},{"floor":26,"key":"Strawberry"},{"floor":29,"key":"Red Mask"},{"floor":31,"key":"Bag of Preparation"},{"floor":34,"key":"Snake Skull"},{"floor":34,"key":"Letter Opener"},{"floor":34,"key":"Gambling Chip"},{"floor":41,"key":"Meat on the Bone"},{"floor":43,"key":"Lantern"},{"floor":46,"key":"Potion Belt"}],"event_choices":[{"damage_healed":0.0,"max_hp_gain":0.0,"max_hp_loss":0.0,"gold_gain":0.0,"event_name":"Scrap Ooze","player_choice":"Success","floor":10.0,"gold_loss":0.0,"damage_taken":12.0,"relics_obtained":["Smiling Mask"]},{"damage_healed":0,"gold_gain":0,"player_choice":"Opened","damage_taken":0,"relics_obtained":["Ancient Tea Set"],"max_hp_gain":0,"max_hp_loss":0,"event_name":"The Mausoleum","floor":25,"gold_loss":0},{"damage_healed":0,"gold_gain":0,"player_choice":"Fought Bandits","damage_taken":0,"max_hp_gain":0,"max_hp_loss":0,"event_name":"Masked Bandits","floor":29,"gold_loss":0},{"damage_healed":0,"gold_gain":0,"cards_transformed":["Prepared"],"player_choice":"Transformed","damage_taken":0,"max_hp_gain":0,"max_hp_loss":0,"event_name":"Transmorgrifier","floor":30,"gold_loss":0,"cards_obtained":["Slice"]},{"cards_removed":["Slice"],"damage_healed":0,"gold_gain":0,"player_choice":"Removed Attack","damage_taken":0,"max_hp_gain":0,"max_hp_loss":0,"event_name":"Falling","floor":48,"gold_loss":0}],"is_beta":false,"boss_relics":[{"not_picked":["SacredBark","Ectoplasm"],"picked":"Sozu"},{"not_picked":["Empty Cage","SlaversCollar"],"picked":"Calling Bell"}],"items_purged_floors":[],"is_endless":false,"potions_floor_spawned":[1,2,4,7,11,16,20,21,29,31,33,35,38,44],"ascension_level":0}}