{"host":"Tuck","time":1610613202,"event":{"mods":["BaseMod","Minty Spire (QoL Compilation)","StSLib"],"gold_per_floor":[113,128,148,148,128,172,192,236,261,283,150,177,17,35,35,139,5139,5139,5139,4474,4474,4474,4474,4474,4474,4474,4474,4474,4474,3740,3740,3740,3740,3740,3740,3740,3740,3740,3740,3740,3740,3680,3680,3465,3465,3465,3465,3465,3465,3465,3465,3465,3142,3142,3142],"floor_reached":56,"language":"ENG","playtime":4240,"items_purged":["Strike_P","Strike_P","Defend_P","Defend_P"],"score":1888,"play_id":"f586e981-07d1-4d14-aa58-c74787fd6d9f","local_time":"20210114013322","is_ascension_mode":true,"campfire_choices":[{"data":"Meditate","floor":15.0,"key":"SMITH"},{"data":"TalkToTheHand","floor":23.0,"key":"SMITH"},{"data":"MentalFortress","floor":25.0,"key":"SMITH"},{"data":"Vault","floor":32.0,"key":"SMITH"},{"floor":49,"key":"RECALL"},{"data":"Ragnarok","floor":52,"key":"SMITH"}],"circlet_count":0,"master_deck":["Defend_P+1","Vigilance+1","EmptyFist","Tantrum+1","Meditate+1","Prostrate","Sanctity+1","Crescendo+1","CutThroughFate","DevaForm","Adaptation+1","Vault+1","Prostrate+1","TalkToTheHand+1","MentalFortress+1","WheelKick+1","Establishment+1","Omniscience+1","LessonLearned+1","Vault+1","LikeWater","Ragnarok+1","EmptyMind+1","Consecrate+1","LikeWater","MentalFortress+1","LikeWater","Wish+1","Fasting2"],"relics":["Empty Cage","CeramicFish","Omamori","Bronze Scales","Potion Belt","Ectoplasm","Question Card","Bottled Lightning","Ancient Tea Set","Pear","Singing Bowl","Damaru","Gambling Chip","Lee\u0027s Waffle","Smiling Mask","Cursed Key","WingedGreaves","Prayer Wheel","Pen Nib","HornCleat","Strawberry","Vajra","Happy Flower","Nunchaku","Boot","Mercury Hourglass","War Paint"],"acts_visited":["Exordium","TheCity","TheBeyond","TheEnding"],"potions_floor_usage":[55,55,55],"damage_taken":[{"damage":0.0,"enemies":"Cultist","floor":1.0,"turns":4.0},{"damage":6.0,"enemies":"Jaw Worm","floor":2.0,"turns":3.0},{"damage":1.0,"enemies":"2 Louse","floor":3.0,"turns":2.0},{"damage":5.0,"enemies":"3 Sentries","floor":6.0,"turns":7.0},{"damage":4.0,"enemies":"Looter","floor":7.0,"turns":3.0},{"damage":0.0,"enemies":"Lagavulin","floor":8.0,"turns":4.0},{"damage":0.0,"enemies":"Gremlin Gang","floor":10.0,"turns":3.0},{"damage":0.0,"enemies":"Gremlin Nob","floor":12.0,"turns":2.0},{"damage":2.0,"enemies":"Red Slaver","floor":14.0,"turns":2.0},{"damage":8.0,"enemies":"The Guardian","floor":16.0,"turns":8.0},{"damage":1.0,"enemies":"Spheric Guardian","floor":18.0,"turns":5.0},{"damage":0.0,"enemies":"Shell Parasite","floor":19.0,"turns":4.0},{"damage":6.0,"enemies":"3 Cultists","floor":21.0,"turns":4.0},{"damage":1.0,"enemies":"Chosen and Byrds","floor":22.0,"turns":4.0},{"damage":0.0,"enemies":"Slavers","floor":24.0,"turns":4.0},{"damage":0.0,"enemies":"Gremlin Leader","floor":27.0,"turns":5.0},{"damage":3.0,"enemies":"Book of Stabbing","floor":28.0,"turns":4.0},{"damage":0.0,"enemies":"Shelled Parasite and Fungi","floor":29.0,"turns":4.0},{"damage":0.0,"enemies":"Slavers","floor":31.0,"turns":3.0},{"damage":0.0,"enemies":"Collector","floor":33.0,"turns":5.0},{"damage":0.0,"enemies":"Orb Walker","floor":35.0,"turns":3.0},{"damage":0.0,"enemies":"2 Orb Walkers","floor":37.0,"turns":4.0},{"damage":0.0,"enemies":"3 Darklings","floor":39.0,"turns":4.0},{"damage":4,"enemies":"Giant Head","floor":40,"turns":6},{"damage":0,"enemies":"Reptomancer","floor":41,"turns":3},{"damage":0,"enemies":"Giant Head","floor":45,"turns":4},{"damage":0,"enemies":"Reptomancer","floor":46,"turns":4},{"damage":0,"enemies":"Jaw Worm Horde","floor":47,"turns":4},{"damage":0,"enemies":"Nemesis","floor":48,"turns":9},{"damage":34,"enemies":"Time Eater","floor":50,"turns":7},{"damage":0,"enemies":"Shield and Spear","floor":54,"turns":3},{"damage":1,"enemies":"The Heart","floor":55,"turns":6}],"seed_played":"-1359121963517834453","potions_obtained":[{"floor":1.0,"key":"LiquidBronze"},{"floor":3.0,"key":"BottledMiracle"},{"floor":5.0,"key":"Block Potion"},{"floor":12.0,"key":"PowerPotion"},{"floor":28.0,"key":"Fruit Juice"},{"floor":29.0,"key":"Swift Potion"},{"floor":41,"key":"Ambrosia"},{"floor":46,"key":"DuplicationPotion"}],"is_trial":false,"path_per_floor":["M","M","M","?","?","E","M","E","T","M","$","E","$","M","R","B",null,"M","M","$","M","M","R","E","R","T","E","E","M","$","E","R","B",null,"M","?","?","?","M","E","E","?","T","$","E","E","M","E","R","B",null,"R","$","E","B",null],"character_chosen":"WATCHER","items_purchased":["Adaptation","SandsOfTime","Question Card","Bottled Lightning","PowerPotion","Damaru","Gambling Chip","Lee\u0027s Waffle","LikeWater","Vajra","Fasting2","Mercury Hourglass"],"campfire_rested":0,"item_purchase_floors":[11,13,20,20,20,30,30,30,44,44,53,53],"current_hp_per_floor":[72,66,65,65,65,60,56,56,56,56,56,56,56,54,54,46,72,71,71,71,65,64,64,64,64,64,74,71,78,96,98,98,98,98,100,100,102,102,104,100,100,100,107,107,109,109,111,111,111,77,115,115,115,117,116],"gold":3142,"neow_bonus":"BOSS_RELIC","is_daily":false,"chose_seed":false,"campfire_upgraded":5,"win_rate":0.0,"timestamp":1610613202,"path_taken":["M","M","?","?","?","E","?","E","T","?","$","E","?","M","R","BOSS","M","?","$","M","M","R","E","R","T","E","E","M","$","E","R","BOSS","M","?","?","?","?","E","E","?","T","$","E","E","?","E","R","BOSS","R","$","E","BOSS"],"items_purchased_type":["Card","Card","Relic","Relic","Potion","Relic","Relic","Relic","Card","Relic","Card","Relic"],"build_version":"2020-12-18","purchased_purges":4,"victory":true,"max_hp_per_floor":[72,72,72,72,72,72,72,72,72,72,72,72,72,72,72,72,72,72,72,72,72,72,72,72,72,72,82,82,89,96,98,98,98,98,100,100,102,102,104,104,104,104,111,111,113,113,115,115,115,115,115,115,115,117,117],"card_choices":[{"not_picked":["Nirvana","Fasting2"],"picked":"EmptyFist","floor":1.0},{"not_picked":["BowlingBash","PathToVictory"],"picked":"Tantrum","floor":2.0},{"not_picked":["BowlingBash","ThirdEye"],"picked":"Meditate","floor":3.0},{"not_picked":["Tantrum","Halt"],"picked":"Sanctity","floor":6.0},{"not_picked":["Evaluate","EmptyFist"],"picked":"Crescendo","floor":7.0},{"not_picked":["PathToVictory","SashWhip"],"picked":"CutThroughFate","floor":8.0},{"not_picked":["Fasting2","Consecrate"],"picked":"DevaForm","floor":10.0},{"not_picked":["EmptyFist","WreathOfFlame","JustLucky"],"picked":"SKIP","floor":12.0},{"not_picked":["BowlingBash","Wireheading","Crescendo"],"picked":"SKIP","floor":14.0},{"not_picked":["Scrawl","Blasphemy"],"picked":"Vault","floor":16.0},{"not_picked":["DeceiveReality","ReachHeaven"],"picked":"Prostrate","floor":18.0},{"not_picked":["ForeignInfluence","FollowUp","Prostrate"],"picked":"SKIP","floor":19.0},{"not_picked":["Consecrate","DevaForm","EmptyBody"],"picked":"TalkToTheHand","floor":21.0},{"not_picked":["PathToVictory","Tantrum","Protect"],"picked":"MentalFortress","floor":22.0},{"not_picked":["ThirdEye+1","Wireheading+1","Prostrate","WindmillStrike"],"picked":"SKIP","floor":24.0},{"not_picked":["FlurryOfBlows","Tantrum","EmptyFist+1","DeusExMachina"],"picked":"SKIP","floor":27.0},{"not_picked":["Protect+1","Sanctity","EmptyBody"],"picked":"WheelKick","floor":28.0},{"not_picked":["PathToVictory","Crescendo","Tantrum+1","Pray"],"picked":"Singing Bowl","floor":29.0},{"not_picked":["CutThroughFate","JustLucky","BattleHymn+1","BowlingBash"],"picked":"Singing Bowl","floor":31.0},{"not_picked":["Establishment","Ragnarok","Omniscience"],"picked":"Vault","floor":33.0},{"not_picked":["Conclude+1","DeceiveReality","ThirdEye","BowlingBash+1"],"picked":"Singing Bowl","floor":35.0},{"not_picked":["Crescendo","CrushJoints","Study","Perseverance"],"picked":"Singing Bowl","floor":37.0},{"not_picked":["Prostrate+1","PathToVictory","BowlingBash"],"picked":"Tantrum+1","floor":39.0},{"not_picked":["ThirdEye+1","PathToVictory","Collect","Evaluate+1"],"picked":"Singing Bowl","floor":39.0},{"not_picked":["Establishment","ThirdEye","Halt+1"],"picked":"LikeWater","floor":40},{"not_picked":["Protect","ThirdEye","BowlingBash"],"picked":"Ragnarok","floor":41},{"not_picked":["FollowUp","CutThroughFate+1","FlyingSleeves+1","Tantrum"],"picked":"Singing Bowl","floor":45},{"not_picked":["Adaptation+1","Collect+1","JustLucky+1"],"picked":"MentalFortress+1","floor":46},{"not_picked":["InnerPeace+1","SashWhip","Wireheading"],"picked":"LikeWater","floor":47},{"not_picked":["ThirdEye","JustLucky","PathToVictory+1","Collect"],"picked":"Singing Bowl","floor":47},{"not_picked":["SignatureMove","Protect+1","ThirdEye"],"picked":"Wish","floor":48},{"not_picked":["InnerPeace+1","Evaluate","BowlingBash+1","Worship"],"picked":"Singing Bowl","floor":54}],"player_experience":2259863,"relics_obtained":[{"floor":6.0,"key":"CeramicFish"},{"floor":8.0,"key":"Omamori"},{"floor":9.0,"key":"Bronze Scales"},{"floor":12.0,"key":"Potion Belt"},{"floor":24.0,"key":"Ancient Tea Set"},{"floor":27.0,"key":"Pear"},{"floor":28.0,"key":"Singing Bowl"},{"floor":31.0,"key":"Smiling Mask"},{"floor":37.0,"key":"Prayer Wheel"},{"floor":40,"key":"Pen Nib"},{"floor":41,"key":"HornCleat"},{"floor":43,"key":"Strawberry"},{"floor":45,"key":"Happy Flower"},{"floor":46,"key":"Nunchaku"},{"floor":48,"key":"Boot"},{"floor":54,"key":"War Paint"}],"event_choices":[{"damage_healed":0.0,"max_hp_gain":0.0,"max_hp_loss":0.0,"gold_gain":0.0,"cards_transformed":["Strike_P"],"event_name":"Living Wall","player_choice":"Change","floor":4.0,"gold_loss":0.0,"damage_taken":0.0,"cards_obtained":["Prostrate"]},{"damage_healed":0.0,"max_hp_gain":0.0,"max_hp_loss":0.0,"gold_gain":0.0,"event_name":"The Woman in Blue","player_choice":"Bought 1 Potion","floor":5.0,"gold_loss":0.0,"damage_taken":0.0},{"cards_removed":["Eruption"],"damage_healed":0.0,"max_hp_gain":0.0,"max_hp_loss":0.0,"gold_gain":0.0,"event_name":"Falling","player_choice":"Removed Attack","floor":36.0,"gold_loss":0.0,"damage_taken":0.0},{"damage_healed":0.0,"max_hp_gain":0.0,"max_hp_loss":0.0,"gold_gain":0.0,"event_name":"Mysterious Sphere","player_choice":"Fight","floor":37.0,"gold_loss":0.0,"damage_taken":0.0},{"damage_healed":0.0,"max_hp_gain":0.0,"max_hp_loss":0.0,"gold_gain":0.0,"event_name":"Upgrade Shrine","player_choice":"Upgraded","floor":38.0,"gold_loss":0.0,"damage_taken":0.0,"cards_upgraded":["Tantrum"]},{"damage_healed":0,"gold_gain":0,"cards_transformed":["Tantrum","SandsOfTime"],"player_choice":"Transformed Cards","damage_taken":0,"max_hp_gain":0,"max_hp_loss":0,"event_name":"Designer","floor":42,"gold_loss":60,"cards_obtained":["EmptyMind","Consecrate"]}],"is_beta":true,"boss_relics":[{"not_picked":["Runic Dome","Busted Crown","Sozu"]},{"not_picked":["Tiny House","Philosopher\u0027s Stone"],"picked":"Cursed Key"}],"items_purged_floors":[11,13,20,30],"is_endless":false,"potions_floor_spawned":[1,3,7,8,12,21,24,28,29,33,39,41,46,47,48,54],"ascension_level":1}}