{"host":"tom9euzqew4po1rs","time":1610656334,"event":{"mods":["BaseMod","Curses Come First","Downfall","Minty Spire (QoL Compilation)","Quick Restart","Rare Cards Sparkle","Replay The Spire","StSLib"],"gold_per_floor":[99,113,131,1,1,15,15,28,28,28,28,45,76,90,105,203,203,53,73,73,92,92,92,115,126,139,139,156,1,1,15,26,128,128,128,143,26,26,72,86,168,182,282,297,397,407,0,19,29,29],"floor_reached":51,"language":"ENG","playtime":5072,"items_purged":[],"score":732,"play_id":"0e45b2e5-2b1f-484f-97ab-02214dc4dc68","local_time":"20210114153214","is_ascension_mode":false,"campfire_choices":[{"floor":1,"key":"DIG"},{"floor":9,"key":"RECALL"},{"data":"Guardian:SpikerProtocol","floor":11,"key":"SMITH"},{"floor":18,"key":"DIG"},{"data":"Guardian:BronzeOrb","floor":27,"key":"SMITH"},{"data":"Guardian:DecasProtection","floor":30,"key":"SMITH"},{"floor":35,"key":"DIG"}],"circlet_count":0,"master_deck":["Guardian:CurlUp","Guardian:TwinSlam","Guardian:SpikerProtocol+1","Guardian:EvasiveProtocol","Guardian:Suspension","Guardian:ChargeUp","Guardian:Preprogram","Guardian:ChargeCore","Guardian:FastForward+1","Guardian:SpikerProtocol+1","Guardian:ChargeUp","Guardian:TimeCapacitor+1","Guardian:PiercingHide","Guardian:BronzeOrb+1","Guardian:ShieldCharger","Guardian:DecasProtection+1","Guardian:PiercingHide","Guardian:ExploitGems","Guardian:RevengeProtocol+1","Guardian:EvasiveProtocol+1","Guardian:BaubleBeam","Guardian:Planning","Guardian:MultiBeam","Guardian:Planning","Guardian:PrismaticBeam","Guardian:TemporalShield","Guardian:CrystalBeam","Guardian:FloatingOrbs+1","Guardian:Gem_Cyan","Guardian:CrystalBeam","Guardian:Gem_Purple","Guardian:Reroute+1","Guardian:Gem_Green","Guardian:TimeCapacitor+1","Guardian:PiercingHide+1","Guardian:HyperBeam_Guardian","Guardian:ShieldCharger","Guardian:ShieldCharger","Guardian:Gem_Blue","Guardian:Gem_Blue","Guardian:Gem_Cyan","Guardian:ShieldCharger","Guardian:Gem_Blue","Enlightenment","Guardian:WalkerClaw+1","Guardian:Gem_Red"],"relics":["Guardian:ModeShifter","The Courier","Bag of Marbles","Pantograph","Frozen Egg 2","Guardian:StasisSlotReductionRelic","downfall:HeartBlessingRed","downfall:HeartBlessingGreen","Omamori","Replay:Rubber Ducky","Pandora\u0027s Box","Replay:Ringing Soul","Gremlin Horn","Unceasing Top","White Beast Statue","Replay:Wax Seal"],"acts_visited":["Exordium","TheCity","TheBeyond"],"potions_floor_usage":[12,13,15,16,21,28,32,33,44,44,44,47,48,49,50],"damage_taken":[{"damage":2,"enemies":"Small Slimes","floor":2,"turns":4},{"damage":4,"enemies":"Jaw Worm","floor":3,"turns":4},{"damage":0,"enemies":"downfall:FleeingMerchant","floor":4,"turns":4},{"damage":0,"enemies":"2 Louse","floor":6,"turns":2},{"damage":10,"enemies":"Exordium Thugs","floor":8,"turns":4},{"damage":13,"enemies":"Gremlin Gang","floor":12,"turns":4},{"damage":27,"enemies":"3 Sentries","floor":13,"turns":9},{"damage":0,"enemies":"2 Fungi Beasts","floor":14,"turns":5},{"damage":0,"enemies":"Lots of Slimes","floor":15,"turns":5},{"damage":19,"enemies":"downfall:Watcher","floor":16,"turns":13},{"damage":0,"enemies":"3 Byrds","floor":19,"turns":4},{"damage":0,"enemies":"Chosen","floor":20,"turns":1},{"damage":4,"enemies":"Shelled Parasite and Fungi","floor":21,"turns":5},{"damage":9,"enemies":"Centurion and Healer","floor":25,"turns":5},{"damage":4,"enemies":"Sentry and Sphere","floor":26,"turns":5},{"damage":0,"enemies":"Shelled Parasite and Fungi","floor":28,"turns":4},{"damage":0,"enemies":"downfall:FleeingMerchant","floor":29,"turns":4},{"damage":0,"enemies":"Centurion and Healer","floor":31,"turns":6},{"damage":0,"enemies":"Cultist and Chosen","floor":32,"turns":6},{"damage":7,"enemies":"downfall:Silent","floor":33,"turns":6},{"damage":0,"enemies":"3 Shapes","floor":36,"turns":4},{"damage":0,"enemies":"downfall:FleeingMerchant","floor":37,"turns":4},{"damage":6,"enemies":"2 Orb Walkers","floor":39,"turns":5},{"damage":0,"enemies":"Orb Walker","floor":40,"turns":3},{"damage":0,"enemies":"Writhing Mass","floor":42,"turns":6},{"damage":0,"enemies":"Transient","floor":44,"turns":5},{"damage":0,"enemies":"downfall:LadyInBlue","floor":45,"turns":8},{"damage":0,"enemies":"Maw","floor":46,"turns":7},{"damage":0,"enemies":"downfall:FleeingMerchant","floor":47,"turns":4},{"damage":0,"enemies":"3 Darklings","floor":48,"turns":4},{"damage":0,"enemies":"Jaw Worm Horde","floor":49,"turns":4},{"damage":26,"enemies":"downfall:Ironclad","floor":50,"turns":12}],"seed_played":"-2011204318601936349","potions_obtained":[{"floor":8,"key":"BlessingOfTheForge"},{"floor":12,"key":"SteroidPotion"},{"floor":14,"key":"Strength Potion"},{"floor":15,"key":"LiquidBronze"},{"floor":19,"key":"Swift Potion"},{"floor":26,"key":"DuplicationPotion"},{"floor":28,"key":"Ancient Potion"},{"floor":32,"key":"Regen Potion"},{"floor":39,"key":"Strength Potion"},{"floor":40,"key":"Dexterity Potion"},{"floor":42,"key":"Energy Potion"},{"floor":45,"key":"Slimebound:ThreeZeroPotion"},{"floor":45,"key":"GamblersBrew"},{"floor":45,"key":"Guardian:DefensiveModePotion"},{"floor":45,"key":"Languid Potion"},{"floor":47,"key":"Fire Potion"},{"floor":48,"key":"Flashbang"},{"floor":49,"key":"hexamod:EctoCoolerPotion"}],"is_trial":false,"path_per_floor":["R","M","M","$","?","M","T","M","R","?","R","M","E","M","M","B",null,"R","M","M","M","?","?","T","M","M","R","M","$","R","M","M","B",null,"R","M","$","?","?","M","T","M","?","M","?","M","$","M","M","B",null],"character_chosen":"GUARDIAN","items_purchased":["Bag of Marbles","Guardian:Gem_Synthetic","Guardian:DecasProtection","Guardian:FloatingOrbs+1","Guardian:Gem_Cyan","Replay:Wax Seal","Guardian:ShieldCharger","Guardian:ShieldCharger","Guardian:Gem_Blue","Guardian:Gem_Cyan","Guardian:ShieldCharger","Guardian:Gem_Blue","Enlightenment"],"campfire_rested":0,"item_purchase_floors":[4,29,29,37,37,47,47,47,47,47,47,47,47],"current_hp_per_floor":[88,86,82,82,82,82,82,72,72,72,72,59,32,32,32,38,88,88,88,88,84,67,67,67,58,54,54,54,54,54,54,54,87,93,93,96,99,99,96,99,99,102,102,105,108,111,114,117,120,100],"gold":29,"neow_bonus":"TEN_PERCENT_HP_BONUS","is_daily":false,"chose_seed":false,"campfire_upgraded":3,"win_rate":0.0,"timestamp":1610656334,"path_taken":["R","M","M","$","?","M","T","M","R","?","R","M","E","M","M","BOSS","R","M","M","M","?","?","T","?","M","R","M","$","R","?","M","BOSS","R","M","$","?","?","M","T","M","?","?","?","M","?","?","M","BOSS"],"items_purchased_type":["Relic","Card","Card","Card","Card","Relic","Card","Card","Card","Card","Card","Card","Card"],"build_version":"2020-12-22","purchased_purges":0,"victory":true,"max_hp_per_floor":[88,88,88,88,88,88,88,88,88,88,88,88,88,88,88,88,88,88,88,88,88,93,93,93,93,93,93,93,93,93,93,93,93,93,93,96,99,99,102,105,105,108,108,111,114,117,120,123,126,126],"card_choices":[{"not_picked":["Guardian:RollAttack","Guardian:PolyBeam","Guardian:Planning"],"picked":"SKIP","floor":2},{"not_picked":["Guardian:TemporalShield","Guardian:PiercingHide"],"picked":"Guardian:SpikerProtocol","floor":3},{"not_picked":["Guardian:VentSteam","Guardian:ShieldCharger"],"picked":"Guardian:EvasiveProtocol","floor":4},{"not_picked":["Guardian:TimeBomb","Guardian:Gem_Lightblue"],"picked":"Guardian:Gem_Green","floor":6},{"not_picked":["Guardian:RollAttack","Guardian:GuardianWhirl"],"picked":"Guardian:Suspension","floor":8},{"not_picked":["Guardian:RefractedBeam","Guardian:PiercingHide"],"picked":"Guardian:Gem_Cyan","floor":12},{"not_picked":["Guardian:Incinerate","Guardian:FastForward"],"picked":"Guardian:ChargeUp","floor":13},{"not_picked":["Guardian:PrimingBeam","Guardian:Gem_White"],"picked":"Guardian:Preprogram","floor":14},{"not_picked":["Guardian:Gem_Cyan","Guardian:PrimingBeam"],"picked":"Guardian:ChargeCore","floor":15},{"not_picked":["Guardian:ConstructionForm+1","Guardian:HyperBeam_Guardian"],"picked":"Guardian:FastForward","floor":16},{"not_picked":["Guardian:TemporalStrike","Guardian:Planning"],"picked":"Guardian:SpikerProtocol+1","floor":19},{"not_picked":["Guardian:RollAttack","Guardian:PolyBeam+1"],"picked":"Guardian:ChargeUp","floor":20},{"not_picked":["Guardian:Recover","Guardian:TemporalShield+1"],"picked":"Guardian:TimeCapacitor+1","floor":21},{"not_picked":["Guardian:ChargeCore+1","Guardian:PrimingBeam"],"picked":"Guardian:PiercingHide","floor":25},{"not_picked":["Guardian:TemporalStrike","Guardian:Gem_Fragmented"],"picked":"Guardian:BronzeOrb","floor":26},{"not_picked":["Guardian:Gem_Green","Guardian:PiercingHide"],"picked":"Guardian:Gem_Lightblue","floor":28},{"not_picked":["Guardian:Recover","Guardian:Gem_Fragmented"],"picked":"Guardian:ShieldCharger","floor":29},{"not_picked":["Guardian:PrimingBeam","Guardian:EvasiveProtocol+1"],"picked":"Guardian:PiercingHide","floor":31},{"not_picked":["Guardian:Gem_Green","Guardian:Gem_Cyan"],"picked":"Guardian:ExploitGems","floor":32},{"not_picked":["Guardian:FastForward","Guardian:StasisField"],"picked":"Guardian:RevengeProtocol+1","floor":33},{"not_picked":["Guardian:Gem_Blue","Guardian:Planning+1"],"picked":"Guardian:TemporalShield","floor":36},{"not_picked":["Guardian:BronzeArmor+1","Guardian:VentSteam"],"picked":"Guardian:CrystalBeam","floor":37},{"not_picked":["Guardian:ChargeCore","Guardian:Gem_Cyan"],"picked":"Guardian:CrystalBeam","floor":39},{"not_picked":["Guardian:Gem_Cyan","Guardian:TemporalShield"],"picked":"Guardian:Gem_Purple","floor":40},{"not_picked":["Guardian:EvasiveProtocol+1","Guardian:Clone+1"],"picked":"Guardian:Reroute+1","floor":42},{"not_picked":["Guardian:Reroute+1","Guardian:Planning+1"],"picked":"Guardian:Gem_Green","floor":44},{"not_picked":["Guardian:ChargeCore+1","Guardian:ConstructionForm+1"],"picked":"Guardian:TimeCapacitor+1","floor":45},{"not_picked":["Guardian:TemporalShield","Guardian:Recover+1"],"picked":"Guardian:PiercingHide+1","floor":46},{"not_picked":["Guardian:AncientConstruct+1","Guardian:EvasiveProtocol+1"],"picked":"Guardian:HyperBeam_Guardian","floor":47},{"not_picked":["Guardian:Planning+1","Guardian:PiercingHide"],"picked":"Guardian:WalkerClaw+1","floor":48},{"not_picked":["Guardian:ChargeCore","Guardian:Gem_Purple"],"picked":"Guardian:Gem_Red","floor":49}],"player_experience":127921,"relics_obtained":[{"floor":1,"key":"The Courier"},{"floor":7,"key":"Pantograph"},{"floor":13,"key":"Frozen Egg 2"},{"floor":18,"key":"Omamori"},{"floor":24,"key":"Replay:Rubber Ducky"},{"floor":35,"key":"Replay:Ringing Soul"},{"floor":38,"key":"Gremlin Horn"},{"floor":39,"key":"Unceasing Top"},{"floor":45,"key":"White Beast Statue"}],"event_choices":[{"damage_healed":0,"gold_gain":0,"player_choice":"Upgraded","damage_taken":0,"max_hp_gain":0,"max_hp_loss":0,"event_name":"Upgrade Shrine","floor":23,"gold_loss":0,"cards_upgraded":["Guardian:FastForward"]},{"damage_healed":0,"gold_gain":0,"player_choice":"Fight","damage_taken":0,"max_hp_gain":0,"max_hp_loss":0,"event_name":"Mysterious Sphere","floor":39,"gold_loss":0}],"is_beta":false,"boss_relics":[{"not_picked":["Coffee Dripper","Astrolabe"],"picked":"Guardian:StasisSlotReductionRelic"},{"not_picked":["Runic Dome","Replay:Wanted Poster"],"picked":"Pandora\u0027s Box"}],"items_purged_floors":[],"is_endless":false,"potions_floor_spawned":[8,12,14,15,19,26,28,32,39,40,42,45,46,47,48,49],"ascension_level":0}}