{"host":"gk9qdtkqd8dwfeg2","time":1610623345,"event":{"mods":["Aspiration","BaseMod","Colored Powertips","KomeijiMod","Minty Spire (QoL Compilation)","Quick Restart","Replay The Spire","Shop Mod","StSLib","TestMod","The Gatherer","The Servant 0.9.4","Waifu the Spire","WarShipGirlsR/战舰少女R mod","Yuri Mod","vexMod"],"gold_per_floor":[119,44,63,43,61,91,91,118,118,18,32,32,52,80,80,155,155,170,370,382,392,392,422,422,457,457,457,473,489,32,59,59,133,133,146,160,560,576,576,603,603,634,661,673,673,690,708,14,14,14,14,14,46,81,81],"floor_reached":56,"language":"ZHS","playtime":2110,"items_purged":["Strike_R","Spreading Infection","Pain","Replay:Hysterical Blindness"],"score":2490,"play_id":"f8d09f75-b072-427f-bc9c-88cfe9e470d0","local_time":"20210114192225","is_ascension_mode":true,"campfire_choices":[{"data":"Massacre","floor":7.0,"key":"SMITH"},{"data":"Armaments","floor":15.0,"key":"SMITH"},{"data":"Barricade","floor":24,"key":"SMITH"},{"floor":41,"key":"RECALL"},{"data":"Shame","floor":45,"key":"PURGE"},{"data":"Overencumbered","floor":49,"key":"PURGE"},{"data":"Strike_R","floor":52,"key":"PURGE"}],"circlet_count":0,"master_deck":["AscendersBane","Strike_R+1","Strike_R+1","Strike_R+1","Defend_R","Defend_R","Defend_R+1","Defend_R+1","Bash","Pain","Massacre+1","Pummel","Replay:Many Hands+1","Feel No Pain","Armaments+1","Limit Break+1","Barricade+1","Exhaustion","Body Slam","Berserk","Hemogenesis","Shrug It Off","Seeing Red+1","Berserk","True Grit"],"relics":["Burning Blood","testmod-Nyarlathotep","Whetstone","Centennial Puzzle","testmod-BlackFramedGlasses","Darkstone Periapt","Nunchaku","Dead Branch","WarpedTongs","aspiration:FetidBarrel","Oddly Smooth Stone","MerchantsRug","vexMod:InvisibilityCloak","testmod-Recursion","aspiration:Nostalgia","rmod:firstchargereward","Bronze Scales","testmod-IndustrialRevolution","testmod-TurbochargingSystem","testmod-IntensifyImprint","Medical Kit","Art of War"],"acts_visited":["Exordium","TheCity","TheBeyond","TheEnding"],"potions_floor_usage":[23,25,29,33,48,50,55,55],"damage_taken":[{"damage":2.0,"enemies":"Cultist","floor":1.0,"turns":2.0},{"damage":0.0,"enemies":"2 Louse","floor":3.0,"turns":1.0},{"damage":13.0,"enemies":"Jaw Worm","floor":5.0,"turns":2.0},{"damage":18.0,"enemies":"Lagavulin","floor":6.0,"turns":5.0},{"damage":0.0,"enemies":"3 Sentries","floor":8.0,"turns":1.0},{"damage":4.0,"enemies":"Gremlin Gang","floor":11.0,"turns":3.0},{"damage":18.0,"enemies":"3 Louse","floor":13.0,"turns":2.0},{"damage":0.0,"enemies":"Gremlin Nob","floor":14.0,"turns":2.0},{"damage":3.0,"enemies":"Slime Boss","floor":16.0,"turns":4.0},{"damage":3.0,"enemies":"2 Thieves","floor":18.0,"turns":3.0},{"damage":11.0,"enemies":"Chosen","floor":20.0,"turns":4.0},{"damage":23.0,"enemies":"Shelled Parasite and Fungi","floor":21.0,"turns":3.0},{"damage":15,"enemies":"Slavers","floor":23,"turns":5},{"damage":26,"enemies":"Book of Stabbing","floor":25,"turns":3},{"damage":7,"enemies":"Sentry and Sphere","floor":28,"turns":2},{"damage":3,"enemies":"Snecko","floor":29,"turns":2},{"damage":34,"enemies":"Slavers","floor":31,"turns":3},{"damage":8,"enemies":"Collector","floor":33,"turns":6},{"damage":1,"enemies":"Orb Walker","floor":35,"turns":3},{"damage":0,"enemies":"3 Shapes","floor":36,"turns":3},{"damage":5,"enemies":"Maw","floor":38,"turns":4},{"damage":8,"enemies":"Giant Head","floor":40,"turns":4},{"damage":15,"enemies":"R_Hoarder","floor":42,"turns":5},{"damage":3,"enemies":"Sphere and 2 Shapes","floor":44,"turns":3},{"damage":3,"enemies":"3 Darklings","floor":46,"turns":3},{"damage":9,"enemies":"Jaw Worm Horde","floor":47,"turns":3},{"damage":36,"enemies":"Time Eater","floor":50,"turns":5},{"damage":8,"enemies":"Shield and Spear","floor":54,"turns":2},{"damage":17,"enemies":"The Heart","floor":55,"turns":3}],"seed_played":"-6949653198173508123","potions_obtained":[{"floor":1.0,"key":"SteroidPotion"},{"floor":4.0,"key":"GamblersBrew"},{"floor":16.0,"key":"Adrenaline Potion"},{"floor":23,"key":"Dexterity Potion"},{"floor":28,"key":"testmod-SpacePotion"},{"floor":29,"key":"Milkshake"},{"floor":32,"key":"testmod-TimePotion"},{"floor":32,"key":"Swift Potion"},{"floor":35,"key":"Block Potion"}],"is_trial":false,"path_per_floor":["M","$","M","?","M","E","R","E","T","$","M","$","M","E","R","B",null,"M","?","M","M","?","E","R","E","T","R","M","M","$","E","R","B",null,"M","M","?","M","?","E","R","E","T","M","R","M","M","$","R","B",null,"R","$","E","B",null],"character_chosen":"IRONCLAD","items_purchased":["Oddly Smooth Stone","War Paint","MerchantsRug","Berserk","testmod-IntensifyImprint","testmod-SpacePotion","Adrenaline Potion","Adrenaline Potion","Medical Kit"],"campfire_rested":0,"item_purchase_floors":[30,30,30,48,48,48,48,48,53],"current_hp_per_floor":[68,68,68,68,61,49,49,55,55,55,60,60,50,58,58,65,85,86,86,82,68,74,70,70,53,53,80,81,86,86,61,61,65,85,92,92,92,92,92,92,92,87,87,92,92,92,91,91,91,66,86,86,86,86,78],"gold":81,"neow_bonus":"ONE_RARE_RELIC","is_daily":false,"chose_seed":false,"campfire_upgraded":3,"win_rate":0.0,"timestamp":1610623345,"path_taken":["M","$","?","?","M","E","R","E","T","$","M","$","M","E","R","BOSS","M","?","?","M","?","E","R","E","T","R","M","?","$","E","R","BOSS","M","M","?","M","?","E","R","E","T","M","R","M","M","$","R","BOSS","R","$","E","BOSS"],"items_purchased_type":["Relic","Relic","Relic","Card","Relic","Potion","Potion","Potion","Relic"],"build_version":"2020-12-22","purchased_purges":4,"victory":true,"max_hp_per_floor":[68,68,68,68,68,68,68,68,68,68,68,68,68,68,68,68,86,86,86,86,86,92,92,92,92,92,92,92,92,92,92,92,92,92,92,92,92,92,92,92,92,92,92,92,92,92,92,92,92,92,92,92,92,92,92],"card_choices":[{"not_picked":["Thunderclap","Pommel Strike"],"picked":"Massacre","floor":1.0},{"not_picked":["Iron Wave","Disarm"],"picked":"Pummel","floor":3.0},{"not_picked":["Pommel Strike","Replay:Undeath\u0027s Touch","Heavy Blade"],"picked":"SKIP","floor":5.0},{"not_picked":["Replay:Undeath\u0027s Touch","Headbutt"],"picked":"Replay:Many Hands","floor":6.0},{"not_picked":["Whirlwind","Replay:Undeath\u0027s Touch"],"picked":"Feel No Pain","floor":8.0},{"not_picked":["Rage","Warcry"],"picked":"Armaments","floor":11.0},{"not_picked":["Massacre","Sword Boomerang","Carnage"],"picked":"SKIP","floor":13.0},{"not_picked":["Power Through","Wild Strike"],"picked":"Limit Break","floor":14.0},{"not_picked":["Demon Form","Bludgeon"],"picked":"Barricade","floor":16.0},{"not_picked":["Lonely","CurseOfTheBell"],"picked":"Exhaustion","floor":17.0},{"not_picked":["Pain","ReplayTheSpireMod:Splinters"],"picked":"Replay:Hysterical Blindness","floor":17.0},{"not_picked":["ReplayTheSpireMod:Faulty Equipment","ReplayTheSpireMod:IOU"],"picked":"Overencumbered","floor":17.0},{"not_picked":["Thunderclap","Armaments"],"picked":"Body Slam","floor":18.0},{"not_picked":["Carnage+1","Replay:Undeath\u0027s Touch","ReplayTheSpireMod:Stacked"],"picked":"SKIP","floor":20.0},{"not_picked":["Iron Wave","Clash","Cleave"],"picked":"SKIP","floor":21.0},{"not_picked":["Demon Form","Anger"],"picked":"Berserk","floor":23},{"not_picked":["ReplayReversal","Armaments","ReplayTheSpireMod:Limb From Limb"],"picked":"SKIP","floor":25},{"not_picked":["True Grit","Havoc","Run Through"],"picked":"SKIP","floor":28},{"not_picked":["Shrug It Off","Clash","Armaments"],"picked":"SKIP","floor":29},{"not_picked":["Wild Strike","Clash"],"picked":"Hemogenesis","floor":31},{"not_picked":["Run Through+1","Body Slam","Armaments"],"picked":"SKIP","floor":35},{"not_picked":["Cleave","Run Through"],"picked":"Shrug It Off","floor":36},{"not_picked":["Headbutt","Flex","ReplayTheSpireMod:Strike From Hell+1"],"picked":"SKIP","floor":38},{"not_picked":["Evolve+1","ReplayTheSpireMod:LeadingStrike+1","Iron Wave"],"picked":"SKIP","floor":40},{"not_picked":["Replay:Undeath\u0027s Touch","Rage","Run Through+1"],"picked":"SKIP","floor":42},{"not_picked":["Body Slam","Rage","Defy Death+1"],"picked":"SKIP","floor":44},{"not_picked":["Hemogenesis","Warcry","Shrug It Off"],"picked":"SKIP","floor":46},{"not_picked":["True Grit","Cleave+1"],"picked":"Seeing Red+1","floor":47},{"not_picked":["Cleave","Headbutt"],"picked":"True Grit","floor":54}],"player_experience":631094,"relics_obtained":[{"floor":6.0,"key":"Whetstone"},{"floor":8.0,"key":"Centennial Puzzle"},{"floor":9.0,"key":"testmod-BlackFramedGlasses"},{"floor":14.0,"key":"Darkstone Periapt"},{"floor":23,"key":"Simple Rune"},{"floor":25,"key":"Replay:Multitool"},{"floor":26,"key":"Mercury Hourglass"},{"floor":26,"key":"aspiration:FetidBarrel"},{"floor":31,"key":"vexMod:InvisibilityCloak"},{"floor":40,"key":"Bronze Scales"},{"floor":42,"key":"testmod-IndustrialRevolution"},{"floor":43,"key":"testmod-TurbochargingSystem"},{"floor":54,"key":"Art of War"}],"event_choices":[{"damage_healed":0.0,"max_hp_gain":0.0,"max_hp_loss":0.0,"gold_gain":0.0,"event_name":"The Woman in Blue","player_choice":"Bought 1 Potion","floor":4.0,"gold_loss":0.0,"damage_taken":0.0},{"damage_healed":0.0,"max_hp_gain":0.0,"max_hp_loss":0.0,"gold_gain":200.0,"event_name":"Wheel of Change","player_choice":"Gold","floor":19.0,"gold_loss":0.0,"damage_taken":0.0},{"damage_healed":0.0,"max_hp_gain":0.0,"max_hp_loss":0.0,"gold_gain":0.0,"event_name":"Accursed Blacksmith","player_choice":"Rummage","floor":22.0,"gold_loss":0.0,"damage_taken":0.0,"relics_obtained":["WarpedTongs"],"cards_obtained":["Pain"]},{"damage_healed":0,"gold_gain":0,"player_choice":"Got Potions","damage_taken":0,"max_hp_gain":0,"max_hp_loss":0,"event_name":"Lab","floor":32,"gold_loss":0},{"damage_healed":0,"gold_gain":400,"player_choice":"Sell","damage_taken":0,"max_hp_gain":0,"max_hp_loss":0,"event_name":"恩洛斯的盘子","floor":37,"relics_lost":["testmod-TestBox"],"gold_loss":0},{"damage_healed":0,"gold_gain":0,"player_choice":"Swap Relic","damage_taken":0,"relics_obtained":["aspiration:Nostalgia"],"max_hp_gain":0,"max_hp_loss":0,"event_name":"给自己的盒子","floor":39,"relics_lost":["testmod-Laevatain"],"gold_loss":0}],"is_beta":false,"boss_relics":[{"not_picked":["aspiration:FutureDiary","testmod-BloodSacrificeSpiritualization"],"picked":"Replay:Ancient Bell"},{"not_picked":["ReplayTheSpireMod:Lightbulb","CeramicFish"],"picked":"Nunchaku"},{"not_picked":["testmod-HeartOfDaVinci","Toxic Egg 2"],"picked":"Matryoshka"},{"not_picked":["Lizard Tail","CaptainsWheel"],"picked":"Dead Branch"},{"not_picked":["Runic Cube","aspiration:WatcherSkillbook"],"picked":"testmod-Recursion"}],"items_purged_floors":[2,10,30,48],"is_endless":false,"potions_floor_spawned":[1,5,6,16,18,23,28,29,35,38,42,46],"ascension_level":15}}