{"host":"60l258qxpyrtzhoo","time":1610641207,"event":{"mods":["AchievementEnabler","Act Like it!","BaseMod","BetterRewards","Colored Map","Colored Powertips","Custom Start","Decade(???)","Downfall","Duelist Mod","Gensokyo","Googly Eyes","Grow up Mod","GungeonMod","Hermit","Hubris","Infinite Spire","Jorbs\u0027s Wanderer Trilogy","Koishi","Marisa????????","Minty Spire (QoL Compilation)","Quick Restart","Reimu??????","Remilia??????","Replay The Spire","Shop Mod","StSLib","The Bug Knight","The Construct","The Cursed","The Disciple","The Hierophant","The Necromancer","The Servant 0.9.4","UnlockEverythingMod","vexMod"],"gold_per_floor":[118,134,153,166,184,184,213,230,254,254,264,264,283,283,283,283,283],"floor_reached":16,"language":"ENG","playtime":1736,"items_purged":[],"score":156,"play_id":"e7125fd9-7ad1-4696-ad9d-00be1543b45a","local_time":"20210114172007","is_ascension_mode":false,"campfire_choices":[{"data":"KidneyShot","floor":6,"key":"SMITH"},{"data":"DoubleEdge","floor":15,"key":"SMITH"}],"circlet_count":0,"master_deck":["Strike_S","Strike_S","Strike_S","Strike_S","Defend_S","Defend_S","Defend_S","Defend_S","KidneyShot+1","Exchange","SurpressingFire","DoubleEdge+1","Potential","BottledTime","Misdirection","Ricochet","WasteNot","Reset"],"relics":["theDuelist:CardPoolRelic","DemoMod:VorpalBullet","infinitespire:Lucky Rock","hubris:Towel","infinitespire:Cubic Diamond"],"acts_visited":["Exordium"],"potions_floor_usage":[7,16,16],"damage_taken":[{"damage":0,"enemies":"Small Slimes","floor":1,"turns":4},{"damage":7,"enemies":"2 Louse","floor":2,"turns":3},{"damage":18,"enemies":"infinitespire:Voidling","floor":3,"turns":4},{"damage":19,"enemies":"Exordium Wildlife","floor":4,"turns":7},{"damage":20,"enemies":"3 Louse","floor":5,"turns":5},{"damage":40,"enemies":"3 Sentries","floor":7,"turns":11},{"damage":8,"enemies":"2 Fungi Beasts","floor":8,"turns":5},{"damage":0,"enemies":"Large Slime","floor":11,"turns":1},{"damage":4,"enemies":"Looter","floor":13,"turns":2},{"damage":133,"enemies":"Fading Forest","floor":16,"turns":11}],"seed_played":"-951240860443687208","potions_obtained":[{"floor":3,"key":"Venom Potion"},{"floor":4,"key":"SmokeBomb"},{"floor":11,"key":"FearPotion"},{"floor":12,"key":"SkillPotion"},{"floor":12,"key":"hexamod:EctoCoolerPotion"},{"floor":13,"key":"DemoMod:BlankPotion"}],"is_trial":false,"path_per_floor":["M","M","M","M","M","R","E","M","T","?","M","?","M","?","R","B"],"character_chosen":"THE_SERVANT","items_purchased":[],"campfire_rested":0,"item_purchase_floors":[],"current_hp_per_floor":[91,94,90,81,71,81,51,53,63,73,83,93,99,109,119,0,0],"gold":283,"neow_bonus":"TEN_PERCENT_HP_BONUS","is_daily":false,"chose_seed":false,"campfire_upgraded":2,"win_rate":0.0,"timestamp":1610641207,"path_taken":["M","M","M","M","M","R","E","M","T","?","M","?","?","?","R","BOSS"],"items_purchased_type":[],"build_version":"2020-12-22","purchased_purges":0,"victory":false,"max_hp_per_floor":[91,101,111,121,131,141,151,161,171,181,191,201,211,221,231,231,231],"card_choices":[{"not_picked":["Rewind","Ricochet"],"picked":"SurpressingFire","floor":1},{"not_picked":["Sabotage","Alleviate"],"picked":"DoubleEdge","floor":2},{"not_picked":["SpecialFormula","DualDimension","Sabotage"],"picked":"SKIP","floor":3},{"not_picked":["FastForward","Advance"],"picked":"Potential","floor":4},{"not_picked":["ShatteredReality","WasteNot"],"picked":"BottledTime","floor":5},{"not_picked":["Contraction","Starlight"],"picked":"Misdirection","floor":7},{"not_picked":["Unruled","FastForward"],"picked":"Ricochet","floor":8},{"not_picked":["Comet","StarChef"],"picked":"WasteNot","floor":11},{"not_picked":["SurpressingFire","Potential"],"picked":"Reset","floor":13}],"player_experience":13618,"relics_obtained":[{"floor":7,"key":"DemoMod:VorpalBullet"},{"floor":9,"key":"infinitespire:Lucky Rock"}],"event_choices":[{"damage_healed":0,"gold_gain":0,"player_choice":"Got Potions","damage_taken":0,"max_hp_gain":0,"max_hp_loss":0,"event_name":"Lab","floor":12,"gold_loss":0}],"is_beta":false,"boss_relics":[],"items_purged_floors":[],"is_endless":false,"potions_floor_spawned":[3,4,11,13],"killed_by":"Fading Forest","ascension_level":0}}