{"host":"lcnwkjlokfwcnxxu","time":1610623780,"event":{"mods":["BaseMod","Colored Map","GifTheSpireLib","Minty Spire (QoL Compilation)","Quick Restart","StSLib","The Animator"],"gold_per_floor":[128,53,72,91,115,115,129,129,202,213,238,313,313,313,313,313,313],"floor_reached":16,"language":"ENG","playtime":1066,"items_purged":["animator:Strike"],"score":102,"play_id":"f0c1800d-7f0e-4529-afa3-99267b5bfbbf","local_time":"20210114032940","is_ascension_mode":false,"campfire_choices":[{"data":"animator:Vanir","floor":6,"key":"SMITH"},{"data":"animator:Mitsurugi","floor":8,"key":"SMITH"},{"data":"animator:Darkness","floor":15,"key":"SMITH"}],"circlet_count":0,"master_deck":["animator:Strike_Konosuba","animator:Defend_Konosuba","animator:Strike","animator:Strike","animator:Defend","animator:Defend","animator:Defend","animator:Kazuma","animator:Aqua","animator:Darkness+1","animator:Mitsurugi+1","animator:Vanir+1","Parasite"],"relics":["animator:LivingPicture","animator:TheMissingPiece","Mercury Hourglass","Mummified Hand"],"acts_visited":["Exordium"],"potions_floor_usage":[10,11,16],"damage_taken":[{"damage":11,"enemies":"Cultist","floor":1,"turns":6},{"damage":0,"enemies":"2 Louse","floor":3,"turns":5},{"damage":6,"enemies":"Jaw Worm","floor":4,"turns":7},{"damage":4,"enemies":"3 Louse","floor":5,"turns":4},{"damage":0,"enemies":"Blue Slaver","floor":7,"turns":4},{"damage":3,"enemies":"Lots of Slimes","floor":10,"turns":2},{"damage":9,"enemies":"Lagavulin","floor":11,"turns":7},{"damage":68,"enemies":"Hexaghost","floor":16,"turns":14}],"seed_played":"-960112593359250969","potions_obtained":[{"floor":3,"key":"Fire Potion"},{"floor":7,"key":"AttackPotion"},{"floor":10,"key":"Swift Potion"},{"floor":11,"key":"FearPotion"}],"is_trial":false,"path_per_floor":["M","$","M","M","M","R","M","R","T","M","E","?","?","?","R","B"],"character_chosen":"THE_ANIMATOR","items_purchased":[],"campfire_rested":0,"item_purchase_floors":[],"current_hp_per_floor":[57,57,63,62,63,63,67,67,67,64,60,49,42,58,58,0,0],"gold":313,"neow_bonus":"ONE_RANDOM_RARE_CARD","is_daily":false,"chose_seed":false,"campfire_upgraded":3,"win_rate":0.0,"timestamp":1610623780,"path_taken":["M","$","M","M","M","R","M","R","T","?","E","?","?","?","R","BOSS"],"items_purchased_type":[],"build_version":"2020-12-22","purchased_purges":1,"victory":false,"max_hp_per_floor":[66,66,67,67,67,67,67,67,67,67,67,67,67,67,67,67,67],"card_choices":[{"not_picked":["animator:Sloth","animator:YunYun"],"picked":"animator:Darkness","floor":1},{"not_picked":["animator:GuildGirl","animator:Raven"],"picked":"animator:Mitsurugi","floor":3},{"not_picked":["animator:Alexander","animator:Raven","animator:Assassin"],"picked":"SKIP","floor":4},{"not_picked":["animator:Mitsurugi","animator:Verdia"],"picked":"animator:Vanir","floor":5},{"not_picked":["animator:Illya","animator:Saber","animator:LizardPriest"],"picked":"SKIP","floor":7},{"not_picked":["animator:DwarfShaman","animator:Laby"],"picked":"animator:SilverFang","floor":10},{"not_picked":["animator:Spearman","animator:Lu","animator:Mitsurugi"],"picked":"SKIP","floor":11}],"player_experience":57409,"relics_obtained":[{"floor":9,"key":"Mercury Hourglass"},{"floor":11,"key":"Mummified Hand"}],"event_choices":[{"damage_healed":0,"gold_gain":75,"player_choice":"Gather Gold","damage_taken":11,"max_hp_gain":0,"max_hp_loss":0,"event_name":"World of Goop","floor":12,"gold_loss":0},{"cards_removed":["animator:SilverFang"],"damage_healed":0,"gold_gain":0,"player_choice":"Card Removal","damage_taken":7,"max_hp_gain":0,"max_hp_loss":0,"event_name":"Golden Wing","floor":13,"gold_loss":0},{"damage_healed":16,"gold_gain":0,"player_choice":"Healed and dodged fight","damage_taken":0,"max_hp_gain":0,"max_hp_loss":0,"event_name":"Mushrooms","floor":14,"gold_loss":0,"cards_obtained":["Parasite"]}],"is_beta":false,"boss_relics":[],"items_purged_floors":[2],"is_endless":false,"potions_floor_spawned":[3,7,10,11],"killed_by":"Hexaghost","ascension_level":0}}