{"host":"hca6liskeo7s99fa","time":1610655914,"event":{"mods":["BaseMod","Downfall","Minty Spire (QoL Compilation)","Replay The Spire","StSLib"],"gold_per_floor":[112,187,40,60,80,155,188,188,188,188,188],"floor_reached":10,"language":"ENG","playtime":634,"items_purged":[],"score":76,"play_id":"2ab3e172-7f0b-4141-af39-87179014f4ca","local_time":"20210114152514","is_ascension_mode":true,"campfire_choices":[],"circlet_count":0,"master_deck":["Strike_B","Strike_B","Strike_B","Defend_B","Defend_B","Defend_B","Defend_B","Zap","Dualcast","Reprogram","ReplayTheSpireMod:GoodbyeWorld","Compile Driver","Fission","Languid"],"relics":["Cracked Core","Frozen Eye","Prayer Wheel","Snack Pack"],"acts_visited":["Exordium"],"potions_floor_usage":[7,7],"damage_taken":[{"damage":0,"enemies":"Small Slimes","floor":1,"turns":3},{"damage":0,"enemies":"Cultist","floor":4,"turns":4},{"damage":0,"enemies":"2 Louse","floor":5,"turns":1},{"damage":35,"enemies":"Lagavulin","floor":7,"turns":9},{"damage":27,"enemies":"3 Sentries","floor":10,"turns":4}],"seed_played":"6991143259368789279","potions_obtained":[{"floor":1,"key":"DuplicationPotion"},{"floor":4,"key":"SkillPotion"},{"floor":5,"key":"SteroidPotion"}],"is_trial":false,"path_per_floor":["M","?","$","M","M","?","E","?","T","E"],"character_chosen":"DEFECT","items_purchased":["Frozen Eye"],"campfire_rested":0,"item_purchase_floors":[3],"current_hp_per_floor":[75,68,68,68,68,57,22,22,22,0,0],"gold":188,"neow_bonus":"TRANSFORM_CARD","is_daily":false,"chose_seed":false,"campfire_upgraded":0,"win_rate":0.0,"timestamp":1610655914,"path_taken":["M","?","$","?","M","?","E","?","T","E"],"items_purchased_type":["Relic"],"build_version":"2020-12-22","purchased_purges":0,"victory":false,"max_hp_per_floor":[75,75,75,75,75,75,75,75,75,75,75],"card_choices":[{"not_picked":["Steam","Cold Snap"],"picked":"ReplayTheSpireMod:GoodbyeWorld","floor":1},{"not_picked":["Hello World","Cold Snap"],"picked":"Compile Driver","floor":4},{"not_picked":["ReplaySolidLightProjector","All For One","Recycle"],"picked":"SKIP","floor":5},{"not_picked":["Crystallizer","Streamline"],"picked":"Fission","floor":7}],"player_experience":261553,"relics_obtained":[{"floor":7,"key":"Snack Pack"}],"event_choices":[{"damage_healed":0,"gold_gain":75,"player_choice":"Touch","damage_taken":7,"max_hp_gain":0,"max_hp_loss":0,"event_name":"FaceTrader","floor":2,"gold_loss":0},{"damage_healed":0,"gold_gain":75,"player_choice":"Gather Gold","damage_taken":11,"max_hp_gain":0,"max_hp_loss":0,"event_name":"World of Goop","floor":6,"gold_loss":0},{"damage_healed":0,"gold_gain":0,"player_choice":"1 cards matched","damage_taken":0,"max_hp_gain":0,"max_hp_loss":0,"event_name":"Match and Keep!","floor":8,"gold_loss":0,"cards_obtained":["Languid"]}],"is_beta":false,"boss_relics":[],"items_purged_floors":[],"is_endless":false,"potions_floor_spawned":[1,4,5],"killed_by":"3 Sentries","ascension_level":3}}