{"host":"nlowmoq7gy18n72d","time":1610588107,"event":{"mods":["BaseMod","Colored Powertips","Conspire","Downfall","Hermit","Highlight Path","Infinite Spire","Jorbs\u0027s Wanderer Trilogy","Minty Spire (QoL Compilation)","Replay The Spire","StSLib","The Cursed"],"gold_per_floor":[99,118,136,146,165,165,188,20,20,20,32,17,17,46,65,164,164,89,101,101,112,112,112,138,157,157,157,157],"floor_reached":26,"language":"ENG","playtime":951,"items_purged":["hexamod:Strike"],"score":218,"play_id":"96105881-1eda-4128-a700-30883fcd59b8","local_time":"20210114043507","is_ascension_mode":true,"campfire_choices":[{"floor":1,"key":"RECALL"},{"data":"hexamod:ExtraCrispy","floor":9,"key":"SMITH"},{"data":"hexamod:ThermalTransfer","floor":13,"key":"SMITH"},{"data":"hexamod:HeatShield","floor":18,"key":"SMITH"},{"floor":23,"key":"REST"}],"circlet_count":0,"master_deck":["hexamod:Strike","hexamod:Defend","hexamod:Defend","hexamod:Defend","hexamod:Defend","hexamod:Float","hexamod:HeatMetal","hexamod:Firestarter","hexamod:Firestarter","hexamod:RainOfEmbers","hexamod:Incineration","hexamod:HauntingEcho+1","hexamod:ThermalTransfer+1","hexamod:ExtraCrispy+1","hexamod:BurningTouch","hexamod:Firestarter","hexamod:ThirdSeal","hexamod:HeatShield+1","hexamod:HexaLevel","hexamod:CrushingStance","hexamod:ShieldOfDarkness","hexamod:HeatCrush+1","Shame","hexamod:FirstSeal"],"relics":["hexamod:SpiritBrand","ReplayTheSpireMod:Lightbulb","Pantograph","Art of War","downfall:HeartBlessingRed","ReplayFunnel","ReplayTheSpireMod:TigerMarble"],"acts_visited":["Exordium","TheCity"],"potions_floor_usage":[8,8,15,16],"damage_taken":[{"damage":0,"enemies":"Jaw Worm","floor":2,"turns":3},{"damage":0,"enemies":"conspire:RoseBush","floor":3,"turns":3},{"damage":0,"enemies":"2 Louse","floor":4,"turns":2},{"damage":7,"enemies":"Lots of Slimes","floor":5,"turns":4},{"damage":10,"enemies":"downfall:FleeingMerchant","floor":8,"turns":4},{"damage":2,"enemies":"Blue Slaver","floor":11,"turns":4},{"damage":9,"enemies":"downfall:FleeingMerchant","floor":12,"turns":4},{"damage":9,"enemies":"3 Sentries","floor":14,"turns":8},{"damage":11,"enemies":"Exordium Thugs","floor":15,"turns":3},{"damage":17,"enemies":"downfall:Ironclad","floor":16,"turns":6},{"damage":24,"enemies":"3 Byrds","floor":19,"turns":5},{"damage":19,"enemies":"Shell Parasite","floor":21,"turns":7},{"damage":19,"enemies":"Snecko","floor":25,"turns":5},{"damage":34,"enemies":"Book of Stabbing","floor":26,"turns":4}],"seed_played":"5462303166494950377","potions_obtained":[{"floor":4,"key":"champ:CounterPotion"},{"floor":5,"key":"ColorlessPotion"},{"floor":14,"key":"LifebloodPotion"},{"floor":15,"key":"SneckoOil"}],"is_trial":false,"path_per_floor":["R","M","M","M","M","?","T","$","R","T","M","$","R","E","M","B",null,"R","M","?","M","?","R","T","M","E"],"character_chosen":"THE_SPIRIT","items_purchased":["hexamod:ExtraCrispy"],"campfire_rested":1,"item_purchase_floors":[8],"current_hp_per_floor":[70,70,70,70,63,63,63,53,53,53,51,42,42,33,22,30,70,70,46,46,27,27,48,48,29,0,0,0],"gold":157,"neow_bonus":"TRANSFORM_CARD","is_daily":false,"chose_seed":false,"campfire_upgraded":3,"win_rate":0.0,"timestamp":1610588107,"path_taken":["R","M","M","M","M","?","T","$","R","?","M","$","R","E","M","BOSS","R","M","?","M","?","R","T","M","E"],"items_purchased_type":["Card"],"build_version":"2020-12-22","purchased_purges":1,"victory":false,"max_hp_per_floor":[70,70,70,70,70,70,70,70,70,70,70,70,70,70,70,70,70,70,70,70,70,70,70,70,70,70,70,70],"card_choices":[{"not_picked":["hexamod:GhostLash","hexamod:GhostShield"],"picked":"hexamod:Firestarter","floor":2},{"not_picked":["hexamod:ThermalTransfer","hexamod:BacktrackSmack"],"picked":"hexamod:Firestarter","floor":3},{"not_picked":["hexamod:SecondSeal","hexamod:AdvancingGuard"],"picked":"hexamod:RainOfEmbers","floor":4},{"not_picked":["hexamod:BacktrackSmack","hexamod:Hexaguard"],"picked":"hexamod:Incineration","floor":5},{"not_picked":["hexamod:HauntingEcho","hexamod:RainOfEmbers"],"picked":"hexamod:ThermalTransfer","floor":8},{"not_picked":["hexamod:SpectersWail","hexamod:StepThrough"],"picked":"hexamod:BurningTouch","floor":11},{"not_picked":["hexamod:BurningTouch","hexamod:ApocalypseNow"],"picked":"hexamod:Firestarter","floor":12},{"not_picked":["hexamod:Hexaguard","hexamod:BacktrackSmack"],"picked":"hexamod:ThirdSeal","floor":14},{"not_picked":["hexamod:HauntingEcho","hexamod:InspiringFlames"],"picked":"hexamod:HeatShield","floor":15},{"not_picked":["hexamod:GiftsFromTheDead","hexamod:TurnItUp"],"picked":"hexamod:HexaLevel","floor":16},{"not_picked":["hexamod:GiftsFromTheDead","hexamod:EmpoweringStance"],"picked":"hexamod:CrushingStance","floor":16},{"not_picked":["hexamod:SuperheatedStrike","hexamod:Firestarter"],"picked":"hexamod:ShieldOfDarkness","floor":19},{"not_picked":["hexamod:NightmareStrike","hexamod:RetreatToShadows","hexamod:GhostShield"],"picked":"SKIP","floor":19},{"not_picked":["hexamod:Firestarter","hexamod:SpectersWail+1"],"picked":"hexamod:HeatCrush+1","floor":21},{"not_picked":["hexamod:InspiringFlames","hexamod:Hexaguard","hexamod:Firestarter"],"picked":"SKIP","floor":21},{"not_picked":["hexamod:ThirdSeal","hexamod:StepThrough"],"picked":"hexamod:FirstSeal","floor":25},{"not_picked":["hexamod:ShieldOfDarkness","hexamod:NightmareGuise","hexamod:RainOfEmbers"],"picked":"SKIP","floor":25}],"player_experience":648367,"relics_obtained":[{"floor":7,"key":"ReplayTheSpireMod:Lightbulb"},{"floor":10,"key":"Pantograph"},{"floor":14,"key":"Art of War"},{"floor":24,"key":"ReplayTheSpireMod:TigerMarble"}],"event_choices":[{"damage_healed":0,"gold_gain":0,"player_choice":"Stole Relic","damage_taken":0,"relics_obtained":["ReplayFunnel"],"max_hp_gain":0,"max_hp_loss":0,"event_name":"Addict","floor":22,"gold_loss":0,"cards_obtained":["Shame"]}],"is_beta":false,"boss_relics":[{"not_picked":["Velvet Choker","Kintsugi","ReplayTheSpireMod:DimensionalGlitch"]}],"items_purged_floors":[8],"is_endless":false,"potions_floor_spawned":[4,5,14,15],"killed_by":"Book of Stabbing","ascension_level":1}}