{"host":"ibonnlq6s1c814xj","time":1610611290,"event":{"mods":["BaseMod","BetterRewards","Good Game Mod","Minty Spire (QoL Compilation)","Shop Mod","【功能Mod】聪明的最终Boss"],"gold_per_floor":[109,109,123,146,169,169,169,184,235,410,410,410,434,434,434,555,555,568,568,568,483,507,507,546,0,24,37,37,73,98,98,98,223,223,236,236,252,270,288,327,327,342,369,404,404,108,121,145,145,145],"floor_reached":51,"language":"ZHS","playtime":1736,"items_purged":["Strike_G","Writhe","Bullet Time","Writhe"],"score":769,"play_id":"3e84ea78-ed90-48cf-bfa0-4f6e33b70409","local_time":"20210114160130","is_ascension_mode":false,"campfire_choices":[{"data":"Bouncing Flask","floor":6,"key":"SMITH"},{"floor":15,"key":"REST"},{"data":"Catalyst","floor":23,"key":"SMITH"},{"data":"Noxious Fumes","floor":28,"key":"SMITH"},{"data":"Noxious Fumes","floor":32,"key":"SMITH"},{"floor":41,"key":"REST"},{"floor":49,"key":"REST"}],"circlet_count":0,"master_deck":["Defend_G","Defend_G","Defend_G","Defend_G","Defend_G","Survivor","Neutralize+1","Noxious Fumes+1","Catalyst+1","Bouncing Flask+1","Noxious Fumes+1","Adrenaline","Bouncing Flask+1","Corpse Explosion","Deadly Poison"],"relics":["Ring of the Snake","REME:ComplimentaryCards","Bag of Preparation","MealTicket","Oddly Smooth Stone","Nunchaku","Sozu","Golden Idol","Mercury Hourglass","Snake Skull","MerchantsRug","Bird Faced Urn","Incense Burner","Black Star","Meat on the Bone","Strawberry","Whetstone","HornCleat","Bronze Scales","Ancient Tea Set"],"acts_visited":["Exordium","TheCity","TheBeyond"],"potions_floor_usage":[],"damage_taken":[{"damage":0,"enemies":"Jaw Worm","floor":1,"turns":4},{"damage":0,"enemies":"Small Slimes","floor":3,"turns":3},{"damage":0,"enemies":"Cultist","floor":4,"turns":4},{"damage":0,"enemies":"Large Slime","floor":5,"turns":5},{"damage":4,"enemies":"Looter","floor":8,"turns":3},{"damage":0,"enemies":"Exordium Wildlife","floor":13,"turns":3},{"damage":28,"enemies":"Slime Boss","floor":16,"turns":8},{"damage":0,"enemies":"Chosen","floor":18,"turns":3},{"damage":0,"enemies":"Spheric Guardian","floor":22,"turns":2},{"damage":4,"enemies":"Gremlin Leader","floor":24,"turns":6},{"damage":5,"enemies":"Chosen and Byrds","floor":27,"turns":3},{"damage":0,"enemies":"Snecko","floor":30,"turns":2},{"damage":5,"enemies":"Automaton","floor":33,"turns":6},{"damage":15,"enemies":"Orb Walker","floor":35,"turns":2},{"damage":17,"enemies":"3 Shapes","floor":37,"turns":2},{"damage":0,"enemies":"Transient","floor":38,"turns":5},{"damage":10,"enemies":"Spire Growth","floor":39,"turns":2},{"damage":30,"enemies":"Nemesis","floor":40,"turns":5},{"damage":15,"enemies":"Jaw Worm Horde","floor":42,"turns":2},{"damage":13,"enemies":"Giant Head","floor":44,"turns":4},{"damage":6,"enemies":"4 Shapes","floor":47,"turns":2},{"damage":5,"enemies":"3 Darklings","floor":48,"turns":2},{"damage":12,"enemies":"Time Eater","floor":50,"turns":4}],"seed_played":"-2032135131742682971","potions_obtained":[],"is_trial":false,"path_per_floor":["M","?","M","M","M","R","?","M","T","?","?","?","M","?","R","B",null,"M","?","?","?","M","R","E","$","T","M","R","$","M","T","R","B",null,"M","?","M","M","M","E","R","M","T","E","?","$","M","M","R","B",null],"character_chosen":"THE_SILENT","items_purchased":["Bag of Preparation","MealTicket","Noxious Fumes","Catalyst","Oddly Smooth Stone","Nunchaku","DollysMirror","MerchantsRug","Bird Faced Urn","Ancient Tea Set"],"campfire_rested":3,"item_purchase_floors":[0,0,0,0,0,0,25,25,25,46],"current_hp_per_floor":[38,38,38,38,38,38,38,34,34,34,34,34,34,27,46,18,65,65,65,65,65,65,65,61,65,65,60,60,65,65,65,65,60,65,50,50,35,39,31,10,31,32,32,35,53,68,64,59,72,60],"gold":145,"neow_bonus":"","is_daily":false,"chose_seed":false,"campfire_upgraded":4,"win_rate":0.0,"timestamp":1610611290,"path_taken":["M","?","M","M","M","R","?","M","T","?","?","?","?","?","R","BOSS","M","?","?","?","M","R","E","$","T","M","R","$","M","?","R","BOSS","M","?","M","M","M","E","R","M","T","E","?","$","M","M","R","BOSS"],"items_purchased_type":["Relic","Relic","Card","Card","Relic","Relic","Relic","Relic","Relic","Relic"],"build_version":"2020-12-22","purchased_purges":4,"victory":true,"max_hp_per_floor":[70,65,65,65,65,65,65,65,65,65,65,65,65,65,65,65,65,65,65,65,65,65,65,65,65,65,65,65,65,65,65,65,65,65,65,65,65,65,65,72,72,72,72,72,72,72,72,72,72,72],"card_choices":[{"not_picked":["Acrobatics","Predator","Caltrops"],"picked":"SKIP","floor":1},{"not_picked":["PiercingWail","Bane","Cloak And Dagger"],"picked":"SKIP","floor":3},{"not_picked":["Cloak And Dagger","Acrobatics"],"picked":"Bouncing Flask","floor":4},{"not_picked":["Outmaneuver","Masterful Stab","Bane"],"picked":"SKIP","floor":5},{"not_picked":["Backflip","Poisoned Stab"],"picked":"Noxious Fumes","floor":8},{"not_picked":["Cloak And Dagger","Bane"],"picked":"Adrenaline","floor":13},{"not_picked":["Tactician","Cloak And Dagger","Acrobatics"],"picked":"SKIP","floor":18},{"not_picked":["Slice","Expertise","Sucker Punch"],"picked":"SKIP","floor":22},{"not_picked":["Outmaneuver","Prepared","Backstab"],"picked":"SKIP","floor":24},{"not_picked":["Flying Knee","Dash","Outmaneuver"],"picked":"SKIP","floor":27},{"not_picked":["Dash","Dagger Throw+1","Noxious Fumes"],"picked":"SKIP","floor":30},{"not_picked":["Night Terror","Venomology"],"picked":"Corpse Explosion","floor":33},{"not_picked":["Flying Knee","Poisoned Stab","Caltrops+1"],"picked":"SKIP","floor":35},{"not_picked":["Deflect+1","Backflip","Blade Dance+1"],"picked":"SKIP","floor":37},{"not_picked":["PiercingWail","Endless Agony"],"picked":"Deadly Poison","floor":38},{"not_picked":["Expertise","Dash+1","Dagger Throw"],"picked":"SKIP","floor":39},{"not_picked":["Predator","Terror","Tactician+1"],"picked":"SKIP","floor":40},{"not_picked":["Outmaneuver","Reflex","Dagger Spray"],"picked":"SKIP","floor":42},{"not_picked":["Flying Knee","Prepared","Calculated Gamble+1"],"picked":"SKIP","floor":44},{"not_picked":["All Out Attack","Distraction+1","Dodge and Roll+1"],"picked":"SKIP","floor":47},{"not_picked":["All Out Attack+1","Backflip","Underhanded Strike+1"],"picked":"SKIP","floor":48}],"player_experience":200659,"relics_obtained":[{"floor":9,"key":"Boot"},{"floor":24,"key":"Toy Ornithopter"},{"floor":26,"key":"Pen Nib"},{"floor":31,"key":"Incense Burner"},{"floor":40,"key":"Meat on the Bone"},{"floor":40,"key":"Strawberry"},{"floor":43,"key":"Whetstone"},{"floor":44,"key":"HornCleat"},{"floor":44,"key":"Bronze Scales"}],"event_choices":[{"damage_healed":0,"gold_gain":0,"player_choice":"Lose Max HP","damage_taken":0,"relics_obtained":["Golden Idol"],"max_hp_gain":0,"max_hp_loss":5,"event_name":"Golden Idol","floor":2,"gold_loss":0},{"damage_healed":0,"gold_gain":0,"player_choice":"Searched \u00272\u0027 times","damage_taken":0,"relics_obtained":["Mercury Hourglass"],"max_hp_gain":0,"max_hp_loss":0,"event_name":"Dead Adventurer","floor":7,"gold_loss":0},{"damage_healed":0,"gold_gain":175,"player_choice":"AGREE","damage_taken":0,"max_hp_gain":0,"max_hp_loss":0,"event_name":"Liars Game","floor":10,"gold_loss":0,"cards_obtained":["Doubt"]},{"cards_removed":["Doubt"],"damage_healed":0,"gold_gain":0,"player_choice":"Forget","damage_taken":0,"max_hp_gain":0,"max_hp_loss":0,"event_name":"Living Wall","floor":11,"gold_loss":0},{"cards_removed":["Strike_G"],"damage_healed":0,"gold_gain":0,"player_choice":"Offered Basic","damage_taken":0,"max_hp_gain":0,"max_hp_loss":0,"event_name":"Bonfire Elementals","floor":12,"gold_loss":0},{"cards_removed":["Strike_G"],"damage_healed":0,"gold_gain":0,"player_choice":"Card Removal","damage_taken":7,"max_hp_gain":0,"max_hp_loss":0,"event_name":"Golden Wing","floor":14,"gold_loss":0},{"damage_healed":0,"gold_gain":0,"player_choice":"Ignored","damage_taken":0,"max_hp_gain":0,"max_hp_loss":0,"event_name":"Ghosts","floor":19,"gold_loss":0},{"damage_healed":0,"gold_gain":0,"player_choice":"Opened","damage_taken":0,"relics_obtained":["Snake Skull"],"max_hp_gain":0,"max_hp_loss":0,"event_name":"The Mausoleum","floor":20,"gold_loss":0,"cards_obtained":["Writhe"]},{"damage_healed":0,"gold_gain":0,"player_choice":"Obtained Relic","damage_taken":0,"relics_obtained":["Kunai"],"max_hp_gain":0,"max_hp_loss":0,"event_name":"Addict","floor":21,"gold_loss":85},{"damage_healed":0,"gold_gain":0,"player_choice":"Memory 1","damage_taken":0,"max_hp_gain":0,"max_hp_loss":0,"event_name":"SensoryStone","floor":36,"gold_loss":0},{"damage_healed":18,"gold_gain":0,"player_choice":"Writhe","damage_taken":0,"max_hp_gain":0,"max_hp_loss":0,"event_name":"Winding Halls","floor":45,"gold_loss":0,"cards_obtained":["Writhe"]}],"is_beta":false,"boss_relics":[{"not_picked":["Cursed Key","Coffee Dripper"],"picked":"Empty Cage"},{"not_picked":["Astrolabe","Pandora\u0027s Box"],"picked":"Black Star"}],"items_purged_floors":[0,25,25,46],"is_endless":false,"potions_floor_spawned":[3,8,13,24,33,37,39,42,44],"ascension_level":0}}