{"host":"p033swmn9l8hdcoq","time":1610619629,"event":{"mods":["BaseMod","Minty Spire (QoL Compilation)","StSLib","[功能]功能增强和修复MOD"],"gold_per_floor":[607,165,563,941,941,967,1452,1452,1478,1511,1461,1461,1486,1930,1930,3878,3878,4337,4839,4514,4789,4476,4511,4918,4944,5025,5503,5528,5233,5655,6069,6069,8158,8158,8596,8441,8883,9212,8991,9026,9026,9060,9087,9087,9135,9135,9170,8869,8869,8869,8869,8869,8520,8552,8552],"floor_reached":56,"language":"ZHS","playtime":2770,"items_purged":["Strike_R","Strike_R","Strike_R","Strike_R","Strike_R","Defend_R","Wild Strike+1","Clothesline+1","Twin Strike+1","Regret","Bash+1","Shrug It Off","Spot Weakness+1","Feed+1"],"score":2345,"play_id":"736c3cdc-a891-423b-884f-42fec16c36c1","local_time":"20210114182029","is_ascension_mode":true,"campfire_choices":[{"data":"Heavy Blade","floor":8.0,"key":"SMITH"},{"data":"Inflame","floor":12.0,"key":"SMITH"},{"data":"Flex","floor":15.0,"key":"SMITH"},{"data":"Bloodletting","floor":32.0,"key":"SMITH"},{"data":"Spot Weakness","floor":41,"key":"SMITH"},{"floor":49,"key":"RECALL"},{"floor":52,"key":"REST"}],"circlet_count":0,"master_deck":["AscendersBane","Heavy Blade+1","Flex+1","Inflame+1","Impervious+1","Inflame+1","Body Slam+1","Bloodletting+1","Entrench+1","Flash of Steel+1","Shrug It Off+1","Inflame","Seeing Red+1"],"relics":["Black Blood","Vajra","Molten Egg 2","Potion Belt","Brimstone","Anchor","FossilizedHelix","Whetstone","Mercury Hourglass","Blood Vial","Oddly Smooth Stone","Regal Pillow","Astrolabe","Kunai","Pocketwatch","Calipers","Orichalcum","Frozen Eye","StoneCalendar","Prayer Wheel","Shuriken","Blue Candle","Strawberry","HandDrill","Red Skull","Dream Catcher","Juzu Bracelet","PreservedInsect","Ancient Tea Set","ClockworkSouvenir","Bag of Preparation","Happy Flower","OrangePellets","Pear","Bird Faced Urn","Omamori","Unceasing Top","Lantern","MealTicket","Sling","TheAbacus","Champion Belt","Eternal Feather","War Paint"],"acts_visited":["Exordium","TheCity","TheBeyond","TheEnding"],"potions_floor_usage":[42,47,50,55],"damage_taken":[{"damage":18.0,"enemies":"Jaw Worm","floor":1.0,"turns":4.0},{"damage":0.0,"enemies":"2 Louse","floor":3.0,"turns":1.0},{"damage":0.0,"enemies":"Small Slimes","floor":4.0,"turns":1.0},{"damage":12.0,"enemies":"3 Sentries","floor":6.0,"turns":4.0},{"damage":0.0,"enemies":"3 Louse","floor":7.0,"turns":1.0},{"damage":0.0,"enemies":"Gremlin Nob","floor":10.0,"turns":3.0},{"damage":0.0,"enemies":"Lagavulin","floor":13.0,"turns":3.0},{"damage":0.0,"enemies":"Large Slime","floor":14.0,"turns":2.0},{"damage":30.0,"enemies":"Hexaghost","floor":16.0,"turns":3.0},{"damage":14.0,"enemies":"Shell Parasite","floor":18.0,"turns":4.0},{"damage":0.0,"enemies":"Spheric Guardian","floor":19.0,"turns":2.0},{"damage":15.0,"enemies":"Gremlin Leader","floor":23.0,"turns":3.0},{"damage":0.0,"enemies":"Centurion and Healer","floor":24.0,"turns":5.0},{"damage":12.0,"enemies":"Slavers","floor":25.0,"turns":4.0},{"damage":3.0,"enemies":"Snake Plant","floor":27.0,"turns":4.0},{"damage":18.0,"enemies":"Book of Stabbing","floor":28.0,"turns":3.0},{"damage":0.0,"enemies":"Chosen and Byrds","floor":30.0,"turns":3.0},{"damage":3.0,"enemies":"Cultist and Chosen","floor":31.0,"turns":3.0},{"damage":16,"enemies":"Automaton","floor":33,"turns":6},{"damage":3,"enemies":"Orb Walker","floor":35,"turns":2},{"damage":0,"enemies":"3 Shapes","floor":37,"turns":4},{"damage":3,"enemies":"3 Darklings","floor":38,"turns":4},{"damage":3,"enemies":"Giant Head","floor":40,"turns":3},{"damage":30,"enemies":"Reptomancer","floor":42,"turns":3},{"damage":15,"enemies":"2 Orb Walkers","floor":45,"turns":3},{"damage":0,"enemies":"Nemesis","floor":47,"turns":1},{"damage":0,"enemies":"Donu and Deca","floor":50,"turns":3},{"damage":0,"enemies":"Shield and Spear","floor":54,"turns":2},{"damage":18,"enemies":"The Heart","floor":55,"turns":5}],"seed_played":"2662025899439258089","potions_obtained":[{"floor":1.0,"key":"SmokeBomb"},{"floor":1.0,"key":"ElixirPotion"},{"floor":7.0,"key":"AttackPotion"},{"floor":14.0,"key":"SteroidPotion"},{"floor":30.0,"key":"FairyPotion"},{"floor":31.0,"key":"Energy Potion"}],"is_trial":false,"path_per_floor":["M","$","M","M","?","E","M","R","T","E","?","R","E","M","R","B",null,"M","M","$","?","$","E","M","E","T","M","E","$","M","M","R","B",null,"M","$","M","M","$","E","R","E","T","?","?","?","E","$","R","B",null,"R","$","E","B",null],"character_chosen":"IRONCLAD","items_purchased":["Molten Egg 2","Potion Belt","Brimstone","Flex","Twin Strike+1","Clothesline+1","BloodPotion","AttackPotion","SteroidPotion","Kunai","Pocketwatch","Strength Potion","Calipers","Orichalcum","Frozen Eye","Strawberry","HandDrill","Red Skull","Bloodletting","Energy Potion","SkillPotion","Ancient Tea Set","ClockworkSouvenir","Bag of Preparation","Happy Flower","OrangePellets","Lantern","MealTicket","Sling","Swift Potion","ElixirPotion","TheAbacus","Champion Belt","Eternal Feather"],"campfire_rested":1,"item_purchase_floors":[2,2,2,2,2,2,2,2,2,20,20,20,22,22,22,29,29,29,29,29,29,36,36,39,39,39,48,48,48,48,48,53,53,53],"current_hp_per_floor":[60,60,66,72,65,59,80,80,80,80,80,80,80,80,80,56,74,72,84,84,84,84,81,93,93,93,98,88,95,103,111,111,101,109,111,111,111,115,115,129,129,115,115,105,112,112,128,128,128,141,141,141,141,141,135],"gold":8552,"neow_bonus":"RANDOM_COMMON_RELIC","is_daily":false,"chose_seed":false,"campfire_upgraded":5,"win_rate":0.0,"timestamp":1610619629,"path_taken":["M","$","M","M","?","E","M","R","T","E","?","R","E","M","R","BOSS","M","M","$","?","$","E","M","E","T","M","E","$","M","M","R","BOSS","M","$","M","M","$","E","R","E","T","?","?","?","E","$","R","BOSS","R","$","E","BOSS"],"items_purchased_type":["Relic","Relic","Relic","Card","Card","Card","Potion","Potion","Potion","Relic","Relic","Potion","Relic","Relic","Relic","Relic","Relic","Relic","Card","Potion","Potion","Relic","Relic","Relic","Relic","Relic","Relic","Relic","Relic","Potion","Potion","Relic","Relic","Relic"],"build_version":"2020-11-30","purchased_purges":14,"victory":true,"max_hp_per_floor":[80,80,80,80,80,80,80,80,80,80,80,80,80,80,80,80,80,84,88,88,88,88,92,96,100,100,100,100,107,107,111,111,111,111,111,111,111,115,115,129,129,133,133,133,137,137,137,137,137,141,141,141,141,141,141],"card_choices":[{"not_picked":["Rupture","Feel No Pain"],"picked":"Heavy Blade","floor":1.0},{"not_picked":["Bloodletting","Dual Wield"],"picked":"Cleave+1","floor":3.0},{"not_picked":["Clothesline+1","Wild Strike+1","Intimidate"],"picked":"SKIP","floor":4.0},{"not_picked":["Clash+1","Flex"],"picked":"Inflame","floor":6.0},{"not_picked":["True Grit","Sever Soul+1","Power Through"],"picked":"SKIP","floor":7.0},{"not_picked":["Intimidate","Flex"],"picked":"Shrug It Off","floor":10.0},{"not_picked":["Rupture","Sever Soul+1","Headbutt+1"],"picked":"SKIP","floor":13.0},{"not_picked":["Sword Boomerang+1","Metallicize","Whirlwind+1"],"picked":"SKIP","floor":14.0},{"not_picked":["Double Tap","Bludgeon+1"],"picked":"Feed+1","floor":16.0},{"not_picked":["Wild Strike+1","Searing Blow+1","Flame Barrier"],"picked":"SKIP","floor":18.0},{"not_picked":["Second Wind","Sword Boomerang+1","Warcry"],"picked":"SKIP","floor":19.0},{"not_picked":["Sentinel","Reckless Charge+1"],"picked":"Spot Weakness","floor":23.0},{"not_picked":["Fire Breathing","Metallicize","Intimidate"],"picked":"SKIP","floor":24.0},{"not_picked":["Fire Breathing","Metallicize","Intimidate"],"picked":"SKIP","floor":24.0},{"not_picked":["Second Wind+1","Clothesline+1","Pommel Strike+1"],"picked":"SKIP","floor":25.0},{"not_picked":["Twin Strike+1","Ghostly Armor"],"picked":"Body Slam+1","floor":27.0},{"not_picked":["Sentinel","Flex","Second Wind"],"picked":"SKIP","floor":27.0},{"not_picked":["Twin Strike+1","Infernal Blade","Havoc"],"picked":"SKIP","floor":28.0},{"not_picked":["Thunderclap+1","Perfected Strike+1","Clash+1"],"picked":"SKIP","floor":30.0},{"not_picked":["Rupture","Bloodletting","Double Tap"],"picked":"SKIP","floor":30.0},{"not_picked":["Sentinel","Rupture","Headbutt+1"],"picked":"SKIP","floor":31.0},{"not_picked":["Perfected Strike+1","Power Through","Havoc"],"picked":"SKIP","floor":31.0},{"not_picked":["Havoc+1","Iron Wave+1"],"picked":"Entrench+1","floor":35},{"not_picked":["Power Through","Feel No Pain","Blood for Blood+1"],"picked":"SKIP","floor":35},{"not_picked":["Sword Boomerang+1","Carnage+1","Dark Embrace+1"],"picked":"SKIP","floor":37},{"not_picked":["Thunderclap+1","Searing Blow+1","Body Slam+1"],"picked":"SKIP","floor":37},{"not_picked":["Rupture+1","Pummel+1","Clothesline+1"],"picked":"SKIP","floor":38},{"not_picked":["Havoc+1","Anger+1","Pommel Strike+1"],"picked":"SKIP","floor":38},{"not_picked":["Warcry","Flex+1","Clothesline+1"],"picked":"SKIP","floor":40},{"not_picked":["Fiend Fire+1","Cleave+1","Flex"],"picked":"SKIP","floor":42},{"not_picked":["Mind Blast+1","Purity"],"picked":"Flash of Steel+1","floor":44},{"not_picked":["Sever Soul+1","True Grit"],"picked":"Shrug It Off+1","floor":47},{"not_picked":["Havoc","Armaments"],"picked":"Inflame","floor":52},{"not_picked":["Twin Strike+1","Havoc+1"],"picked":"Seeing Red+1","floor":54}],"player_experience":81886,"relics_obtained":[{"floor":6.0,"key":"FossilizedHelix"},{"floor":10.0,"key":"Whetstone"},{"floor":13.0,"key":"Mercury Hourglass"},{"floor":16.0,"key":"Blood Vial"},{"floor":16.0,"key":"Oddly Smooth Stone"},{"floor":16.0,"key":"Regal Pillow"},{"floor":23.0,"key":"StoneCalendar"},{"floor":25.0,"key":"Prayer Wheel"},{"floor":26.0,"key":"Shuriken"},{"floor":28.0,"key":"Blue Candle"},{"floor":33,"key":"Dream Catcher"},{"floor":33,"key":"Juzu Bracelet"},{"floor":33,"key":"PreservedInsect"},{"floor":40,"key":"Pear"},{"floor":42,"key":"Bird Faced Urn"},{"floor":43,"key":"Omamori"},{"floor":45,"key":"Unceasing Top"},{"floor":54,"key":"War Paint"}],"event_choices":[{"damage_healed":0.0,"max_hp_gain":0.0,"max_hp_loss":0.0,"gold_gain":0.0,"event_name":"Scrap Ooze","player_choice":"Success","floor":5.0,"gold_loss":0.0,"damage_taken":7.0,"relics_obtained":["Anchor"]},{"cards_removed":["Defend_R"],"damage_healed":0.0,"max_hp_gain":0.0,"max_hp_loss":0.0,"gold_gain":0.0,"event_name":"The Cleric","player_choice":"Card Removal","floor":11.0,"gold_loss":50.0,"damage_taken":0.0},{"damage_healed":0.0,"max_hp_gain":0.0,"max_hp_loss":0.0,"gold_gain":275.0,"event_name":"Golden Shrine","player_choice":"Desecrate","floor":21.0,"gold_loss":0.0,"damage_taken":0.0,"cards_obtained":["Regret"]},{"damage_healed":0,"gold_gain":0,"player_choice":"Memory 3","damage_taken":10,"max_hp_gain":0,"max_hp_loss":0,"event_name":"SensoryStone","floor":44,"gold_loss":0},{"damage_healed":0,"gold_gain":0,"player_choice":"Fight","damage_taken":0,"max_hp_gain":0,"max_hp_loss":0,"event_name":"Mysterious Sphere","floor":45,"gold_loss":0},{"damage_healed":0,"gold_gain":0,"player_choice":"Ignored","damage_taken":0,"max_hp_gain":0,"max_hp_loss":0,"event_name":"Tomb of Lord Red Mask","floor":46,"gold_loss":0}],"is_beta":false,"boss_relics":[{"not_picked":["Cursed Key","Empty Cage"],"picked":"Astrolabe"},{"not_picked":["Snecko Eye","Mark of Pain"],"picked":"Black Blood"}],"items_purged_floors":[2,2,2,2,2,2,20,20,20,22,29,48,48,53],"is_endless":false,"potions_floor_spawned":[1,1,3,3,4,7,10,14,14,19,19,23,24,25,27,28,30,30,31,33,35,35,37,37,37,38,40,45],"ascension_level":10}}