{"host":"p25bz88bsavvfmyg","time":1610659039,"event":{"mods":["BaseMod","Minty Spire (QoL Compilation)","Permanent Neow","StSLib"],"gold_per_floor":[109,109,31,31,31,31,62,62,62,62,106,106,31,49,49,168,168,184,202,202,202,223,223,223],"floor_reached":23,"language":"ENG","playtime":742,"items_purged":["Strike_R"],"score":380,"play_id":"6ffb52b6-48a6-4159-873f-7b9ad621e8b0","local_time":"20210114221719","is_ascension_mode":true,"campfire_choices":[{"data":"Combust","floor":6,"key":"SMITH"},{"data":"Clothesline","floor":8,"key":"SMITH"},{"floor":10,"key":"REST"},{"data":"Bash","floor":12,"key":"SMITH"},{"data":"Pommel Strike","floor":15,"key":"SMITH"}],"circlet_count":0,"master_deck":["AscendersBane","Strike_R","Strike_R","Strike_R","Defend_R","Defend_R","Defend_R","Defend_R","Bash+1","Demon Form+1","Combust+1","Dropkick","Clothesline+1","Pommel Strike+1","Limit Break","Armaments"],"relics":["Burning Blood","Golden Idol","Bag of Preparation","Letter Opener","Red Skull","SlaversCollar","MutagenicStrength"],"acts_visited":["Exordium","TheCity"],"potions_floor_usage":[16,18,18,23],"damage_taken":[{"damage":7,"enemies":"Jaw Worm","floor":1,"turns":5},{"damage":30,"enemies":"3 Sentries","floor":7,"turns":6},{"damage":9,"enemies":"Lagavulin","floor":11,"turns":7},{"damage":3,"enemies":"Small Slimes","floor":14,"turns":4},{"damage":4,"enemies":"Slime Boss","floor":16,"turns":7},{"damage":4,"enemies":"Chosen","floor":18,"turns":4},{"damage":43,"enemies":"3 Byrds","floor":19,"turns":4},{"damage":7,"enemies":"Centurion and Healer","floor":22,"turns":8},{"damage":42,"enemies":"Slavers","floor":23,"turns":4}],"seed_played":"3993603141880612766","potions_obtained":[{"floor":11,"key":"Energy Potion"},{"floor":14,"key":"DuplicationPotion"},{"floor":16,"key":"AttackPotion"},{"floor":22,"key":"PowerPotion"}],"is_trial":false,"path_per_floor":["M","?","$","?","?","R","E","R","T","R","E","R","$","M","R","B",null,"M","M","?","?","M","E"],"character_chosen":"IRONCLAD","items_purchased":["Dropkick"],"campfire_rested":1,"item_purchase_floors":[3],"current_hp_per_floor":[71,71,71,64,44,44,20,20,20,44,41,41,41,44,44,46,72,74,37,37,37,36,0,0],"gold":223,"neow_bonus":"ONE_RANDOM_RARE_CARD","is_daily":false,"chose_seed":false,"campfire_upgraded":4,"win_rate":0.0,"timestamp":1610659039,"path_taken":["M","?","$","?","?","R","E","R","T","R","E","R","?","M","R","BOSS","M","M","?","?","M","E"],"items_purchased_type":["Card"],"build_version":"2020-12-22","purchased_purges":1,"victory":false,"max_hp_per_floor":[80,80,80,80,80,80,80,80,80,80,80,80,80,80,80,80,80,80,80,80,80,80,80,80],"card_choices":[{"not_picked":["Clash","Warcry"],"picked":"Combust","floor":1},{"not_picked":["Perfected Strike","Wild Strike"],"picked":"Clothesline","floor":7},{"not_picked":["Corruption","Flex","Perfected Strike"],"picked":"SKIP","floor":11},{"not_picked":["Cleave","Power Through"],"picked":"Pommel Strike","floor":14},{"not_picked":["Demon Form","Immolate"],"picked":"Limit Break","floor":16},{"not_picked":["Pummel","Whirlwind","Perfected Strike"],"picked":"SKIP","floor":18},{"not_picked":["Fire Breathing","Rupture+1"],"picked":"Armaments","floor":19},{"not_picked":["Fire Breathing","Rampage","Body Slam"],"picked":"SKIP","floor":22}],"player_experience":474419,"relics_obtained":[{"floor":7,"key":"Bag of Preparation"},{"floor":9,"key":"Letter Opener"},{"floor":11,"key":"Red Skull"}],"event_choices":[{"damage_healed":0,"gold_gain":0,"player_choice":"Grow","damage_taken":0,"max_hp_gain":0,"max_hp_loss":0,"event_name":"Living Wall","floor":2,"gold_loss":0,"cards_upgraded":["Demon Form"]},{"cards_removed":["Strike_R"],"damage_healed":0,"gold_gain":0,"player_choice":"Card Removal","damage_taken":7,"max_hp_gain":0,"max_hp_loss":0,"event_name":"Golden Wing","floor":4,"gold_loss":0},{"damage_healed":0,"gold_gain":0,"player_choice":"Take Damage","damage_taken":20,"relics_obtained":["Golden Idol"],"max_hp_gain":0,"max_hp_loss":0,"event_name":"Golden Idol","floor":5,"gold_loss":0},{"damage_healed":0,"gold_gain":0,"player_choice":"Ignored","damage_taken":0,"max_hp_gain":0,"max_hp_loss":0,"event_name":"Ghosts","floor":20,"gold_loss":0},{"damage_healed":0,"gold_gain":0,"player_choice":"Inject Mutagens","damage_taken":0,"relics_obtained":["MutagenicStrength"],"max_hp_gain":0,"max_hp_loss":0,"event_name":"Drug Dealer","floor":21,"gold_loss":0}],"is_beta":false,"boss_relics":[{"not_picked":["Runic Dome","Mark of Pain"],"picked":"SlaversCollar"}],"items_purged_floors":[13],"is_endless":false,"potions_floor_spawned":[11,14,16,22],"killed_by":"Slavers","ascension_level":11}}