{"host":"oiw60b5ins9fyx34","time":1610615179,"event":{"mods":["BaseMod","Colored Map","Colored Powertips","Minty Spire (QoL Compilation)","Permanent Neow","Quick Restart","Rare Cards Sparkle","Relic Stats","StSLib","The Cursed"],"gold_per_floor":[111,128,143,143,218,250,250,271,325,325,325],"floor_reached":10,"language":"JPN","playtime":413,"items_purged":[],"score":66,"play_id":"e1a6fd4d-36c6-4cc0-8115-4028e3bf2bbe","local_time":"20210114180619","is_ascension_mode":false,"campfire_choices":[{"data":"TheCursedMod:Stigma","floor":7,"key":"SMITH"}],"circlet_count":0,"master_deck":["TheCursedMod:Strike_TheCursed","TheCursedMod:Strike_TheCursed","TheCursedMod:Strike_TheCursed","TheCursedMod:Strike_TheCursed","TheCursedMod:Defend_TheCursed","TheCursedMod:Defend_TheCursed","TheCursedMod:Defend_TheCursed+1","TheCursedMod:Defend_TheCursed+1","TheCursedMod:CursedWand","TheCursedMod:CleanUpWorkshop","TheCursedMod:Dregs","TheCursedMod:StunningStrike","TheCursedMod:Stigma+1","TheCursedMod:SpitefulPlan","TheCursedMod:Wield","TheCursedMod:FleshFromBone","TheCursedMod:VoidForm"],"relics":["TheCursedMod:BlackMagic101","Happy Flower","Odd Mushroom","War Paint"],"acts_visited":["Exordium"],"potions_floor_usage":[],"damage_taken":[{"damage":0,"enemies":"Small Slimes","floor":1,"turns":3},{"damage":5,"enemies":"2 Louse","floor":2,"turns":2},{"damage":3,"enemies":"Jaw Worm","floor":3,"turns":3},{"damage":27,"enemies":"3 Sentries","floor":6,"turns":11},{"damage":24,"enemies":"The Mushroom Lair","floor":8,"turns":5},{"damage":0,"enemies":"Lagavulin","floor":10,"turns":3}],"seed_played":"6729300638259209393","potions_obtained":[{"floor":8,"key":"Explosive Potion"}],"is_trial":false,"path_per_floor":["M","M","M","?","?","E","R","?","T","E"],"character_chosen":"THE_CURSED","items_purchased":[],"campfire_rested":0,"item_purchase_floors":[],"current_hp_per_floor":[68,63,60,65,54,27,27,3,3,3,3],"gold":325,"neow_bonus":"THREE_RARE_CARDS","is_daily":false,"chose_seed":false,"campfire_upgraded":1,"win_rate":0.0,"timestamp":1610615179,"path_taken":["M","M","M","?","?","E","R","?","T","E"],"items_purchased_type":[],"build_version":"2020-12-22","purchased_purges":0,"victory":false,"max_hp_per_floor":[68,68,68,73,73,73,73,73,73,73,73],"relic_stats":{"Happy Flower":[2],"counters":[6,27],"War Paint":["TheCursedMod:Defend_TheCursed","TheCursedMod:Defend_TheCursed"],"obtain_stats":[{"TheCursedMod:BlackMagic101":0,"Happy Flower":6,"Odd Mushroom":8,"War Paint":9},{"TheCursedMod:BlackMagic101":0,"Happy Flower":4,"Odd Mushroom":5,"War Paint":5},{"TheCursedMod:BlackMagic101":0,"Happy Flower":19,"Odd Mushroom":24,"War Paint":24}]},"card_choices":[{"not_picked":["TheCursedMod:OutForBlood","TheCursedMod:ParallelWorld"],"picked":"TheCursedMod:StunningStrike","floor":0},{"not_picked":["TheCursedMod:CursedShiv","TheCursedMod:RavingStaff"],"picked":"TheCursedMod:Stigma","floor":1},{"not_picked":["TheCursedMod:SmokeScreen","TheCursedMod:CircleOfBlood"],"picked":"TheCursedMod:SpitefulPlan","floor":2},{"not_picked":["TheCursedMod:CursedAmulet","TheCursedMod:CircleOfFlame"],"picked":"TheCursedMod:Wield","floor":3},{"not_picked":["TheCursedMod:Obscuration","TheCursedMod:RavingStaff"],"picked":"TheCursedMod:FleshFromBone","floor":6},{"not_picked":["TheCursedMod:Hemoplague","TheCursedMod:FleshFromBone"],"picked":"TheCursedMod:VoidForm","floor":8}],"player_experience":669323,"relics_obtained":[{"floor":6,"key":"Happy Flower"},{"floor":8,"key":"Odd Mushroom"},{"floor":9,"key":"War Paint"}],"event_choices":[{"damage_healed":0,"gold_gain":0,"player_choice":"Donut","damage_taken":0,"max_hp_gain":5,"max_hp_loss":0,"event_name":"Big Fish","floor":4,"gold_loss":0},{"damage_healed":0,"gold_gain":75,"player_choice":"Gather Gold","damage_taken":11,"max_hp_gain":0,"max_hp_loss":0,"event_name":"World of Goop","floor":5,"gold_loss":0},{"damage_healed":0,"gold_gain":0,"player_choice":"Fought Mushrooms","damage_taken":0,"max_hp_gain":0,"max_hp_loss":0,"event_name":"Mushrooms","floor":8,"gold_loss":0}],"is_beta":false,"boss_relics":[],"items_purged_floors":[],"is_endless":false,"potions_floor_spawned":[8],"killed_by":"Lagavulin","ascension_level":0}}