{"host":"hc0b6jw6qdhg5ry9","time":1610604541,"event":{"mods":["BaseMod","Colored Map","Friendly Minions","Hermit","Marisa£¨Ùöéë¡¡Øª×âÞÞ£©","Minty Spire (QoL Compilation)","StSLib","SuperFastMode","The Bug Knight"],"gold_per_floor":[115,135,310,310,325,325,325],"floor_reached":6,"language":"KOR","playtime":378,"items_purged":[],"score":36,"play_id":"46456fcf-1464-4792-a1d2-b0a518b2e760","local_time":"20210114150901","is_ascension_mode":false,"campfire_choices":[],"circlet_count":0,"master_deck":["HollowMod:NailStrikeStart","HollowMod:NailStrikeStart","HollowMod:NailStrikeStart","HollowMod:NailStrikeStart","HollowMod:QuickDashStart","HollowMod:QuickDashStart","HollowMod:QuickDashStart","HollowMod:QuickDashStart","HollowMod:FocusHealStart","HollowMod:PogoStrike","HollowMod:SoulStrike","HollowMod:LifebloodCocoon","HollowMod:TaintedHusks","HollowMod:Grubsong"],"relics":["HollowMod:VesselMask"],"acts_visited":["Exordium"],"potions_floor_usage":[],"damage_taken":[{"damage":0,"enemies":"2 Louse","floor":1,"turns":3},{"damage":0,"enemies":"Cultist","floor":2,"turns":3},{"damage":10,"enemies":"Jaw Worm","floor":5,"turns":3},{"damage":67,"enemies":"Gremlin Nob","floor":6,"turns":5}],"seed_played":"4764471327089426581","potions_obtained":[{"floor":2,"key":"SteroidPotion"},{"floor":5,"key":"Block Potion"}],"is_trial":false,"path_per_floor":["M","M","?","?","M","E"],"character_chosen":"THE_BUGKNIGHT","items_purchased":[],"campfire_rested":0,"item_purchase_floors":[],"current_hp_per_floor":[75,75,75,75,65,0,0],"gold":325,"neow_bonus":"THREE_CARDS","is_daily":false,"chose_seed":false,"campfire_upgraded":0,"win_rate":0.0,"timestamp":1610604541,"path_taken":["M","M","?","?","M","E"],"items_purchased_type":[],"build_version":"2020-12-22","purchased_purges":0,"victory":false,"max_hp_per_floor":[75,75,75,75,75,75,75],"card_choices":[{"not_picked":["HollowMod:CornifersMapStart","HollowMod:CrystalDash"],"picked":"HollowMod:SoulStrike","floor":0},{"not_picked":["HollowMod:InfectionAssault","HollowMod:DashSlash"],"picked":"HollowMod:LifebloodCocoon","floor":1},{"not_picked":["HollowMod:CycloneSlash","HollowMod:DungDefenderAura"],"picked":"HollowMod:TaintedHusks","floor":2},{"not_picked":["HollowMod:TaintedHusks","HollowMod:SharpenedNail"],"picked":"HollowMod:Grubsong","floor":5}],"player_experience":175572,"relics_obtained":[],"event_choices":[{"damage_healed":0,"gold_gain":175,"player_choice":"AGREE","damage_taken":0,"max_hp_gain":0,"max_hp_loss":0,"event_name":"Liars Game","floor":3,"gold_loss":0,"cards_obtained":["Doubt"]},{"cards_removed":["Doubt"],"damage_healed":0,"gold_gain":0,"player_choice":"Removed Curses","damage_taken":0,"max_hp_gain":0,"max_hp_loss":0,"event_name":"Fountain of Cleansing","floor":4,"gold_loss":0}],"is_beta":false,"boss_relics":[],"items_purged_floors":[],"is_endless":false,"potions_floor_spawned":[2,5],"killed_by":"Gremlin Nob","ascension_level":0}}