{"host":"5m2js577gj4e7pak","time":1610595100,"event":{"mods":["AchievementEnabler","BaseMod","Better Match","BetterRewards","Colored Map","Colored Powertips","Googly Eyes","Highlight Path","Lobotomy","LobotomyExtend","Minty Spire (QoL Compilation)","Quick Restart","Relic Filter","StSLib"],"gold_per_floor":[111,186,197,162,162,191,191,191,216,281,331,445,472,486,486,587,587,602,652,139,189,239,239,239],"floor_reached":23,"language":"ENG","playtime":1261,"items_purged":[],"score":240,"play_id":"88dc5c5b-4675-4c04-90a4-5f24be3d82c9","local_time":"20210114043140","is_ascension_mode":true,"campfire_choices":[],"circlet_count":0,"master_deck":["SpecialBullet","SpecialBullet","SpecialBullet","SpecialBullet","SpecialBullet","SpecialBullet","SpecialBullet","SpecialBullet","InformationCode","SecurityCode","TrainingCode","Tough","ParadiseLost+1","Hypocrisy","BeautyBeast","Wingbeat","Heaven","GreenStem+1","OSAHOGD","Horn","DaCapo","QueenOfHatred","InTheNameOfLoveAndHate","Enlightenment","Master of Strategy","RedEyes","Penitence","Writhe","Bite","Bite","Bite","Bite","Bite"],"relics":["CogitoBucket","Happy Flower","LetterFromLob","SsserpentHead","Centennial Puzzle","MagicBullet_r","Bag of Preparation","Regal Pillow","Frozen Egg 2","AspirationHeart","Black Star","Anchor","Nunchaku"],"acts_visited":["Exordium","TheCity"],"potions_floor_usage":[6,16,18,18],"damage_taken":[{"damage":12.0,"enemies":"Small Slimes","floor":1.0,"turns":2.0},{"damage":7,"enemies":"2 Louse","floor":3,"turns":2},{"damage":28,"enemies":"Gremlin Nob","floor":6,"turns":4},{"damage":0,"enemies":"Jaw Worm","floor":10,"turns":1},{"damage":11,"enemies":"3 Sentries","floor":12,"turns":6},{"damage":20,"enemies":"Lagavulin","floor":13,"turns":4},{"damage":11,"enemies":"Gremlin Gang","floor":14,"turns":4},{"damage":34,"enemies":"Slime Boss","floor":16,"turns":6},{"damage":27,"enemies":"Spheric Guardian","floor":18,"turns":4},{"damage":74,"enemies":"Gremlin Leader","floor":23,"turns":7}],"seed_played":"3016543072494361649","potions_obtained":[{"floor":3,"key":"SneckoOil"},{"floor":12,"key":"Fire Potion"},{"floor":13,"key":"Dexterity Potion"},{"floor":16,"key":"Block Potion"}],"is_trial":false,"path_per_floor":["M","?","M","?","?","E","R","M","T","M","?","?","E","M","R","B",null,"M","?","$","?","?","E"],"character_chosen":"Angela","items_purchased":["Anchor","Enlightenment","Master of Strategy","RedEyes","Penitence"],"campfire_rested":0,"item_purchase_floors":[20,20,20,20,20],"current_hp_per_floor":[66,55,56,70,70,53,53,70,70,70,70,70,64,77,77,57,80,67,58,58,58,56,0,0],"gold":239,"neow_bonus":"RANDOM_COMMON_RELIC","is_daily":false,"chose_seed":false,"campfire_upgraded":0,"win_rate":0.0,"timestamp":1610595100,"path_taken":["M","?","M","?","?","E","R","M","T","?","?","?","E","M","R","BOSS","M","?","$","?","?","E"],"items_purchased_type":["Relic","Card","Card","Card","Card"],"build_version":"2020-12-22","purchased_purges":0,"victory":false,"max_hp_per_floor":[70,70,70,70,70,70,70,70,70,70,70,70,70,80,80,80,80,80,80,80,80,56,56,56],"card_choices":[{"not_picked":["CherryBlossom"],"picked":"Tough","floor":1.0},{"not_picked":["Harmony"],"picked":"ParadiseLost","floor":3},{"not_picked":["MagicBullet"],"picked":"Hypocrisy","floor":6},{"not_picked":["Wellcheers","NakedNest"],"picked":"BeautyBeast","floor":10},{"not_picked":["FourthMatchFlame"],"picked":"Wingbeat","floor":10},{"not_picked":["TodaysExpression"],"picked":"Heaven","floor":12},{"not_picked":["FrostShard"],"picked":"GreenStem+1","floor":13},{"not_picked":["CherryBlossoms","Wellcheers"],"picked":"OSAHOGD","floor":14},{"not_picked":["Lantern"],"picked":"Horn","floor":14},{"not_picked":["SoundOfStar"],"picked":"DaCapo","floor":16},{"not_picked":["ShyLook","Yin"],"picked":"QueenOfHatred","floor":18},{"not_picked":["Harmony+1"],"picked":"InTheNameOfLoveAndHate","floor":18}],"player_experience":44003,"relics_obtained":[{"floor":1.0,"key":"LetterFromLob"},{"floor":6,"key":"Centennial Puzzle"},{"floor":9,"key":"Bag of Preparation"},{"floor":12,"key":"Regal Pillow"},{"floor":13,"key":"Frozen Egg 2"}],"event_choices":[{"damage_healed":0,"gold_gain":75,"player_choice":"Gather Gold","damage_taken":11,"max_hp_gain":0,"max_hp_loss":0,"event_name":"World of Goop","floor":2,"gold_loss":0},{"damage_healed":17,"gold_gain":0,"player_choice":"Healed","damage_taken":0,"max_hp_gain":0,"max_hp_loss":0,"event_name":"The Cleric","floor":4,"gold_loss":35},{"damage_healed":0,"gold_gain":0,"player_choice":"Trade","damage_taken":0,"relics_obtained":["SsserpentHead"],"max_hp_gain":0,"max_hp_loss":0,"event_name":"FaceTrader","floor":5,"gold_loss":0},{"damage_healed":0,"gold_gain":0,"player_choice":"Grow","damage_taken":0,"max_hp_gain":0,"max_hp_loss":0,"event_name":"Living Wall","floor":11,"gold_loss":0,"cards_upgraded":["ParadiseLost"]},{"damage_healed":0,"gold_gain":30,"player_choice":"Searched \u00272\u0027 times","damage_taken":0,"max_hp_gain":0,"max_hp_loss":0,"event_name":"Dead Adventurer","floor":12,"gold_loss":0},{"damage_healed":0,"gold_gain":0,"player_choice":"Stopped","damage_taken":9,"max_hp_gain":0,"max_hp_loss":0,"event_name":"Cursed Tome","floor":19,"gold_loss":0},{"damage_healed":0,"gold_gain":0,"player_choice":"Opened","damage_taken":0,"relics_obtained":["Nunchaku"],"max_hp_gain":0,"max_hp_loss":0,"event_name":"The Mausoleum","floor":21,"gold_loss":0,"cards_obtained":["Writhe"]},{"damage_healed":0,"gold_gain":0,"player_choice":"Became a vampire","damage_taken":0,"max_hp_gain":0,"max_hp_loss":24,"event_name":"Vampires","floor":22,"gold_loss":0,"cards_obtained":["Bite","Bite","Bite","Bite","Bite"]}],"is_beta":false,"boss_relics":[{"not_picked":["Velvet Choker","SacredBark"],"picked":"Black Star"}],"items_purged_floors":[],"is_endless":false,"potions_floor_spawned":[3,12,13,16],"killed_by":"Gremlin Leader","ascension_level":2}}