{"host":"kh6fvhxn285ncg0o","time":1610641325,"event":{"mods":["Act Like it!","BaseMod","Colored Map","Friendly Minions","Keyboard Shortcuts","Minty Spire (QoL Compilation)","Quick Restart","Relic Stats","StSLib","SuperFastMode"],"gold_per_floor":[117,117,134,134,150,150,185,200,200,200,20,20,50,63,63,141,141,158,19,19,19,19,44,44,75,98,48,74,93,126,142,142,216,216,231,277,277,302,319,353,363,108,108,108,108,141,160,188,188,188,188,188,188,89,118,118],"floor_reached":57,"language":"KOR","playtime":1793,"items_purged":["Strike_R","Strike_R","Bash+1","Defend_R","Fire Breathing+1"],"score":3773,"play_id":"23efce93-a320-4af0-8b28-82c052b34e82","local_time":"20210115012205","is_ascension_mode":true,"campfire_choices":[{"floor":6.0,"key":"REST"},{"data":"Bash","floor":15.0,"key":"SMITH"},{"data":"Fiend Fire","floor":24.0,"key":"SMITH"},{"data":"Body Slam","floor":32.0,"key":"SMITH"},{"floor":45.0,"key":"RECALL"},{"floor":49.0,"key":"DIG"},{"floor":53,"key":"DIG"}],"circlet_count":0,"master_deck":["AscendersBane","Defend_R","Fire Breathing+1","Battle Trance+1","Warcry+1","Parasite","Deep Breath+1","Fiend Fire+1","Flame Barrier+1","Second Wind+1","Intimidate+1","Writhe","Dark Embrace+1","Juggernaut+1","Burning Pact+1","Body Slam+1","Seeing Red+1","Pommel Strike+1","Madness+1","Master of Strategy+1","Discovery+1","Shrug It Off+1","Feel No Pain+1","Shockwave+1","Purity+1"],"relics":["Burning Blood","Toxic Egg 2","StoneCalendar","Bird Faced Urn","Frozen Egg 2","Black Star","Matryoshka","Boot","Akabeko","PreservedInsect","Centennial Puzzle","Mummified Hand","Smiling Mask","Lantern","Pen Nib","Turnip","Bronze Scales","Fusion Hammer","Ice Cream","Gambling Chip","StrikeDummy","Ornamental Fan","Membership Card","Bag of Marbles","Shovel","Eternal Feather","Happy Flower","Self Forming Clay","Blood Vial","Bottled Tornado","Ginger","Red Skull"],"acts_visited":["Exordium","TheCity","TheBeyond","TheEnding"],"potions_floor_usage":[56],"damage_taken":[{"damage":11.0,"enemies":"Small Slimes","floor":1.0,"turns":5.0},{"damage":12.0,"enemies":"Cultist","floor":3.0,"turns":4.0},{"damage":16.0,"enemies":"2 Louse","floor":5.0,"turns":3.0},{"damage":42.0,"enemies":"Gremlin Nob","floor":7.0,"turns":4.0},{"damage":8.0,"enemies":"Exordium Wildlife","floor":8.0,"turns":4.0},{"damage":0.0,"enemies":"3 Sentries","floor":13.0,"turns":2.0},{"damage":2.0,"enemies":"3 Louse","floor":14.0,"turns":3.0},{"damage":0.0,"enemies":"Slime Boss","floor":16.0,"turns":5.0},{"damage":28.0,"enemies":"Spheric Guardian","floor":18.0,"turns":5.0},{"damage":17.0,"enemies":"Gremlin Leader","floor":23.0,"turns":5.0},{"damage":7.0,"enemies":"Slavers","floor":25.0,"turns":3.0},{"damage":7.0,"enemies":"Gremlin Leader","floor":28.0,"turns":2.0},{"damage":0.0,"enemies":"Chosen","floor":29.0,"turns":1.0},{"damage":0.0,"enemies":"Slavers","floor":30.0,"turns":2.0},{"damage":17.0,"enemies":"Centurion and Healer","floor":31.0,"turns":3.0},{"damage":3.0,"enemies":"Automaton","floor":33.0,"turns":6.0},{"damage":0.0,"enemies":"3 Darklings","floor":35.0,"turns":2.0},{"damage":0.0,"enemies":"2 Orb Walkers","floor":36.0,"turns":2.0},{"damage":0.0,"enemies":"Mind Bloom Boss Battle","floor":38.0,"turns":3.0},{"damage":0.0,"enemies":"3 Shapes","floor":39.0,"turns":1.0},{"damage":0.0,"enemies":"Reptomancer","floor":40.0,"turns":3.0},{"damage":0.0,"enemies":"Maw","floor":41.0,"turns":2.0},{"damage":0.0,"enemies":"Nemesis","floor":46.0,"turns":3.0},{"damage":0.0,"enemies":"3 Darklings","floor":47.0,"turns":2.0},{"damage":0.0,"enemies":"Giant Head","floor":48.0,"turns":2.0},{"damage":7,"enemies":"Awakened One","floor":50,"turns":3},{"damage":0,"enemies":"Donu and Deca","floor":51,"turns":2},{"damage":0,"enemies":"Shield and Spear","floor":55,"turns":1},{"damage":0,"enemies":"The Heart","floor":56,"turns":5}],"seed_played":"4900778554548674456","potions_obtained":[{"floor":3.0,"key":"SneckoOil"},{"floor":5.0,"key":"SpeedPotion"},{"floor":14.0,"key":"Swift Potion"},{"floor":16.0,"key":"Strength Potion"},{"floor":23.0,"key":"Strength Potion"},{"floor":25.0,"key":"DuplicationPotion"},{"floor":29.0,"key":"LiquidBronze"},{"floor":30.0,"key":"FearPotion"},{"floor":36.0,"key":"ElixirPotion"}],"is_trial":false,"path_per_floor":["M","?","M","?","M","R","E","M","T","?","$","?","E","M","R","B",null,"M","$","?","?","?","E","R","E","T","$","E","M","E","M","R","B",null,"M","?","?","?","M","E","M","$","T","?","R","E","M","E","R","B","B",null,"R","$","E","B",null],"character_chosen":"IRONCLAD","items_purchased":["Deep Breath+1","Second Wind+1","Membership Card","Feel No Pain+1","Purity+1"],"campfire_rested":1,"item_purchase_floors":[11,19,42,42,54],"current_hp_per_floor":[63,63,57,34,24,46,10,8,8,26,26,19,27,33,33,41,67,47,47,47,47,47,42,42,47,47,47,52,60,72,64,64,73,75,75,75,65,75,75,75,75,75,75,75,75,75,75,75,75,75,75,75,75,75,75,75],"gold":118,"neow_bonus":"TRANSFORM_CARD","is_daily":false,"chose_seed":false,"campfire_upgraded":3,"win_rate":0.0,"timestamp":1610641325,"path_taken":["M","?","?","?","M","R","E","M","T","?","?","?","E","M","R","BOSS","M","$","?","?","?","E","R","E","T","?","E","M","E","M","R","BOSS","M","?","?","?","M","E","M","$","T","?","R","E","?","E","R","BOSS","BOSS","R","$","E","BOSS"],"items_purchased_type":["Card","Card","Relic","Card","Card"],"build_version":"2020-12-22","purchased_purges":5,"victory":true,"max_hp_per_floor":[75,75,75,75,75,75,75,75,75,75,75,75,75,75,75,75,75,75,75,75,75,75,75,75,75,75,75,75,75,75,75,75,75,75,75,75,75,75,75,75,75,75,75,75,75,75,75,75,75,75,75,75,75,75,75,75],"relic_stats":{"Happy Flower":[3],"counters":[29,88],"Self Forming Clay":[3],"StoneCalendar":[0],"Eternal Feather":0,"PreservedInsect":406,"Pen Nib":[9],"Ginger":[2],"Boot":[8],"Smiling Mask":213,"Burning Blood":101,"Blood Vial":0,"Centennial Puzzle":[12],"Shovel":2,"Mummified Hand":[85],"Ornamental Fan":[80],"Bird Faced Urn":[55],"Bronze Scales":[97],"Gambling Chip":[36],"Turnip":[9],"Black Star":8,"obtain_stats":[{"Ice Cream":36,"Lantern":28,"StoneCalendar":7,"Ginger":55,"Bottled Tornado":53,"Boot":23,"Smiling Mask":26,"Burning Blood":0,"Blood Vial":49,"Centennial Puzzle":25,"Matryoshka":21,"Shovel":46,"Mummified Hand":26,"Gambling Chip":38,"Fusion Hammer":34,"Toxic Egg 2":2,"Red Skull":55,"Happy Flower":48,"Self Forming Clay":48,"Eternal Feather":46,"PreservedInsect":25,"Pen Nib":28,"Frozen Egg 2":13,"Akabeko":23,"Ornamental Fan":40,"Bird Faced Urn":9,"Bronze Scales":30,"Turnip":30,"Black Star":17,"Bag of Marbles":43,"Membership Card":42,"StrikeDummy":40},{"Ice Cream":18,"Lantern":12,"StoneCalendar":4,"Ginger":28,"Bottled Tornado":27,"Boot":10,"Smiling Mask":11,"Burning Blood":0,"Blood Vial":25,"Centennial Puzzle":11,"Matryoshka":9,"Shovel":23,"Mummified Hand":11,"Gambling Chip":19,"Fusion Hammer":16,"Toxic Egg 2":1,"Red Skull":28,"Happy Flower":25,"Self Forming Clay":25,"Eternal Feather":23,"PreservedInsect":11,"Pen Nib":12,"Frozen Egg 2":6,"Akabeko":10,"Ornamental Fan":21,"Bird Faced Urn":5,"Bronze Scales":14,"Turnip":14,"Black Star":8,"Bag of Marbles":22,"Membership Card":22,"StrikeDummy":21},{"Ice Cream":61,"Lantern":45,"StoneCalendar":16,"Ginger":83,"Bottled Tornado":82,"Boot":40,"Smiling Mask":43,"Burning Blood":0,"Blood Vial":77,"Centennial Puzzle":43,"Matryoshka":35,"Shovel":73,"Mummified Hand":43,"Gambling Chip":64,"Fusion Hammer":57,"Toxic Egg 2":5,"Red Skull":83,"Happy Flower":77,"Self Forming Clay":77,"Eternal Feather":73,"PreservedInsect":43,"Pen Nib":45,"Frozen Egg 2":22,"Akabeko":40,"Ornamental Fan":68,"Bird Faced Urn":20,"Bronze Scales":48,"Turnip":48,"Black Star":30,"Bag of Marbles":70,"Membership Card":70,"StrikeDummy":68}]},"card_choices":[{"not_picked":["Thunderclap","Anger"],"picked":"Fire Breathing","floor":1.0},{"not_picked":["Twin Strike","Perfected Strike"],"picked":"Battle Trance+1","floor":3.0},{"not_picked":["Twin Strike","Perfected Strike"],"picked":"Warcry+1","floor":5.0},{"not_picked":["Iron Wave","Whirlwind","Bloodletting+1"],"picked":"SKIP","floor":7.0},{"not_picked":["Pommel Strike","Clothesline","Sever Soul"],"picked":"SKIP","floor":8.0},{"not_picked":["Fire Breathing+1","Bloodletting+1","Flex+1"],"picked":"SKIP","floor":13.0},{"not_picked":["Clothesline","Anger","Perfected Strike"],"picked":"SKIP","floor":14.0},{"not_picked":["Corruption+1","Double Tap+1"],"picked":"Fiend Fire","floor":16.0},{"not_picked":["Fire Breathing+1","Sword Boomerang"],"picked":"Flame Barrier+1","floor":18.0},{"not_picked":["Dark Embrace+1","Sword Boomerang","Carnage"],"picked":"SKIP","floor":23.0},{"not_picked":["Thunderclap","Cleave","Flex+1"],"picked":"SKIP","floor":25.0},{"not_picked":["Body Slam","Whirlwind"],"picked":"Juggernaut+1","floor":28.0},{"not_picked":["Wild Strike","Rupture+1"],"picked":"Burning Pact+1","floor":29.0},{"not_picked":["Burning Pact+1","Armaments+1"],"picked":"Body Slam","floor":30.0},{"not_picked":["True Grit+1","Perfected Strike","Warcry+1"],"picked":"SKIP","floor":31.0},{"not_picked":["True Grit+1","Shrug It Off+1"],"picked":"Seeing Red+1","floor":35.0},{"not_picked":["Body Slam","Havoc+1"],"picked":"Pommel Strike+1","floor":36.0},{"not_picked":["Mayhem+1","Good Instincts+1"],"picked":"Madness+1","floor":37.0},{"not_picked":["Purity+1","Magnetism+1"],"picked":"Master of Strategy+1","floor":37.0},{"not_picked":["Good Instincts+1","Sadistic Nature+1"],"picked":"Discovery+1","floor":37.0},{"not_picked":["Havoc+1","Cleave+1"],"picked":"Shrug It Off+1","floor":39.0},{"not_picked":["Bloodletting+1","Reaper","Anger+1"],"picked":"SKIP","floor":40.0},{"not_picked":["Bloodletting+1","Reaper","Anger+1"],"picked":"SKIP","floor":40.0},{"not_picked":["Heavy Blade","Sword Boomerang","Pommel Strike"],"picked":"SKIP","floor":41.0},{"not_picked":["Bloodletting+1","Clothesline","Twin Strike"],"picked":"SKIP","floor":46.0},{"not_picked":["Reckless Charge","Pommel Strike"],"picked":"Shockwave+1","floor":47.0},{"not_picked":["Seeing Red+1","Rupture+1","Heavy Blade"],"picked":"SKIP","floor":48.0},{"not_picked":["Sever Soul","Thunderclap+1","Wild Strike"],"picked":"SKIP","floor":55}],"player_experience":3445395,"relics_obtained":[{"floor":7.0,"key":"StoneCalendar"},{"floor":9.0,"key":"Bird Faced Urn"},{"floor":13.0,"key":"Frozen Egg 2"},{"floor":23.0,"key":"Boot"},{"floor":23.0,"key":"Akabeko"},{"floor":25.0,"key":"PreservedInsect"},{"floor":25.0,"key":"Centennial Puzzle"},{"floor":26.0,"key":"Mummified Hand"},{"floor":26.0,"key":"Smiling Mask"},{"floor":28.0,"key":"Lantern"},{"floor":28.0,"key":"Pen Nib"},{"floor":30.0,"key":"Turnip"},{"floor":30.0,"key":"Bronze Scales"},{"floor":36.0,"key":"Ice Cream"},{"floor":38.0,"key":"Gambling Chip"},{"floor":40.0,"key":"StrikeDummy"},{"floor":40.0,"key":"Ornamental Fan"},{"floor":43.0,"key":"Bag of Marbles"},{"floor":46.0,"key":"Shovel"},{"floor":46.0,"key":"Eternal Feather"},{"floor":48.0,"key":"Happy Flower"},{"floor":48.0,"key":"Self Forming Clay"},{"floor":49.0,"key":"Blood Vial"},{"floor":53,"key":"Bottled Tornado"},{"floor":55,"key":"Ginger"},{"floor":55,"key":"Red Skull"}],"event_choices":[{"cards_removed":["Entrench"],"damage_healed":0.0,"max_hp_gain":0.0,"max_hp_loss":0.0,"gold_gain":0.0,"event_name":"WeMeetAgain","player_choice":"Gave Card","floor":2.0,"gold_loss":0.0,"damage_taken":0.0,"relics_obtained":["Toxic Egg 2"]},{"damage_healed":0.0,"max_hp_gain":0.0,"max_hp_loss":0.0,"gold_gain":0.0,"event_name":"Shining Light","player_choice":"Entered Light","floor":4.0,"gold_loss":0.0,"damage_taken":23.0,"cards_upgraded":["Fire Breathing","Strike_R"]},{"damage_healed":18.0,"max_hp_gain":0.0,"max_hp_loss":0.0,"gold_gain":0.0,"event_name":"Mushrooms","player_choice":"Healed and dodged fight","floor":10.0,"gold_loss":0.0,"damage_taken":0.0,"cards_obtained":["Parasite"]},{"cards_removed":["Strike_R"],"damage_healed":0.0,"max_hp_gain":0.0,"max_hp_loss":0.0,"gold_gain":0.0,"event_name":"Golden Wing","player_choice":"Card Removal","floor":12.0,"gold_loss":0.0,"damage_taken":7.0},{"damage_healed":0.0,"max_hp_gain":0.0,"max_hp_loss":0.0,"gold_gain":0.0,"cards_transformed":["Defend_R","Strike_R"],"event_name":"Drug Dealer","player_choice":"Became Test Subject","floor":20.0,"gold_loss":0.0,"damage_taken":0.0,"cards_obtained":["Fire Breathing","Intimidate"]},{"damage_healed":0.0,"max_hp_gain":0.0,"max_hp_loss":0.0,"gold_gain":0.0,"event_name":"The Mausoleum","player_choice":"Opened","floor":21.0,"gold_loss":0.0,"damage_taken":0.0,"relics_obtained":["Matryoshka"],"cards_obtained":["Writhe"]},{"damage_healed":0.0,"max_hp_gain":0.0,"max_hp_loss":0.0,"gold_gain":0.0,"event_name":"The Library","player_choice":"Read","floor":22.0,"gold_loss":0.0,"damage_taken":0.0,"cards_obtained":["Dark Embrace"]},{"damage_healed":0.0,"max_hp_gain":0.0,"max_hp_loss":0.0,"gold_gain":0.0,"event_name":"Mysterious Sphere","player_choice":"Fight","floor":36.0,"gold_loss":0.0,"damage_taken":0.0},{"damage_healed":0.0,"max_hp_gain":0.0,"max_hp_loss":0.0,"gold_gain":0.0,"event_name":"SensoryStone","player_choice":"Memory 3","floor":37.0,"gold_loss":0.0,"damage_taken":10.0},{"damage_healed":0.0,"max_hp_gain":0.0,"max_hp_loss":0.0,"gold_gain":0.0,"event_name":"MindBloom","player_choice":"Fight","floor":38.0,"gold_loss":0.0,"damage_taken":0.0},{"cards_removed":["Defend_R"],"damage_healed":0.0,"max_hp_gain":0.0,"max_hp_loss":0.0,"gold_gain":0.0,"event_name":"Purifier","player_choice":"Purged","floor":44.0,"gold_loss":0.0,"damage_taken":0.0}],"is_beta":false,"boss_relics":[{"not_picked":["Astrolabe","Tiny House"],"picked":"Black Star"},{"not_picked":["Black Blood","Philosopher\u0027s Stone"],"picked":"Fusion Hammer"}],"items_purged_floors":[11,19,27,42,54],"is_endless":false,"potions_floor_spawned":[3,5,14,16,23,25,29,30,36,41,47,48,55],"ascension_level":20}}