{"host":"eu5wvbbtjeiar27l","time":1610629125,"event":{"mods":["Astrologer","BaseMod","Colored Powertips","Conspire","Energized Spire","Hubris","Infinite Spire","Mad Scientist","Melee Mod","Minty Spire (QoL Compilation)","Potionbrewer","Rare Cards Sparkle","StSLib","The Construct","The Factory","The Jungle","The Runesmith","The Valiant","Treasure Hunter","themimic","vexMod"],"gold_per_floor":[113,113,37,54,69,69,87,87,87,100,132,132,157,13,13,108,108,123,138,155,155,168,168,168,168],"floor_reached":24,"language":"ENG","playtime":1577,"items_purged":[],"score":208,"play_id":"449a6a18-212e-4418-96f8-702b9be8384d","local_time":"20210114125845","is_ascension_mode":false,"campfire_choices":[{"data":"construct:Synchronize","floor":6,"key":"SMITH"},{"data":"construct:Autoturret","floor":8,"key":"SMITH"},{"floor":12,"key":"REST"},{"data":"construct:DefenseMode","floor":15,"key":"SMITH"},{"data":"construct:Autoturret","floor":23,"key":"SMITH"}],"circlet_count":0,"master_deck":["construct:Strike_Gold","construct:Strike_Gold","construct:Strike_Gold","construct:Strike_Gold","construct:Strike_Gold","construct:Defend_Gold","construct:Defend_Gold","construct:Defend_Gold","construct:Defend_Gold","construct:Defend_Gold","construct:AttackMode","construct:DefenseMode+1","construct:Chainstrike","construct:Synchronize+1","construct:Autoturret+1","construct:Forcefield","construct:Autoturret+1","construct:PowerUp","construct:DefenseMode","construct:ForceCore","construct:Enhance","construct:Backup","construct:LongRangeLance"],"relics":["construct:Cogwheel","hubris:DeckOfHolding","conspire:Dentures","DollysMirror","energizedSpire:MagnifyingGlass","hubris:CuriousFeather"],"acts_visited":["Exordium","TheCity"],"potions_floor_usage":[13,13,16,20,22],"damage_taken":[{"damage":0,"enemies":"2 Louse","floor":1,"turns":3},{"damage":7,"enemies":"Cultist","floor":4,"turns":5},{"damage":6,"enemies":"Small Slimes","floor":5,"turns":4},{"damage":17,"enemies":"Gremlin Gang","floor":7,"turns":3},{"damage":13,"enemies":"Exordium Wildlife","floor":10,"turns":4},{"damage":21,"enemies":"Lagavulin","floor":11,"turns":7},{"damage":24,"enemies":"3 Sentries","floor":13,"turns":8},{"damage":14,"enemies":"The Guardian","floor":16,"turns":10},{"damage":4,"enemies":"Chosen","floor":18,"turns":7},{"damage":20,"enemies":"Shell Parasite","floor":19,"turns":9},{"damage":39,"enemies":"3 Cultists","floor":20,"turns":6},{"damage":15,"enemies":"Sentry and Sphere","floor":22,"turns":11},{"damage":26,"enemies":"Gremlin Leader","floor":24,"turns":2}],"seed_played":"-5572019249453530775","potions_obtained":[{"floor":4,"key":"DistilledChaos"},{"floor":10,"key":"potionbrewer:EndurancePotion"},{"floor":11,"key":"SkillPotion"},{"floor":13,"key":"potionbrewer:AcidPotion"},{"floor":19,"key":"Fruit Juice"},{"floor":22,"key":"potionbrewer:BarricadePotion"}],"is_trial":false,"path_per_floor":["M","?","$","M","M","R","M","R","T","M","E","R","E","$","R","B",null,"M","M","M","?","M","R","E"],"character_chosen":"THE_CONSTRUCT_MOD","items_purchased":["construct:Synchronize","DollysMirror"],"campfire_rested":1,"item_purchase_floors":[3,14],"current_hp_per_floor":[93,93,93,86,80,80,63,63,63,50,29,56,32,32,32,18,93,89,69,35,35,20,20,0,0],"gold":168,"neow_bonus":"TEN_PERCENT_HP_BONUS","is_daily":false,"chose_seed":false,"campfire_upgraded":4,"win_rate":0.0,"timestamp":1610629125,"path_taken":["M","?","?","M","M","R","M","R","T","M","E","R","E","$","R","BOSS","M","M","?","?","M","R","E"],"items_purchased_type":["Card","Relic"],"build_version":"2020-12-22","purchased_purges":0,"victory":false,"max_hp_per_floor":[93,93,93,93,93,93,93,93,93,93,93,93,93,93,93,93,93,93,93,98,98,98,98,98,98],"card_choices":[{"not_picked":["construct:Stasis","construct:Backfire"],"picked":"construct:Chainstrike","floor":1},{"not_picked":["construct:Analyze","construct:MetalShell"],"picked":"construct:Autoturret","floor":4},{"not_picked":["construct:ShiftStrike","construct:SweepLaser"],"picked":"construct:Forcefield","floor":5},{"not_picked":["construct:Boost","construct:SyphonStrike"],"picked":"construct:Autoturret","floor":7},{"not_picked":["TH:CursedSword","TH:TreasureMap"],"picked":"SKIP","floor":9},{"not_picked":["construct:VentSteam","construct:ScrapCannon","construct:Electrocute"],"picked":"SKIP","floor":10},{"not_picked":["TH:EnergyPotion","TH:ArmorSpikes"],"picked":"SKIP","floor":11},{"not_picked":["construct:Backfire","construct:HammerDown","construct:QuickAttack"],"picked":"SKIP","floor":11},{"not_picked":["construct:SuppressiveFire","construct:SweepLaser"],"picked":"construct:PowerUp","floor":13},{"not_picked":["TH:EnergyPotion","TH:Mimic"],"picked":"SKIP","floor":13},{"not_picked":["construct:SyphonStrike+1","construct:Analyze+1"],"picked":"construct:ForceCore","floor":18},{"not_picked":["construct:VentSteam+1","construct:Anticipate+1"],"picked":"construct:Enhance","floor":19},{"not_picked":["construct:FierceBash","construct:Accumulate"],"picked":"construct:Backup","floor":20},{"not_picked":["construct:SyphonStrike","construct:Boost"],"picked":"construct:LongRangeLance","floor":22}],"player_experience":161082,"relics_obtained":[{"floor":11,"key":"hubris:DeckOfHolding"},{"floor":13,"key":"conspire:Dentures"}],"event_choices":[{"damage_healed":0,"gold_gain":0,"player_choice":"Ignored","damage_taken":0,"max_hp_gain":0,"max_hp_loss":0,"event_name":"NoteForYourself","floor":2,"gold_loss":0},{"damage_healed":0,"gold_gain":0,"player_choice":"Opened","damage_taken":0,"relics_obtained":["hubris:CuriousFeather"],"max_hp_gain":0,"max_hp_loss":0,"event_name":"The Mausoleum","floor":21,"gold_loss":0}],"is_beta":false,"boss_relics":[{"not_picked":["vexMod:RockOfEvil","Ectoplasm"],"picked":"energizedSpire:MagnifyingGlass"}],"items_purged_floors":[],"is_endless":false,"potions_floor_spawned":[4,10,11,13,19,22],"killed_by":"Gremlin Leader","ascension_level":0}}