{"host":"0c22z74nxhh6l98a","time":1610592882,"event":{"mods":["BaseMod","BetterRewards","Card Forge","GungeonMod","Hubris","Infinite Spire","Minty Spire (QoL Compilation)","Potionbrewer","Shop Mod","StSLib"],"gold_per_floor":[110,159,200,46,46,46,346,402,453,516,516,481,523,588,588,723,723,777,436,436,481,481,481,544,389,389,445,499,599,654,695,695,830,830,878,923,923,923,431,493,533,533,533,598,598,31,81,126,126,156,156,156,30,86,116],"floor_reached":56,"language":"ENG","playtime":5268,"items_purged":[],"score":2439,"play_id":"d534d707-59c1-4259-9e1f-25976b8c9306","local_time":"20210113205442","is_ascension_mode":true,"campfire_choices":[{"floor":6,"key":"RECALL"},{"data":"DemoMod:Deposit","floor":15,"key":"SMITH"},{"data":"Reflex","floor":23,"key":"SMITH"},{"data":"A Thousand Cuts","floor":32,"key":"SMITH"},{"data":"hubris:Sniper","floor":42,"key":"SMITH"},{"data":"Escape Plan","floor":49,"key":"SMITH"},{"data":"After Image","floor":52,"key":"SMITH"}],"circlet_count":0,"master_deck":["Calculated Gamble+1","After Image+1","Adrenaline","Venomology","Blade Dance","Escape Plan+1","Prepared","Reflex+1","hubris:Sniper+1","Tactician","DemoMod:Deposit+1","Prepared","A Thousand Cuts+1","Storm of Steel","Prepared","Reflex","Calculated Gamble","Malaise"],"relics":["Ring of the Snake","Hammer of Thor","Seething Fire","Anvil of the Gods","MerchantsRug","ClockworkSouvenir","Lizard Tail","Frozen Eye","Potion Belt","Anchor","hubris:FunFungus","Omamori","potionbrewer:Torch","Regal Pillow","hubris:Icosahedron","Whetstone","Boot","CeramicFish","SlaversCollar","DemoMod:GlassGuonStoneRelic","Chemical X","DemoMod:Metronome","Tiny Chest","Blood Vial","DemoMod:LamentConfigurum","Darkstone Periapt","DemoMod:ResourcefulSack","SacredBark","Gremlin Horn","TheAbacus","potionbrewer:RamsHorn","DemoMod:PoisonVial","Nunchaku","Juzu Bracelet","hubris:Potato","hubris:SphereOfDissonance","Vajra","infinitespire:Satchel"],"acts_visited":["Exordium","TheCity","TheBeyond","TheEnding"],"potions_floor_usage":[3,4,4,14,16,33,35,35,35,35,50,50,54,55,55,55,55],"damage_taken":[{"damage":0,"enemies":"Small Slimes","floor":1,"turns":1},{"damage":0,"enemies":"Jaw Worm","floor":2,"turns":1},{"damage":0,"enemies":"Cultist","floor":3,"turns":1},{"damage":0,"enemies":"Lagavulin","floor":8,"turns":1},{"damage":0,"enemies":"Gremlin Nob","floor":10,"turns":1},{"damage":0,"enemies":"Exordium Thugs","floor":13,"turns":4},{"damage":14,"enemies":"3 Sentries","floor":14,"turns":4},{"damage":0,"enemies":"Slime Boss","floor":16,"turns":4},{"damage":0,"enemies":"Shell Parasite","floor":18,"turns":2},{"damage":0,"enemies":"3 Byrds","floor":21,"turns":3},{"damage":0,"enemies":"Slavers","floor":24,"turns":1},{"damage":0,"enemies":"Sentry and Sphere","floor":27,"turns":1},{"damage":0,"enemies":"Shelled Parasite and Fungi","floor":28,"turns":1},{"damage":0,"enemies":"Gremlin Leader","floor":30,"turns":2},{"damage":0,"enemies":"Snake Plant","floor":31,"turns":1},{"damage":0,"enemies":"Automaton","floor":33,"turns":2},{"damage":0,"enemies":"3 Darklings","floor":35,"turns":3},{"damage":0,"enemies":"3 Shapes","floor":36,"turns":1},{"damage":0,"enemies":"Nemesis","floor":40,"turns":1},{"damage":0,"enemies":"Spire Growth","floor":41,"turns":1},{"damage":0,"enemies":"Reptomancer","floor":44,"turns":1},{"damage":0,"enemies":"3 Darklings","floor":47,"turns":1},{"damage":0,"enemies":"Maw","floor":48,"turns":1},{"damage":0,"enemies":"Time Eater","floor":50,"turns":5},{"damage":0,"enemies":"Shield and Spear","floor":54,"turns":1},{"damage":0,"enemies":"The Heart","floor":55,"turns":5}],"seed_played":"-1256117410948588575","potions_obtained":[{"floor":1,"key":"potionbrewer:SplittingPotion"},{"floor":8,"key":"potionbrewer:AcidPotion"},{"floor":14,"key":"SteroidPotion"},{"floor":24,"key":"GamblersBrew"},{"floor":27,"key":"Fruit Juice"},{"floor":44,"key":"ColorlessPotion"},{"floor":47,"key":"potionbrewer:CleansingPotion"},{"floor":54,"key":"FearPotion"}],"is_trial":false,"path_per_floor":["M","M","M","$","?","R","?","E","T","E","?","?","M","E","R","B",null,"M","$","?","M","AVR","R","E","$","T","M","M","?","E","M","R","B",null,"M","M","?","T","$","E","M","R","T","E","?","$","M","M","R","B",null,"R","$","E","B",null],"character_chosen":"THE_SILENT","items_purchased":["MerchantsRug","ClockworkSouvenir","Frozen Eye","Potion Belt","DistilledChaos","Anchor","hubris:FunFungus","Omamori","DistilledChaos","potionbrewer:Torch","Regal Pillow","hubris:Spice","Chemical X","Blood Vial","DemoMod:LamentConfigurum","TheAbacus","potionbrewer:RamsHorn","DemoMod:PoisonVial","Fruit Juice","hubris:Potato","hubris:SphereOfDissonance","Vajra","AttackPotion"],"campfire_rested":0,"item_purchase_floors":[0,0,0,0,0,0,0,0,0,4,4,19,19,25,25,39,39,39,46,46,46,53,53],"current_hp_per_floor":[63,63,63,63,63,63,60,60,60,60,42,59,68,61,61,64,69,70,78,81,81,81,81,81,81,81,81,81,81,81,81,81,81,81,81,81,81,81,81,81,81,81,81,81,81,81,81,81,81,81,81,81,81,101,101],"gold":116,"neow_bonus":"","is_daily":false,"chose_seed":false,"campfire_upgraded":6,"win_rate":0.0,"timestamp":1610592882,"path_taken":["M","M","M","$","?","R","?","E","T","E","?","?","?","E","R","BOSS","M","$","?","M","AVR","R","E","$","T","M","M","?","E","M","R","BOSS","M","?","?","?","$","E","M","R","T","E","?","$","M","M","R","BOSS","R","$","E","BOSS"],"items_purchased_type":["Relic","Relic","Relic","Relic","Potion","Relic","Relic","Relic","Potion","Relic","Relic","Relic","Relic","Relic","Relic","Relic","Relic","Relic","Potion","Relic","Relic","Relic","Potion"],"build_version":"2020-12-22","purchased_purges":0,"victory":true,"max_hp_per_floor":[70,70,70,70,70,70,70,70,70,70,70,70,70,70,70,70,70,70,78,81,81,81,81,81,81,81,81,81,81,81,81,81,81,81,81,81,81,81,81,81,81,81,81,81,81,81,81,81,81,81,81,81,81,101,101],"card_choices":[{"not_picked":["Dagger Spray","Riddle With Holes","Flechettes"],"picked":"SKIP","floor":1},{"not_picked":["Footwork","Well Laid Plans","Quick Slash"],"picked":"SKIP","floor":2},{"not_picked":["Skewer","Cloak And Dagger"],"picked":"Prepared","floor":3},{"not_picked":["Infinite Blades","hubris:SlightOfHand","Dagger Spray"],"picked":"SKIP","floor":8},{"not_picked":["Underhanded Strike","PiercingWail"],"picked":"Accuracy","floor":10},{"not_picked":["Bane","Backflip","Dagger Throw"],"picked":"SKIP","floor":13},{"not_picked":["Flying Knee","Dagger Throw"],"picked":"A Thousand Cuts","floor":14},{"not_picked":["Grand Finale","Venomology"],"picked":"Storm of Steel","floor":16},{"not_picked":["Dagger Spray","Flying Knee"],"picked":"Prepared","floor":18},{"not_picked":["Acrobatics+1","Dagger Spray+1","Deflect"],"picked":"SKIP","floor":21},{"not_picked":["Concentrate+1","Bouncing Flask+1","Die Die Die"],"picked":"SKIP","floor":24},{"not_picked":["Dash","Tactician"],"picked":"Reflex","floor":27},{"not_picked":["Slice+1","Dagger Spray"],"picked":"Calculated Gamble","floor":28},{"not_picked":["Cloak And Dagger","Slice+1","Outmaneuver"],"picked":"SKIP","floor":30},{"not_picked":["Bane","Storm of Steel","hubris:Sniper+1"],"picked":"SKIP","floor":31},{"not_picked":["Unload","Glass Knife"],"picked":"Malaise","floor":33},{"not_picked":["Endless Agony+1","Dagger Spray+1","Bouncing Flask"],"picked":"SKIP","floor":35},{"not_picked":["Poisoned Stab+1","Backflip+1","infinitespire:Neurotoxin"],"picked":"SKIP","floor":36},{"not_picked":["Backstab+1","Choke","hubris:Counter+1"],"picked":"SKIP","floor":40},{"not_picked":["Eviscerate","Cloak And Dagger+1","Outmaneuver+1"],"picked":"SKIP","floor":41},{"not_picked":["Footwork","Slice","Quick Slash+1"],"picked":"SKIP","floor":44},{"not_picked":["Flying Knee","Cloak And Dagger+1","Glass Knife"],"picked":"SKIP","floor":47},{"not_picked":["Deadly Poison+1","Dagger Throw+1","Blade Dance+1"],"picked":"SKIP","floor":48},{"not_picked":["Die Die Die","Underhanded Strike","hubris:Counter+1"],"picked":"SKIP","floor":54}],"player_experience":857588,"relics_obtained":[{"floor":8,"key":"Whetstone"},{"floor":10,"key":"Boot"},{"floor":14,"key":"CeramicFish"},{"floor":24,"key":"Tiny Chest"},{"floor":26,"key":"Darkstone Periapt"},{"floor":30,"key":"DemoMod:ResourcefulSack"},{"floor":38,"key":"Gremlin Horn"},{"floor":40,"key":"DemoMod:Metronome"},{"floor":43,"key":"Nunchaku"},{"floor":44,"key":"Juzu Bracelet"},{"floor":54,"key":"infinitespire:Satchel"}],"event_choices":[{"damage_healed":0,"gold_gain":0,"player_choice":"Success","damage_taken":3,"relics_obtained":["Old Coin"],"max_hp_gain":0,"max_hp_loss":0,"event_name":"Scrap Ooze","floor":7,"gold_loss":0},{"damage_healed":17,"gold_gain":0,"player_choice":"Healed","damage_taken":0,"max_hp_gain":0,"max_hp_loss":0,"event_name":"The Cleric","floor":12,"gold_loss":35},{"damage_healed":0,"gold_gain":100,"player_choice":"Pray","damage_taken":0,"max_hp_gain":0,"max_hp_loss":0,"event_name":"Golden Shrine","floor":29,"gold_loss":0},{"cards_removed":["Accuracy"],"damage_healed":0,"gold_gain":0,"player_choice":"Removed Power","damage_taken":0,"max_hp_gain":0,"max_hp_loss":0,"event_name":"Falling","floor":37,"gold_loss":0},{"damage_healed":0,"gold_gain":0,"player_choice":"Ignored","damage_taken":0,"max_hp_gain":0,"max_hp_loss":0,"event_name":"Tomb of Lord Red Mask","floor":45,"gold_loss":0}],"is_beta":false,"boss_relics":[{"not_picked":["Velvet Choker","Runic Pyramid"],"picked":"SlaversCollar"},{"not_picked":["Sozu","hubris:TerracottaHorce"],"picked":"SacredBark"}],"items_purged_floors":[],"is_endless":false,"potions_floor_spawned":[1,3,8,14,24,27,33,44,47,54],"ascension_level":6}}