{"host":"jggt5i9rbuoqvque","time":1610588068,"event":{"mods":["BaseMod","Colored Map","Minty Spire (QoL Compilation)","StSLib"],"gold_per_floor":[59,59,96,147,179,233,233,77,102,147,183,274,341,405,405,405,405],"floor_reached":16,"language":"KOR","playtime":475,"items_purged":[],"score":146,"play_id":"bafcebfa-81e9-40fa-98de-f7552f834e90","local_time":"20210114103428","is_ascension_mode":true,"campfire_choices":[{"data":"HandOfGreed","floor":7.0,"key":"SMITH"},{"data":"Bash","floor":15,"key":"SMITH"}],"circlet_count":0,"master_deck":["Strike_R","Strike_R","Strike_R","Strike_R","Strike_R","Defend_R","Defend_R","Defend_R","Defend_R","Bash+1","HandOfGreed+1","Seeing Red","Ghostly Armor"],"relics":["Burning Blood","Ancient Tea Set","Bag of Marbles","MealTicket"],"acts_visited":["Exordium"],"potions_floor_usage":[12,13,16,16],"damage_taken":[{"damage":10.0,"enemies":"Small Slimes","floor":1.0,"turns":3.0},{"damage":0.0,"enemies":"Cultist","floor":3.0,"turns":2.0},{"damage":3.0,"enemies":"2 Louse","floor":4.0,"turns":5.0},{"damage":11.0,"enemies":"Looter","floor":5.0,"turns":3.0},{"damage":37.0,"enemies":"Gremlin Nob","floor":6.0,"turns":5.0},{"damage":4.0,"enemies":"Red Slaver","floor":10.0,"turns":3.0},{"damage":0.0,"enemies":"2 Fungi Beasts","floor":11.0,"turns":3.0},{"damage":4,"enemies":"3 Louse","floor":12,"turns":5},{"damage":21,"enemies":"Exordium Thugs","floor":13,"turns":7},{"damage":4,"enemies":"Large Slime","floor":14,"turns":6},{"damage":31,"enemies":"The Guardian","floor":16,"turns":9}],"seed_played":"3360461264694923798","potions_obtained":[{"floor":1.0,"key":"Weak Potion"},{"floor":4.0,"key":"AttackPotion"},{"floor":11.0,"key":"Block Potion"},{"floor":12,"key":"Block Potion"},{"floor":13,"key":"DistilledChaos"},{"floor":14,"key":"Weak Potion"}],"is_trial":false,"path_per_floor":["M","?","M","M","M","E","R","$","T","M","M","M","M","M","R","B"],"character_chosen":"IRONCLAD","items_purchased":["Bag of Marbles"],"campfire_rested":0,"item_purchase_floors":[8],"current_hp_per_floor":[68,60,66,69,64,33,33,33,33,35,41,43,28,30,30,0,0],"gold":405,"neow_bonus":"RANDOM_COLORLESS_2","is_daily":false,"chose_seed":false,"campfire_upgraded":2,"win_rate":0.0,"timestamp":1610588068,"path_taken":["M","?","M","M","M","E","R","?","T","?","M","M","M","M","R","BOSS"],"items_purchased_type":["Relic"],"build_version":"2020-12-22","purchased_purges":0,"victory":false,"max_hp_per_floor":[80,80,80,80,80,80,80,80,80,80,80,80,80,80,80,80,80],"card_choices":[{"not_picked":["Secret Technique","Thinking Ahead"],"picked":"HandOfGreed","floor":0.0},{"not_picked":["True Grit","Havoc","Dual Wield"],"picked":"SKIP","floor":1.0},{"not_picked":["Clothesline","Pommel Strike","Headbutt"],"picked":"SKIP","floor":3.0},{"not_picked":["Iron Wave","Sentinel","Anger"],"picked":"SKIP","floor":4.0},{"not_picked":["Sword Boomerang","Brutality","Wild Strike"],"picked":"SKIP","floor":5.0},{"not_picked":["Clothesline","Warcry"],"picked":"Seeing Red","floor":6.0},{"not_picked":["Armaments","Rampage","Thunderclap"],"picked":"SKIP","floor":10.0},{"not_picked":["Clash","Body Slam"],"picked":"Ghostly Armor","floor":11.0},{"not_picked":["Second Wind","Havoc","Offering"],"picked":"SKIP","floor":12},{"not_picked":["Clash","Havoc","Fire Breathing"],"picked":"SKIP","floor":13},{"not_picked":["Perfected Strike","Power Through","Shrug It Off"],"picked":"SKIP","floor":14}],"player_experience":336915,"relics_obtained":[{"floor":6.0,"key":"Ancient Tea Set"},{"floor":9.0,"key":"MealTicket"}],"event_choices":[{"damage_healed":0.0,"max_hp_gain":0.0,"max_hp_loss":0.0,"gold_gain":0.0,"event_name":"Wheel of Change","player_choice":"Damaged","floor":2.0,"gold_loss":0.0,"damage_taken":8.0}],"is_beta":false,"boss_relics":[],"items_purged_floors":[],"is_endless":false,"potions_floor_spawned":[1,4,11,12,13,14],"killed_by":"The Guardian","ascension_level":7}}