{"host":"2hea6pl5vmah38iy","time":1610603076,"event":{"mods":["AchievementEnabler","BaseMod","Colored Map","DeckTracker","Keyboard Shortcuts","Minty Spire (QoL Compilation)","Rare Cards Sparkle","StSLib","SuperFastMode","everything is the same but u backflip on backflip"],"gold_per_floor":[117,117,127,167,204,260,278,278,278,316,346,346,346,381,381,456,456,500,520,445,126,168,226,101,117,141,182,182,182,182,182,182,281,281,295,295,313,313,338,338],"floor_reached":39,"language":"KOR","playtime":1849,"items_purged":["Strike_P","Defend_P","Strike_P"],"score":767,"play_id":"eb14f45e-8f65-430c-85c9-8814bba4134f","local_time":"20210114144436","is_ascension_mode":true,"campfire_choices":[{"floor":8.0,"key":"REST"},{"data":"Eruption","floor":12.0,"key":"SMITH"},{"floor":15.0,"key":"REST"},{"floor":30.0,"key":"REST"},{"data":"Adaptation","floor":32.0,"key":"SMITH"}],"circlet_count":0,"master_deck":["AscendersBane","Eruption+1","Vigilance+1","CutThroughFate","DevaForm","Evaluate","Wish","FearNoEvil","SandsOfTime","CrushJoints+1","LessonLearned+1","Adaptation+1","Decay","ConjureBlade","Blasphemy","Vault","Madness","Madness"],"relics":["PureWater","Pear","StrikeDummy","Shuriken","Runic Pyramid","PreservedInsect","Juzu Bracelet","Vajra","SlaversCollar"],"acts_visited":["Exordium","TheCity","TheBeyond"],"potions_floor_usage":[39,39],"damage_taken":[{"damage":7.0,"enemies":"Jaw Worm","floor":1.0,"turns":4.0},{"damage":0.0,"enemies":"Cultist","floor":3.0,"turns":4.0},{"damage":7.0,"enemies":"Small Slimes","floor":4.0,"turns":5.0},{"damage":10.0,"enemies":"3 Louse","floor":5.0,"turns":6.0},{"damage":36.0,"enemies":"3 Sentries","floor":6.0,"turns":6.0},{"damage":2.0,"enemies":"Blue Slaver","floor":7.0,"turns":3.0},{"damage":11.0,"enemies":"2 Fungi Beasts","floor":10.0,"turns":4.0},{"damage":10.0,"enemies":"Gremlin Nob","floor":11.0,"turns":3.0},{"damage":15.0,"enemies":"Exordium Wildlife","floor":14.0,"turns":4.0},{"damage":29.0,"enemies":"Hexaghost","floor":16.0,"turns":7.0},{"damage":7.0,"enemies":"3 Byrds","floor":18.0,"turns":4.0},{"damage":5.0,"enemies":"Spheric Guardian","floor":19.0,"turns":3.0},{"damage":17.0,"enemies":"Snake Plant","floor":22.0,"turns":4.0},{"damage":0.0,"enemies":"Book of Stabbing","floor":23.0,"turns":4.0},{"damage":14.0,"enemies":"3 Cultists","floor":25.0,"turns":4.0},{"damage":8.0,"enemies":"Centurion and Healer","floor":27.0,"turns":5.0},{"damage":3.0,"enemies":"Champ","floor":33.0,"turns":6.0},{"damage":11.0,"enemies":"Orb Walker","floor":35.0,"turns":2.0},{"damage":12.0,"enemies":"3 Darklings","floor":37.0,"turns":4.0},{"damage":41,"enemies":"Transient","floor":39,"turns":2}],"seed_played":"-3080006956209711723","potions_obtained":[{"floor":3.0,"key":"Regen Potion"},{"floor":5.0,"key":"FearPotion"},{"floor":10.0,"key":"Explosive Potion"},{"floor":11.0,"key":"Explosive Potion"},{"floor":19.0,"key":"AttackPotion"},{"floor":22.0,"key":"SkillPotion"},{"floor":25.0,"key":"BottledMiracle"},{"floor":27.0,"key":"Explosive Potion"}],"is_trial":false,"path_per_floor":["M","?","M","M","M","E","M","R","T","M","E","R","?","M","R","B",null,"M","M","$","$","M","E","$","M","T","M","?","?","R","?","R","B",null,"M","?","M","?","M"],"character_chosen":"WATCHER","items_purchased":["Adaptation","PreservedInsect"],"campfire_rested":3,"item_purchase_floors":[21,21],"current_hp_per_floor":[54,54,54,47,37,26,24,45,45,34,24,24,24,9,30,1,54,47,42,42,42,25,25,25,11,11,3,3,3,24,24,24,21,59,48,35,23,23,0,0],"gold":338,"neow_bonus":"TRANSFORM_TWO_CARDS","is_daily":false,"chose_seed":false,"campfire_upgraded":2,"win_rate":0.0,"timestamp":1610603076,"path_taken":["M","?","M","?","M","E","M","R","T","M","E","R","?","?","R","BOSS","M","M","?","$","M","E","$","M","T","M","?","?","R","?","R","BOSS","M","?","M","?","M"],"items_purchased_type":["Card","Relic"],"build_version":"2020-12-22","purchased_purges":3,"victory":false,"max_hp_per_floor":[62,62,62,62,62,72,72,72,72,72,72,72,72,72,72,72,72,72,72,72,72,72,72,72,72,72,72,72,72,72,72,72,72,72,72,72,72,72,72,72],"card_choices":[{"not_picked":["Prostrate","Crescendo"],"picked":"Evaluate","floor":1.0},{"not_picked":["DeceiveReality","Vengeance","EmptyBody"],"picked":"SKIP","floor":3.0},{"not_picked":["Prostrate","FollowUp"],"picked":"SandsOfTime","floor":4.0},{"not_picked":["DeceiveReality","FlurryOfBlows","SashWhip"],"picked":"SKIP","floor":5.0},{"not_picked":["Fasting2","Consecrate"],"picked":"CrushJoints","floor":6.0},{"not_picked":["FlurryOfBlows","Conclude","Collect"],"picked":"SKIP","floor":7.0},{"not_picked":["Prostrate","WaveOfTheHand","CrushJoints"],"picked":"SKIP","floor":10.0},{"not_picked":["JustLucky","Vengeance","SandsOfTime"],"picked":"SKIP","floor":11.0},{"not_picked":["FlyingSleeves","FollowUp","Consecrate"],"picked":"SKIP","floor":14.0},{"not_picked":["DevaForm","Establishment"],"picked":"LessonLearned","floor":16.0},{"not_picked":["Nirvana","CutThroughFate","ClearTheMind"],"picked":"SKIP","floor":18.0},{"not_picked":["WreathOfFlame","Vengeance","Swivel"],"picked":"SKIP","floor":19.0},{"not_picked":["JustLucky","FollowUp","CrushJoints"],"picked":"SKIP","floor":22.0},{"not_picked":["JustLucky","PathToVictory","LikeWater+1"],"picked":"SKIP","floor":23.0},{"not_picked":["FollowUp","LessonLearned","WheelKick"],"picked":"SKIP","floor":25.0},{"not_picked":["Evaluate","EmptyBody","BowlingBash"],"picked":"SKIP","floor":27.0},{"not_picked":["Alpha","MasterReality"],"picked":"Vault","floor":33.0},{"not_picked":["BowlingBash","CutThroughFate","Prostrate+1"],"picked":"SKIP","floor":35.0},{"not_picked":["Evaluate","ClearTheMind+1","WaveOfTheHand"],"picked":"SKIP","floor":37.0}],"player_experience":477977,"relics_obtained":[{"floor":6.0,"key":"Pear"},{"floor":9.0,"key":"StrikeDummy"},{"floor":11.0,"key":"Shuriken"},{"floor":23.0,"key":"Juzu Bracelet"},{"floor":26.0,"key":"Vajra"}],"event_choices":[{"damage_healed":0.0,"max_hp_gain":0.0,"max_hp_loss":0.0,"gold_gain":0.0,"event_name":"Match and Keep!","player_choice":"2 cards matched","floor":2.0,"gold_loss":0.0,"damage_taken":0.0,"cards_obtained":["Wish","FearNoEvil"]},{"cards_removed":["Defend_P"],"damage_healed":0.0,"max_hp_gain":0.0,"max_hp_loss":0.0,"gold_gain":0.0,"event_name":"Bonfire Elementals","player_choice":"Offered Basic","floor":13.0,"gold_loss":0.0,"damage_taken":0.0},{"damage_healed":0.0,"max_hp_gain":0.0,"max_hp_loss":0.0,"gold_gain":0.0,"event_name":"Vampires","player_choice":"Ignored","floor":28.0,"gold_loss":0.0,"damage_taken":0.0},{"damage_healed":0.0,"max_hp_gain":0.0,"max_hp_loss":0.0,"gold_gain":0.0,"event_name":"Forgotten Altar","player_choice":"Smashed Altar","floor":29.0,"gold_loss":0.0,"damage_taken":0.0,"cards_obtained":["Decay"]},{"damage_healed":0.0,"max_hp_gain":0.0,"max_hp_loss":0.0,"gold_gain":0.0,"cards_transformed":["Strike_P","Defend_P"],"event_name":"Drug Dealer","player_choice":"Became Test Subject","floor":31.0,"gold_loss":0.0,"damage_taken":0.0,"cards_obtained":["ConjureBlade","Blasphemy"]},{"damage_healed":0.0,"max_hp_gain":0.0,"max_hp_loss":0.0,"gold_gain":0.0,"event_name":"Winding Halls","player_choice":"Embrace Madness","floor":36.0,"gold_loss":0.0,"damage_taken":13.0,"cards_obtained":["Madness","Madness"]},{"damage_healed":0.0,"max_hp_gain":0.0,"max_hp_loss":0.0,"gold_gain":0.0,"event_name":"The Moai Head","player_choice":"Ignored","floor":38.0,"gold_loss":0.0,"damage_taken":0.0}],"is_beta":false,"boss_relics":[{"not_picked":["VioletLotus","Empty Cage"],"picked":"Runic Pyramid"},{"not_picked":["Tiny House","Coffee Dripper"],"picked":"SlaversCollar"}],"items_purged_floors":[20,21,24],"is_endless":false,"potions_floor_spawned":[3,5,10,11,19,22,25,27,37],"killed_by":"Transient","ascension_level":15}}