{"host":"tlqi7e8l7c1qc0dn","time":1610607622,"event":{"mods":["Aspiration","BaseMod","Colored Map","Colored Powertips","Conspire","Curses Come First","Dark Map","Displayed Cursed Tome","Fox Events","Halation","Infinite Spire","Minty Spire (QoL Compilation)","Relic Sorter","Replay The Spire","Shop Mod","StSLib","Trackpad","??????REMEMod"],"gold_per_floor":[418,310,310,320,320,320,320,320,347,347,347,380,380,130,130,227,227,245,255,276,276,294,194,194,194,194,226,239,335,354,368,368,481,481,498,554,91,109,0,0,38,31,31,42,91,91,55,155,155,363,363,375,385,397,409,417,446,457,475,475,484,498,183,183,183,183,273,273,288,288,299,314,331,331,350,361,384,384,349,349,349,435,435,573,673,725,766,831,994,1071,1071,1071,1071,1144,1144,1144,1144,1144,1232,1232,1405,1405,1402,1402],"floor_reached":103,"language":"ENG","playtime":2569,"items_purged":["Heel Hook","Terror","Deflect","Prepared","Flying Knee","Acrobatics","Blade Dance+1","Pot Of Greed"],"score":2447,"play_id":"c19fe33b-2ea3-4bab-9820-b7219446f929","local_time":"20210114020022","daily_mods":["SealedDeck","Vintage","Heirloom","Time Dilation","Flight","Lethality"],"is_ascension_mode":false,"campfire_choices":[{"data":"Venomology","floor":6.0,"key":"SMITH"},{"data":"REME_WheelOfFate","floor":7.0,"key":"SMITH"},{"data":"Blade Dance","floor":11.0,"key":"SMITH"},{"floor":15.0,"key":"DIG"},{"data":"infinitespire:Neurotoxin","floor":24.0,"key":"SMITH"},{"data":"Blade Dance","floor":32.0,"key":"SMITH"},{"data":"ReplayTheSpireMod:Necrosis","floor":40.0,"key":"SMITH"},{"floor":49.0,"key":"DIG"},{"data":"conspire:Banana","floor":64.0,"key":"SMITH"},{"data":"Sucker Punch+1","floor":66.0,"key":"PURGE"},{"floor":74.0,"key":"DIG"},{"data":"conspire:Banana+1","floor":83.0,"key":"SMITH"},{"data":"Poison Darts","floor":91.0,"key":"SMITH"},{"data":"Poison Darts+1","floor":92.0,"key":"SMITH"},{"data":"Poison Darts+2","floor":96,"key":"SMITH"},{"data":"Poison Darts+3","floor":97,"key":"SMITH"},{"data":"Poison Darts+4","floor":98,"key":"SMITH"},{"data":"Poison Darts+5","floor":100,"key":"SMITH"}],"circlet_count":0,"master_deck":["Deflect+1","REME_WheelOfFate+1","infinitespire:Neurotoxin+1","ReplayTheSpireMod:Necrosis+1","Corpse Explosion","conspire:Banana+2","Poison Darts+6"],"relics":["Ring of the Snake","conspire:Flyswatter","Regal Pillow","REME_ComplimentaryCards","NeowsBlessing","halation:IllGainedPizza","MerchantsRug","Question Card","HandDrill","aspiration:StickyExplosives_weak","CeramicFish","The Courier","trackpad:ToughGloves","conspire:RoyalGoblet","Ancient Tea Set","Replay:Multitool","Durian","aspiration:ArtOfWarUpgrade","TwistedFunnel","Gremlin Food","Turnip","trackpad:ByrdBGone","conspire:DeflatedDodgeball","Bag of Preparation","Nunchaku","Smiling Mask","Ornamental Fan","Mummified Hand","halation:Toothbrush","aspiration:ChemicalBlood","Replay:Bottled Snecko","Iron Hammer","halation:Komachan","Tingsha","Centennial Puzzle","conspire:InfiniteJournal","Counterbalance","infinitespire:EvilPickle","Replay:Wanted Poster","infinitespire:Magic Flask","aspiration:AnachronicSnailShell","Snake Skull","conspire:Dentures","halation:NonexistentMirror","The Specimen","Oddly Smooth Stone","Replay:Bronze Core"],"acts_visited":["Exordium","TheCity","TheBeyond","Exordium","TheCity","TheBeyond","Exordium"],"potions_floor_usage":[101,103],"damage_taken":[{"damage":0.0,"enemies":"Cultist","floor":1.0,"turns":1.0},{"damage":0.0,"enemies":"Small Slimes","floor":4.0,"turns":1.0},{"damage":0.0,"enemies":"3 Sentries","floor":12.0,"turns":1.0},{"damage":0.0,"enemies":"The Guardian","floor":16.0,"turns":1.0},{"damage":0.0,"enemies":"Shell Parasite","floor":18.0,"turns":1.0},{"damage":6.0,"enemies":"2 Thieves","floor":20.0,"turns":2.0},{"damage":0.0,"enemies":"Cultist and Chosen","floor":22.0,"turns":3.0},{"damage":0.0,"enemies":"conspire:Head Lice","floor":27.0,"turns":3.0},{"damage":0.0,"enemies":"3 Cultists","floor":28.0,"turns":2.0},{"damage":8.0,"enemies":"conspire:HollyBat","floor":29.0,"turns":5.0},{"damage":0.0,"enemies":"Sentry and Sphere","floor":30.0,"turns":2.0},{"damage":0.0,"enemies":"Centurion and Healer","floor":31.0,"turns":2.0},{"damage":7.0,"enemies":"conspire:MysteriousRune","floor":33.0,"turns":4.0},{"damage":0.0,"enemies":"3 Shapes","floor":35.0,"turns":1.0},{"damage":70.0,"enemies":"Mind Bloom Boss Battle","floor":36.0,"turns":3.0},{"damage":10.0,"enemies":"3 Darklings","floor":38.0,"turns":2.0},{"damage":28.0,"enemies":"Nightmare","floor":41.0,"turns":4.0},{"damage":0.0,"enemies":"Jaw Worm Horde","floor":44.0,"turns":1.0},{"damage":0.0,"enemies":"2 Orb Walkers","floor":45.0,"turns":1.0},{"damage":22.0,"enemies":"infinitespire:MassOfShapes","floor":50.0,"turns":4.0},{"damage":0.0,"enemies":"Cultist","floor":52.0,"turns":1.0},{"damage":0.0,"enemies":"Jaw Worm","floor":53.0,"turns":1.0},{"damage":0.0,"enemies":"Small Slimes","floor":54.0,"turns":1.0},{"damage":0.0,"enemies":"2 Fungi Beasts","floor":55.0,"turns":1.0},{"damage":0.0,"enemies":"3 Louse","floor":56.0,"turns":1.0},{"damage":0.0,"enemies":"3 Sentries","floor":57.0,"turns":1.0},{"damage":0.0,"enemies":"Large Slime","floor":58.0,"turns":1.0},{"damage":0.0,"enemies":"Blue Slaver","floor":59.0,"turns":1.0},{"damage":0.0,"enemies":"Gremlin Gang","floor":61.0,"turns":1.0},{"damage":0.0,"enemies":"Looter","floor":62.0,"turns":1.0},{"damage":0.0,"enemies":"Hexaghost","floor":67.0,"turns":2.0},{"damage":0.0,"enemies":"3 Byrds","floor":69.0,"turns":1.0},{"damage":0.0,"enemies":"Shell Parasite","floor":71.0,"turns":1.0},{"damage":0.0,"enemies":"Shelled Parasite and Fungi","floor":72.0,"turns":1.0},{"damage":0.0,"enemies":"Snecko","floor":73.0,"turns":1.0},{"damage":0.0,"enemies":"3 Cultists","floor":75.0,"turns":1.0},{"damage":0.0,"enemies":"Centurion and Healer","floor":76.0,"turns":1.0},{"damage":0.0,"enemies":"Snake Plant","floor":82.0,"turns":1.0},{"damage":120.0,"enemies":"Pondfish","floor":84.0,"turns":5.0},{"damage":0.0,"enemies":"Orb Walker","floor":86.0,"turns":1.0},{"damage":0.0,"enemies":"infinitespire:Three Voidlings","floor":89.0,"turns":1.0},{"damage":60.0,"enemies":"Nightmare_Alpha","floor":89.0,"turns":4.0},{"damage":0.0,"enemies":"3 Darklings","floor":90.0,"turns":1.0},{"damage":0,"enemies":"Jaw Worm Horde","floor":99,"turns":1},{"damage":17,"enemies":"Donu and Deca","floor":101,"turns":2}],"seed_played":"-1817932920170175754","potions_obtained":[{"floor":4.0,"key":"Venom Potion"},{"floor":16.0,"key":"Elixir"},{"floor":18.0,"key":"ColorlessPotion"},{"floor":41.0,"key":"SmokeBomb"},{"floor":45.0,"key":"Poison Potion"},{"floor":50.0,"key":"FearPotion"},{"floor":54.0,"key":"Energy Potion"},{"floor":58.0,"key":"AttackPotion"},{"floor":59.0,"key":"CunningPotion"},{"floor":67.0,"key":"Block Potion"},{"floor":82.0,"key":"Block Potion"},{"floor":89.0,"key":"Ancient Potion"},{"floor":99,"key":"SneckoOil"}],"is_trial":true,"path_per_floor":["M","$","WH","M","?","R","R","WH","T","WH","R","E","WH","$","R_BF","B",null,"M","$","M","AVR","M","$","R","T","T","E","M","M","M","M","R","B",null,"M","?","$","M","?","R","NM","$","T","M","?","AVR","$","?","R_BF","B",null,"M","M","M","M","M","E","M","M","T","M","M","$","R","?","R","B",null,"M","?","M","M","M","R","M","M","T","?","$","R","R","M","R","B",null,"M","?","$","?","M","R","R","?","T","AVR","R","R","R","M","R","B",null,"M"],"character_chosen":"THE_SILENT","items_purchased":["Venomology","MerchantsRug","War Paint","Durian","Potion Belt","TwistedFunnel","Gremlin Food","Guide Book","conspire:Flyswatter","conspire:Banana","Iron Hammer","halation:Komachan","Tingsha","Centennial Puzzle","conspire:InfiniteJournal","Counterbalance"],"campfire_rested":0,"item_purchase_floors":[2,14,14,37,37,42,42,47,63,63,79,79,79,79,79,79],"current_hp_per_floor":[70,70,77,77,77,77,77,77,77,84,84,84,92,92,92,92,92,92,92,86,86,88,88,88,88,95,99,99,91,93,95,95,90,99,99,29,34,26,26,26,20,20,20,22,24,24,24,24,24,4,104,104,104,104,104,104,104,104,104,104,104,104,104,104,104,104,106,106,108,108,110,112,114,114,116,118,118,118,121,121,121,123,123,6,126,126,76,76,19,22,22,22,30,30,30,30,30,30,33,33,19,141,149,149],"gold":1402,"neow_bonus":"TEN_PERCENT_HP_BONUS","is_daily":false,"chose_seed":false,"campfire_upgraded":14,"win_rate":0.0,"timestamp":1610607622,"path_taken":["M","?","WH","M","?","R","R","WH","T","WH","R","E","WH","$","R_BF","BOSS","M","$","M","AVR","M","$","R","?","T","E","M","M","M","M","R","BOSS","M","?","$","M","?","R","NM","?","T","M","?","AVR","$","?","R_BF","BOSS","M","M","M","M","M","E","M","M","T","?","M","$","R","?","R","BOSS","M","?","M","M","M","R","M","M","T","?","$","R","R","?","R","BOSS","M","?","$","?","M","R","R","?","T","AVR","R","R","R","M","R","BOSS","M"],"items_purchased_type":["Card","Relic","Relic","Relic","Relic","Relic","Relic","Relic","Relic","Card","Relic","Relic","Relic","Relic","Relic","Relic"],"build_version":"2020-12-22","purchased_purges":8,"victory":false,"max_hp_per_floor":[70,70,77,77,77,77,77,77,77,84,84,84,92,92,92,92,92,92,92,92,92,92,92,92,92,99,99,99,99,99,99,99,99,99,99,99,104,104,104,104,104,104,104,104,104,104,104,104,104,104,104,104,104,104,104,104,104,104,104,104,104,104,104,104,104,104,106,106,108,108,110,112,114,114,116,118,118,118,121,121,121,123,123,126,126,126,126,126,129,132,132,132,135,135,135,135,135,135,138,138,141,141,149,149],"card_choices":[{"not_picked":["ReplayTheSpireMod:Exploit Weakness","Crippling Poison","Blur"],"picked":"SKIP","floor":12.0},{"not_picked":["Poison Darts","Malaise"],"picked":"infinitespire:Neurotoxin","floor":16.0},{"not_picked":["Deflect","Acrobatics","PiercingWail","Slice"],"picked":"SKIP","floor":27.0},{"not_picked":["Night Terror","Venomology","Bullet Time"],"picked":"ReplayTheSpireMod:Necrosis","floor":33.0},{"not_picked":["Bane+1","Masterful Stab+1","Slice","Poisoned Stab"],"picked":"SKIP","floor":41.0},{"not_picked":["Bane+1","Masterful Stab+1","Slice","Poisoned Stab"],"picked":"SKIP","floor":41.0},{"not_picked":["infinitespire:Neurotoxin","Malaise","Wraith Form v2"],"picked":"Corpse Explosion","floor":50.0},{"not_picked":["Outmaneuver","Atom Bomb","Quick Slash","ReplayTheSpireMod:The Works","Swift Strike"],"picked":"SKIP","floor":57.0},{"not_picked":["Adrenaline","ReplayTheSpireMod:From All Sides","Wraith Form v2"],"picked":"Poison Darts","floor":84.0}],"player_experience":857450,"relics_obtained":[{"floor":1.0,"key":"Vajra"},{"floor":4.0,"key":"aspiration:HummingbirdHeart"},{"floor":9.0,"key":"halation:IllGainedPizza"},{"floor":12.0,"key":"halation:LettersToHer"},{"floor":15.0,"key":"Blood Vial"},{"floor":18.0,"key":"Question Card"},{"floor":20.0,"key":"aspiration:FrozenJewel"},{"floor":22.0,"key":"infinitespire:Satchel"},{"floor":25.0,"key":"infinitespire:FocusingShard"},{"floor":26.0,"key":"Strawberry"},{"floor":27.0,"key":"Bottled Lightning"},{"floor":28.0,"key":"aspiration:StickyExplosives_weak"},{"floor":29.0,"key":"CeramicFish"},{"floor":30.0,"key":"The Courier"},{"floor":31.0,"key":"trackpad:ToughGloves"},{"floor":36.0,"key":"Replay:Multitool"},{"floor":38.0,"key":"trackpad:BottledTsunami"},{"floor":41.0,"key":"Art of War"},{"floor":43.0,"key":"Turnip"},{"floor":44.0,"key":"trackpad:ByrdBGone"},{"floor":45.0,"key":"Tough Bandages"},{"floor":49.0,"key":"Bag of Preparation"},{"floor":51.0,"key":"infinitespire:PuzzleCube"},{"floor":51.0,"key":"aspiration:VileToxins"},{"floor":52.0,"key":"infinitespire:ShieldingShard"},{"floor":53.0,"key":"Nunchaku"},{"floor":54.0,"key":"Basket Of Snakes"},{"floor":55.0,"key":"Smiling Mask"},{"floor":56.0,"key":"trackpad:Compendium"},{"floor":57.0,"key":"Replay:Bandana"},{"floor":58.0,"key":"Ornamental Fan"},{"floor":59.0,"key":"InkBottle"},{"floor":60.0,"key":"aspiration:SeaSaltIceCream"},{"floor":61.0,"key":"Replay:Baseball"},{"floor":62.0,"key":"Regal Pillow"},{"floor":69.0,"key":"halation:Toothbrush"},{"floor":71.0,"key":"Pen Nib"},{"floor":72.0,"key":"Divine Protection"},{"floor":73.0,"key":"aspiration:ChemicalBlood"},{"floor":74.0,"key":"Replay:Bottled Snecko"},{"floor":75.0,"key":"Grinning Jar"},{"floor":76.0,"key":"trackpad:FieryHotPepper"},{"floor":77.0,"key":"Potion Belt"},{"floor":86.0,"key":"infinitespire:Magic Flask"},{"floor":89.0,"key":"aspiration:AnachronicSnailShell"},{"floor":90.0,"key":"Snake Skull"},{"floor":94.0,"key":"conspire:Dentures"},{"floor":99,"key":"The Specimen"}],"event_choices":[{"damage_healed":0.0,"max_hp_gain":0.0,"max_hp_loss":0.0,"gold_gain":0.0,"cards_transformed":["Venomology"],"event_name":"Transmorgrifier","player_choice":"Transformed","floor":5.0,"gold_loss":0.0,"damage_taken":0.0,"cards_obtained":["Heel Hook"]},{"damage_healed":0.0,"max_hp_gain":0.0,"max_hp_loss":0.0,"gold_gain":0.0,"event_name":"MindBloom","player_choice":"Fight","floor":36.0,"gold_loss":0.0,"damage_taken":0.0},{"damage_healed":0.0,"max_hp_gain":0.0,"max_hp_loss":0.0,"gold_gain":0.0,"event_name":"Tomb of Lord Red Mask","player_choice":"Paid","floor":39.0,"gold_loss":109.0,"damage_taken":0.0,"relics_obtained":["Red Mask"]},{"damage_healed":0.0,"max_hp_gain":0.0,"max_hp_loss":0.0,"gold_gain":0.0,"event_name":"Mysterious Sphere","player_choice":"Fight","floor":45.0,"gold_loss":0.0,"damage_taken":0.0},{"damage_healed":0.0,"max_hp_gain":0.0,"max_hp_loss":0.0,"gold_gain":100.0,"event_name":"Golden Shrine","player_choice":"Pray","floor":48.0,"gold_loss":0.0,"damage_taken":0.0},{"damage_healed":0.0,"max_hp_gain":0.0,"max_hp_loss":0.0,"gold_gain":0.0,"event_name":"Vampires","player_choice":"Ignored","floor":70.0,"gold_loss":0.0,"damage_taken":0.0},{"damage_healed":0.0,"max_hp_gain":0.0,"max_hp_loss":0.0,"gold_gain":0.0,"event_name":"Ghosts","player_choice":"Ignored","floor":78.0,"gold_loss":0.0,"damage_taken":0.0},{"cards_removed":["Acrobatics"],"damage_healed":5.0,"max_hp_gain":0.0,"max_hp_loss":0.0,"gold_gain":0.0,"event_name":"Bonfire Elementals","player_choice":"Offered Common","floor":93.0,"gold_loss":0.0,"damage_taken":0.0},{"cards_removed":["Acrobatics"],"damage_healed":5.0,"max_hp_gain":0.0,"max_hp_loss":0.0,"gold_gain":0.0,"event_name":"Bonfire Elementals","player_choice":"Offered Special","floor":93.0,"gold_loss":0.0,"damage_taken":0.0}],"is_beta":false,"boss_relics":[{"not_picked":["Calling Bell","Abe\u0027s Treasure","Coffee Dripper"]},{"not_picked":["ReplayTheSpireMod:DimensionalGlitch","REME_DemonsWealth"],"picked":"conspire:RoyalGoblet"},{"not_picked":["Velvet Choker","conspire:SlowCooker"],"picked":"REME_LowDesire"},{"not_picked":["REME_DemonsWealth","Runic Pyramid"],"picked":"Empty Cage"},{"not_picked":["halation:ForbiddenBikini","REME_ChargedStone"],"picked":"Replay:Wanted Poster"},{"not_picked":["halation:Yufonium","Calling Bell"],"picked":"Replay:Bronze Core"}],"items_purged_floors":[14,21,23,37,42,46,63,79],"is_endless":true,"potions_floor_spawned":[4,16,18,29,30,31,36,41,45,50,54,58,59,61,67,72,73,76,82,89,99],"killed_by":"Cultist","ascension_level":0}}