{"host":"zekcc3vicrep0och","time":1610628617,"event":{"mods":["AchievementEnabler","BaseMod","Colored Map","Colored Powertips","Displayed Cursed Tome","Highlight Path","Minty Spire (QoL Compilation)","Quick Restart","Relic Stats","StSLib","The Cursed"],"gold_per_floor":[13,28,28,78,91,124,147,147,147],"floor_reached":8,"language":"ENG","playtime":326,"items_purged":[],"score":109,"play_id":"af1f610a-5ec7-4842-8fa0-70f1c59bdf46","local_time":"20210114155017","is_ascension_mode":true,"campfire_choices":[],"circlet_count":0,"master_deck":["AscendersBane","Strike_R","Strike_R","Strike_R","Defend_R","Defend_R","Defend_R","Defend_R","Bash","Sword Boomerang","Warcry","Armaments+1","Shrug It Off","Shrug It Off","Shockwave"],"relics":["Burning Blood","Oddly Smooth Stone","CeramicFish"],"acts_visited":["Exordium"],"potions_floor_usage":[],"damage_taken":[{"damage":4.0,"enemies":"Jaw Worm","floor":1.0,"turns":5.0},{"damage":0.0,"enemies":"Small Slimes","floor":2.0,"turns":6.0},{"damage":3.0,"enemies":"Cultist","floor":5.0,"turns":5.0},{"damage":38,"enemies":"3 Sentries","floor":6,"turns":16},{"damage":36,"enemies":"Gremlin Nob","floor":8,"turns":5}],"seed_played":"-6599240451839154640","potions_obtained":[],"is_trial":false,"path_per_floor":["M","M","?","?","M","E","T","E"],"character_chosen":"IRONCLAD","items_purchased":[],"campfire_rested":0,"item_purchase_floors":[],"current_hp_per_floor":[70,75,75,68,71,39,39,3,3],"gold":147,"neow_bonus":"TRANSFORM_TWO_CARDS","is_daily":false,"chose_seed":false,"campfire_upgraded":0,"win_rate":0.0,"timestamp":1610628617,"path_taken":["M","M","?","?","?","E","?","E"],"items_purchased_type":[],"build_version":"2020-12-22","purchased_purges":0,"victory":false,"max_hp_per_floor":[75,75,75,75,75,75,75,75,75],"relic_stats":{"counters":[5,37],"CeramicFish":0,"obtain_stats":[{"CeramicFish":7,"Oddly Smooth Stone":6,"Burning Blood":0},{"CeramicFish":4,"Oddly Smooth Stone":4,"Burning Blood":0},{"CeramicFish":32,"Oddly Smooth Stone":32,"Burning Blood":0}],"Burning Blood":23},"card_choices":[{"not_picked":["Clothesline","Battle Trance"],"picked":"Armaments","floor":1.0},{"not_picked":["Sword Boomerang","Intimidate"],"picked":"Shrug It Off","floor":2.0},{"not_picked":["Clothesline","Heavy Blade"],"picked":"Shrug It Off","floor":5.0},{"not_picked":["Flex","Rupture"],"picked":"Shockwave","floor":6}],"player_experience":528772,"relics_obtained":[{"floor":6,"key":"Oddly Smooth Stone"},{"floor":7,"key":"CeramicFish"}],"event_choices":[{"damage_healed":0.0,"max_hp_gain":0.0,"max_hp_loss":0.0,"gold_gain":0.0,"event_name":"Living Wall","player_choice":"Grow","floor":3.0,"gold_loss":0.0,"damage_taken":0.0,"cards_upgraded":["Armaments"]},{"damage_healed":0.0,"max_hp_gain":0.0,"max_hp_loss":0.0,"gold_gain":50.0,"event_name":"FaceTrader","player_choice":"Touch","floor":4.0,"gold_loss":0.0,"damage_taken":7.0}],"is_beta":false,"boss_relics":[],"items_purged_floors":[],"is_endless":false,"potions_floor_spawned":[],"killed_by":"Gremlin Nob","ascension_level":19}}