{"host":"t7mx8yfj1no5p62f","time":1610599307,"event":{"mods":["BaseMod","Bestiary","Colored Map","Colored Powertips","Minty Spire (QoL Compilation)","Relic Stats","StSLib","ojb\u0027s Info Mod"],"gold_per_floor":[110,129,143,153,153,153,153,170,194,229,61,61,92,17,17,91,91,111,111,127,127,402,402,402],"floor_reached":23,"language":"ENG","playtime":680,"items_purged":["Strike_G"],"score":423,"play_id":"4ed0baf5-34ed-4b78-8e85-baf352468187","local_time":"20210113234147","is_ascension_mode":true,"campfire_choices":[{"data":"Dagger Spray","floor":6,"key":"SMITH"},{"data":"Crippling Poison","floor":12,"key":"SMITH"},{"data":"Dagger Throw","floor":15,"key":"SMITH"}],"circlet_count":0,"master_deck":["AscendersBane","Defend_G","Defend_G","Defend_G","Defend_G","Defend_G","Survivor","Neutralize","Deadly Poison+1","Adrenaline+1","Dagger Spray+1","Crippling Poison+1","Dagger Throw+1","Backflip","PiercingWail","Tools of the Trade","All Out Attack","Necronomicurse","Underhanded Strike","Bite","Bite","Bite","Bite","Bite","Regret"],"relics":["Ring of the Snake","Lantern","War Paint","Toy Ornithopter","TwistedFunnel","Empty Cage","Necronomicon"],"acts_visited":["Exordium","TheCity"],"potions_floor_usage":[10,18,23,23],"damage_taken":[{"damage":8,"enemies":"Cultist","floor":1,"turns":5},{"damage":0,"enemies":"2 Louse","floor":2,"turns":3},{"damage":0,"enemies":"Small Slimes","floor":3,"turns":3},{"damage":0,"enemies":"3 Louse","floor":4,"turns":3},{"damage":0,"enemies":"Looter","floor":8,"turns":3},{"damage":10,"enemies":"Lagavulin","floor":10,"turns":7},{"damage":8,"enemies":"Gremlin Nob","floor":13,"turns":3},{"damage":12,"enemies":"Hexaghost","floor":16,"turns":9},{"damage":10,"enemies":"Spheric Guardian","floor":18,"turns":4},{"damage":0,"enemies":"Chosen","floor":20,"turns":5},{"damage":45,"enemies":"Book of Stabbing","floor":23,"turns":5}],"seed_played":"-1500273394429921740","potions_obtained":[{"floor":3,"key":"BlessingOfTheForge"},{"floor":4,"key":"Weak Potion"},{"floor":10,"key":"ColorlessPotion"},{"floor":18,"key":"Energy Potion"},{"floor":20,"key":"AttackPotion"}],"is_trial":false,"path_per_floor":["M","M","M","M","?","R","?","M","T","E","$","R","E","$","R","B",null,"M","?","M","?","?","E"],"character_chosen":"THE_SILENT","items_purchased":["TwistedFunnel"],"campfire_rested":0,"item_purchase_floors":[11],"current_hp_per_floor":[51,51,51,51,51,51,44,44,44,34,34,34,26,26,26,16,54,51,30,32,32,32,0,0],"gold":402,"neow_bonus":"RANDOM_COMMON_RELIC","is_daily":false,"chose_seed":false,"campfire_upgraded":3,"win_rate":0.0,"timestamp":1610599307,"path_taken":["M","?","M","M","?","R","?","M","T","E","$","R","E","$","R","BOSS","M","?","M","?","?","E"],"items_purchased_type":["Relic"],"build_version":"2020-12-22","purchased_purges":1,"victory":false,"max_hp_per_floor":[66,66,66,66,66,66,66,66,66,66,66,66,66,66,66,66,66,66,66,66,66,66,66,66],"relic_stats":{"counters":[11,50],"Necronomicon":[1],"War Paint":["Deadly Poison","Adrenaline"],"obtain_stats":[{"TwistedFunnel":11,"Blood Vial":13,"Lantern":0,"Necronomicon":19,"War Paint":9,"Empty Cage":17,"Toy Ornithopter":10,"Ring of the Snake":0},{"TwistedFunnel":6,"Blood Vial":7,"Lantern":0,"Necronomicon":9,"War Paint":5,"Empty Cage":8,"Toy Ornithopter":6,"Ring of the Snake":0},{"TwistedFunnel":24,"Blood Vial":27,"Lantern":0,"Necronomicon":40,"War Paint":17,"Empty Cage":36,"Toy Ornithopter":24,"Ring of the Snake":0}],"Toy Ornithopter":15,"Ring of the Snake":[22]},"card_choices":[{"not_picked":["Cloak And Dagger","Skewer"],"picked":"Deadly Poison","floor":1},{"not_picked":["Flying Knee","Outmaneuver"],"picked":"Adrenaline","floor":2},{"not_picked":["Deadly Poison","Setup"],"picked":"Dagger Spray","floor":3},{"not_picked":["Outmaneuver","Backflip"],"picked":"Crippling Poison","floor":4},{"not_picked":["Quick Slash","Crippling Poison"],"picked":"Dagger Throw","floor":8},{"not_picked":["Bane","Quick Slash"],"picked":"Backflip","floor":10},{"not_picked":["Die Die Die","Glass Knife"],"picked":"PiercingWail","floor":13},{"not_picked":["After Image","Storm of Steel"],"picked":"Tools of the Trade","floor":16},{"not_picked":["Dagger Throw","Deadly Poison"],"picked":"All Out Attack","floor":18},{"not_picked":["Cloak And Dagger","Backflip","Underhanded Strike"],"picked":"SKIP","floor":20},{"not_picked":["Cloak And Dagger","Backflip"],"picked":"Underhanded Strike","floor":20}],"player_experience":1762621,"relics_obtained":[{"floor":9,"key":"War Paint"},{"floor":10,"key":"Toy Ornithopter"},{"floor":13,"key":"Blood Vial"},{"floor":19,"key":"Necronomicon"}],"event_choices":[{"damage_healed":0,"gold_gain":0,"player_choice":"Ignored","damage_taken":0,"max_hp_gain":0,"max_hp_loss":0,"event_name":"Liars Game","floor":5,"gold_loss":0},{"cards_removed":["Strike_G"],"damage_healed":0,"gold_gain":0,"player_choice":"Card Removal","damage_taken":7,"max_hp_gain":0,"max_hp_loss":0,"event_name":"Golden Wing","floor":7,"gold_loss":0},{"damage_healed":0,"gold_gain":0,"player_choice":"Obtained Book","damage_taken":21,"max_hp_gain":0,"max_hp_loss":0,"event_name":"Cursed Tome","floor":19,"gold_loss":0},{"damage_healed":0,"gold_gain":0,"player_choice":"Became a vampire (Vial)","damage_taken":0,"max_hp_gain":0,"max_hp_loss":0,"event_name":"Vampires","floor":21,"relics_lost":["Blood Vial"],"gold_loss":0,"cards_obtained":["Bite","Bite","Bite","Bite","Bite"]},{"damage_healed":0,"gold_gain":275,"player_choice":"Desecrate","damage_taken":0,"max_hp_gain":0,"max_hp_loss":0,"event_name":"Golden Shrine","floor":22,"gold_loss":0,"cards_obtained":["Regret"]}],"is_beta":false,"boss_relics":[{"not_picked":["Runic Dome","Black Star"],"picked":"Empty Cage"}],"items_purged_floors":[14],"is_endless":false,"potions_floor_spawned":[3,4,10,16,18,20],"killed_by":"Book of Stabbing","ascension_level":20}}