{"host":"h1qktzcccqnez8tx","time":1610636191,"event":{"mods":["BaseMod","Block Reminder","Colored Map","Curses Come First","Downfall","Highlight Path","JesterMod","Minty Spire (QoL Compilation)","Permanent Neow","Relic Stats","Say the Spire","StSLib","The Blue Laboratory","The Marked"],"gold_per_floor":[111,125,135,154,154,154,154,154],"floor_reached":6,"language":"ENG","playtime":381,"items_purged":[],"score":42,"play_id":"43d5125e-498d-4757-b0e5-3f4a06c6bb2d","local_time":"20210114155631","is_ascension_mode":true,"campfire_choices":[],"circlet_count":0,"master_deck":["Guardian:Strike_Guardian","Guardian:Strike_Guardian","Guardian:Strike_Guardian","Guardian:Strike_Guardian","Guardian:Defend_Guardian","Guardian:Defend_Guardian","Guardian:Defend_Guardian","Guardian:Defend_Guardian","Guardian:CurlUp","Guardian:TwinSlam","Guardian:Preprogram","Guardian:Planning","Guardian:Recover","Guardian:Gem_White"],"relics":["Coffee Dripper"],"acts_visited":["Exordium"],"potions_floor_usage":[],"damage_taken":[{"damage":1,"enemies":"Jaw Worm","floor":1,"turns":5},{"damage":4,"enemies":"Small Slimes","floor":2,"turns":4},{"damage":5,"enemies":"2 Louse","floor":3,"turns":3},{"damage":3,"enemies":"Exordium Wildlife","floor":4,"turns":4},{"damage":83,"enemies":"Gremlin Nob","floor":6,"turns":5}],"seed_played":"3548355079712039224","potions_obtained":[{"floor":3,"key":"EntropicBrew"},{"floor":4,"key":"Explosive Potion"}],"is_trial":false,"path_per_floor":["M","M","M","M","$","E"],"character_chosen":"GUARDIAN","items_purchased":[],"campfire_rested":0,"item_purchase_floors":[],"current_hp_per_floor":[79,75,70,67,67,0,0,0],"gold":154,"neow_bonus":"BOSS_RELIC","is_daily":false,"chose_seed":false,"campfire_upgraded":0,"win_rate":0.0,"timestamp":1610636191,"path_taken":["M","M","M","M","$","E"],"items_purchased_type":[],"build_version":"2020-12-22","purchased_purges":0,"victory":false,"max_hp_per_floor":[80,80,80,80,80,80,80,80],"relic_stats":{"counters":[5,21],"obtain_stats":[{"Guardian:ModeShifter":0,"Coffee Dripper":0},{"Guardian:ModeShifter":0,"Coffee Dripper":0},{"Guardian:ModeShifter":0,"Coffee Dripper":0}]},"card_choices":[{"not_picked":["Guardian:Gem_Lightblue","Guardian:CrystalBeam"],"picked":"Guardian:Preprogram","floor":1},{"not_picked":["Guardian:Harden","Guardian:Repulse"],"picked":"Guardian:Planning","floor":2},{"not_picked":["Guardian:ChargeCore","Guardian:WalkerClaw"],"picked":"Guardian:Recover","floor":3},{"not_picked":["Guardian:VentSteam","Guardian:PolyBeam"],"picked":"Guardian:Gem_White","floor":4}],"player_experience":39609,"relics_obtained":[],"event_choices":[],"is_beta":false,"boss_relics":[],"items_purged_floors":[],"is_endless":false,"potions_floor_spawned":[3,4],"killed_by":"Gremlin Nob","ascension_level":2}}