{"host":"Connor","time":1610586804,"event":{"mods":["Aspiration","BaseMod","Downfall","Hubris","Marisa????????","Minty Spire (QoL Compilation)","Replay The Spire","StSLib","The Cursed","The Jungle","The Servant 0.9.4"],"gold_per_floor":[116,116,22,22,22,47,62,89,89,89,108,108,7,39,39,39,39],"floor_reached":16,"language":"ENG","playtime":351,"items_purged":[],"score":275,"play_id":"f06abbf3-f3b0-4692-b336-f8351d61764e","local_time":"20210113171324","is_ascension_mode":true,"campfire_choices":[{"floor":10,"key":"REST"},{"floor":12,"key":"REST"},{"data":"Whirlwind","floor":15,"key":"SMITH"}],"circlet_count":0,"master_deck":["AscendersBane","Strike_R","Strike_R","Strike_R","Strike_R","Strike_R","Defend_R","Defend_R","Defend_R","Defend_R","Bash","Intimidate","Pommel Strike","Burning Pact","Injury","Berserk+1","Whirlwind+1","hubris:Compulsion","expansioncontent:Collect+1","Fire Breathing+1"],"relics":["Cursed Key","hubris:Towel","Frozen Egg 2","StrikeDummy","Vajra","Kunai","Akabeko"],"acts_visited":["Exordium"],"potions_floor_usage":[6,8,14,14,16],"damage_taken":[{"damage":2,"enemies":"Small Slimes","floor":1,"turns":4},{"damage":26,"enemies":"Lagavulin","floor":6,"turns":6},{"damage":4,"enemies":"Cultist","floor":7,"turns":3},{"damage":31,"enemies":"Gremlin Nob","floor":8,"turns":4},{"damage":7,"enemies":"Jaw Worm","floor":11,"turns":3},{"damage":0,"enemies":"3 Sentries","floor":14,"turns":2},{"damage":43,"enemies":"The Guardian","floor":16,"turns":8}],"seed_played":"5147752013912348252","potions_obtained":[{"floor":1,"key":"SteroidPotion"},{"floor":5,"key":"Guardian:BlockOnCardUsePotion"},{"floor":5,"key":"LiquidBronze"},{"floor":7,"key":"SteroidPotion"},{"floor":11,"key":"Explosive Potion"},{"floor":14,"key":"Flashbang"}],"is_trial":false,"path_per_floor":["M","?","$","?","?","E","M","E","T","R","M","R","$","E","R","B"],"character_chosen":"IRONCLAD","items_purchased":["Pommel Strike","Burning Pact","expansioncontent:Collect+1"],"campfire_rested":2,"item_purchase_floors":[3,3,13],"current_hp_per_floor":[66,66,66,66,66,40,36,5,5,27,20,42,42,42,42,0,0],"gold":39,"neow_bonus":"BOSS_RELIC","is_daily":false,"chose_seed":false,"campfire_upgraded":1,"win_rate":0.0,"timestamp":1610586804,"path_taken":["M","?","$","?","?","E","M","E","T","R","?","R","?","E","R","BOSS"],"items_purchased_type":["Card","Card","Card"],"build_version":"2020-12-18","purchased_purges":0,"victory":false,"max_hp_per_floor":[75,75,75,75,75,75,75,75,75,75,75,75,75,75,75,75,75],"card_choices":[{"not_picked":["Fire Breathing","Headbutt"],"picked":"Intimidate","floor":1},{"not_picked":["Sever Soul","Armaments"],"picked":"Berserk+1","floor":6},{"not_picked":["Combust+1","Wild Strike","Replay:Undeath\u0027s Touch"],"picked":"SKIP","floor":7},{"not_picked":["Wild Strike","Rupture+1"],"picked":"Whirlwind","floor":8},{"not_picked":["ReplayReversal","ReplayTheSpireMod:Limb From Limb","hubris:ReadiedAction"],"picked":"SKIP","floor":11},{"not_picked":["hubris:SharpeningStone","Combust+1"],"picked":"Fire Breathing+1","floor":14}],"player_experience":628088,"relics_obtained":[{"floor":6,"key":"StrikeDummy"},{"floor":8,"key":"Vajra"},{"floor":9,"key":"Kunai"},{"floor":14,"key":"Akabeko"}],"event_choices":[{"damage_healed":0,"gold_gain":0,"player_choice":"Got Potions","damage_taken":0,"max_hp_gain":0,"max_hp_loss":0,"event_name":"Lab","floor":5,"gold_loss":0}],"is_beta":true,"boss_relics":[],"items_purged_floors":[],"is_endless":false,"potions_floor_spawned":[1,7,11,14],"killed_by":"The Guardian","ascension_level":19}}