{"host":"x3q4ieql2tr7v8o6","time":1610619771,"event":{"mods":["BaseMod","Bestiary","Better Altar","Better Match","Better Note","Better Sensory Stone","Better Skull","Better Third Choice","Colored Map","Colored Powertips","Curses Come First","Minty Spire (QoL Compilation)","StSLib"],"gold_per_floor":[116,29,29,29,48,80,80,94,94,94,94,94,107,54,54,128,128,146,0,15,15,15,15,0,15,41,70,86,112,13,13,13,13,13],"floor_reached":33,"language":"ENG","playtime":1100,"items_purged":["Burn+1"],"score":517,"play_id":"5b533fa6-3585-4ff0-be6a-3540a4409ef9","local_time":"20210114102251","is_ascension_mode":true,"campfire_choices":[{"floor":7,"key":"REST"},{"data":"1","floor":10,"key":"LIFT"},{"data":"2","floor":12,"key":"LIFT"},{"data":"3","floor":15,"key":"LIFT"},{"data":"RitualDagger","floor":23,"key":"SMITH"},{"floor":32,"key":"REST"}],"circlet_count":0,"master_deck":["AscendersBane","Defend_G","Defend_G","Defend_G","Defend_G","Defend_G","Survivor","Neutralize","Doppelganger","Slice","Dramatic Entrance","Riddle With Holes","Blade Dance","Underhanded Strike+1","Eviscerate","Acrobatics","Storm of Steel","Sucker Punch+1","PiercingWail","Cloak And Dagger","PiercingWail","RitualDagger+1","Concentrate","Calculated Gamble","Slice","Choke","Acrobatics","Bite","Bite","Bite","Bite","Bite"],"relics":["Ring of the Snake","Girya","Thread and Needle","Snecko Eye","Art of War","Regal Pillow","Whetstone"],"acts_visited":["Exordium","TheCity"],"potions_floor_usage":[16,16,25,29,33,33],"damage_taken":[{"damage":5,"enemies":"Cultist","floor":1,"turns":5},{"damage":0,"enemies":"2 Louse","floor":5,"turns":2},{"damage":37,"enemies":"3 Sentries","floor":6,"turns":9},{"damage":6,"enemies":"Jaw Worm","floor":8,"turns":4},{"damage":0,"enemies":"Exordium Wildlife","floor":13,"turns":2},{"damage":14,"enemies":"Hexaghost","floor":16,"turns":11},{"damage":2,"enemies":"Shell Parasite","floor":18,"turns":3},{"damage":0,"enemies":"Chosen","floor":20,"turns":3},{"damage":0,"enemies":"Sentry and Sphere","floor":25,"turns":3},{"damage":14,"enemies":"Gremlin Leader","floor":27,"turns":7},{"damage":0,"enemies":"Snake Plant","floor":28,"turns":3},{"damage":4,"enemies":"Book of Stabbing","floor":29,"turns":4},{"damage":62,"enemies":"Collector","floor":33,"turns":6}],"seed_played":"-1716919659505196471","potions_obtained":[{"floor":1,"key":"AttackPotion"},{"floor":8,"key":"SpeedPotion"},{"floor":20,"key":"LiquidMemories"},{"floor":27,"key":"Weak Potion"},{"floor":28,"key":"AttackPotion"}],"is_trial":false,"path_per_floor":["M","$","?","?","M","E","R","M","T","R","?","R","M","$","R","B",null,"M","$","M","?","?","R","?","M","T","E","M","E","$","?","R","B"],"character_chosen":"THE_SILENT","items_purchased":["Dramatic Entrance","Acrobatics","PiercingWail","Cloak And Dagger","Acrobatics","Strength Potion"],"campfire_rested":2,"item_purchase_floors":[2,14,19,19,30,30],"current_hp_per_floor":[54,54,54,47,47,10,29,23,23,23,23,23,23,23,23,9,52,50,50,50,50,44,44,44,44,44,30,30,26,26,26,46,0,0],"gold":13,"neow_bonus":"ONE_RANDOM_RARE_CARD","is_daily":false,"chose_seed":false,"campfire_upgraded":1,"win_rate":0.0,"timestamp":1610619771,"path_taken":["M","?","?","?","M","E","R","M","T","R","?","R","?","$","R","BOSS","M","$","M","?","?","R","?","M","T","E","M","E","$","?","R","BOSS"],"items_purchased_type":["Card","Card","Card","Card","Card","Potion"],"build_version":"2020-12-22","purchased_purges":1,"victory":false,"max_hp_per_floor":[66,66,66,66,66,66,66,66,66,66,66,66,66,66,66,66,66,66,66,66,66,66,66,66,66,66,66,66,66,66,46,46,46,46],"card_choices":[{"not_picked":["Endless Agony","Prepared"],"picked":"Slice","floor":1},{"not_picked":["All Out Attack","Dagger Spray"],"picked":"Riddle With Holes","floor":5},{"not_picked":["Finisher","Slice"],"picked":"Blade Dance","floor":6},{"not_picked":["Outmaneuver","Dodge and Roll"],"picked":"Underhanded Strike","floor":8},{"not_picked":["Dodge and Roll","Deadly Poison"],"picked":"Eviscerate","floor":13},{"not_picked":["Grand Finale","Doppelganger"],"picked":"Storm of Steel","floor":16},{"not_picked":["Dagger Spray","Escape Plan"],"picked":"Sucker Punch","floor":18},{"not_picked":["Catalyst","Dagger Spray"],"picked":"PiercingWail","floor":20},{"not_picked":["Slice+1","Dodge and Roll+1"],"picked":"Concentrate","floor":25},{"not_picked":["Deadly Poison","Backflip"],"picked":"Calculated Gamble","floor":27},{"not_picked":["Masterful Stab","Deflect"],"picked":"Slice","floor":28},{"not_picked":["Noxious Fumes","Dodge and Roll+1"],"picked":"Choke","floor":29}],"player_experience":712981,"relics_obtained":[{"floor":6,"key":"Girya"},{"floor":9,"key":"Thread and Needle"},{"floor":26,"key":"Art of War"},{"floor":27,"key":"Regal Pillow"},{"floor":29,"key":"Whetstone"}],"event_choices":[{"damage_healed":54,"gold_gain":0,"player_choice":"Embrace Burn","damage_taken":0,"max_hp_gain":0,"max_hp_loss":66,"event_name":"betterThird:BetterShining","floor":3,"gold_loss":0},{"cards_removed":["Strike_G"],"damage_healed":0,"gold_gain":0,"player_choice":"Card Removal","damage_taken":7,"max_hp_gain":0,"max_hp_loss":0,"event_name":"Golden Wing","floor":4,"gold_loss":0},{"damage_healed":0,"gold_gain":0,"player_choice":"LEAVE","damage_taken":0,"max_hp_gain":0,"max_hp_loss":0,"event_name":"betterThird:BetterScrap","floor":11,"gold_loss":0,"cards_obtained":["Nirvana"]},{"damage_healed":0,"gold_gain":0,"player_choice":"Ignored","damage_taken":0,"max_hp_gain":0,"max_hp_loss":0,"event_name":"Cursed Tome","floor":21,"gold_loss":0},{"damage_healed":0,"gold_gain":0,"player_choice":"Dagger","damage_taken":6,"max_hp_gain":0,"max_hp_loss":0,"event_name":"betterThird:BetterNest","floor":22,"gold_loss":0,"cards_obtained":["RitualDagger"]},{"damage_healed":0,"gold_gain":0,"player_choice":"Paid Fearfully","damage_taken":0,"max_hp_gain":0,"max_hp_loss":0,"event_name":"Masked Bandits","floor":24,"gold_loss":15},{"damage_healed":0,"gold_gain":0,"player_choice":"Became a vampire","damage_taken":0,"max_hp_gain":0,"max_hp_loss":20,"event_name":"Vampires","floor":31,"gold_loss":0,"cards_obtained":["Bite","Bite","Bite","Bite","Bite"]}],"is_beta":false,"boss_relics":[{"not_picked":["Black Star","Ring of the Serpent"],"picked":"Snecko Eye"}],"items_purged_floors":[19],"is_endless":false,"potions_floor_spawned":[1,8,20,27,28],"killed_by":"Collector","ascension_level":15}}