{"host":"1fgbilnqahig8ycc","time":1610648771,"event":{"mods":["AchievementEnabler","Astrologer","BaseMod","Bestiary","BetterRewards","Clockwork Mod","Colored Map","Colored Powertips","Downfall","Energized Spire","Friendly Minions","Hermit","Hubris","Jorbs\u0027s Wanderer Trilogy","Minty Spire (QoL Compilation)","Quick Restart","Replay The Spire","StSLib","The Administrix","The Bug Knight","The Cursed","The Gatherer","The Marked","The Servant 0.9.4"],"gold_per_floor":[99,99,99,99,22,40,65,82,110,125,142,142,142,176,195,293,293,218,233,252,266,140,154,154,154,210,210,224,224,224,250,265,370,370,370,384,395,288,288,124,204,252,252,335,185,240,266,287,293,293,293],"floor_reached":49,"language":"ENG","playtime":4128,"items_purged":["hexamod:GhostOfSpirePast","hexamod:RadiantFlame","hexamod:Defend"],"score":600,"play_id":"84906882-f025-44ed-9651-659a586352f4","local_time":"20210114102611","is_ascension_mode":false,"campfire_choices":[{"data":"hexamod:Float","floor":1.0,"key":"SMITH"},{"data":"hexamod:SkipABeat","floor":13.0,"key":"SMITH"},{"data":"hexamod:CatchUp","floor":18.0,"key":"SMITH"},{"data":"hexamod:GhostflameInferno","floor":25.0,"key":"SMITH"},{"floor":29.0,"key":"REST"},{"floor":35.0,"key":"DIG"},{"floor":43.0,"key":"RECALL"},{"data":"hexamod:HexaLevel","floor":45.0,"key":"SMITH"}],"circlet_count":0,"master_deck":["hexamod:Strike+1","hexamod:Strike","hexamod:Strike","hexamod:Defend+1","hexamod:Defend","hexamod:Sear","hexamod:Float+1","hexamod:GhostflameBarrier+1","hexamod:HexaLevel+1","hexamod:HauntingEcho","hexamod:InspiringFlames+1","hexamod:GhostflameInferno+1","hexamod:ShieldOfDarkness","hexamod:SkipABeat+1","hexamod:CatchUp+1","hexamod:AdvancingGuard","hexamod:TimeOfNeed","hexamod:SwordOfDarkness","hexamod:FourthSeal","hexamod:FastForward+1","hexamod:Hexaguard+1","hexamod:StepThrough+1","hexamod:FirstSeal","hexamod:TimeOfNeed","hexamod:FastForward+1","hexamod:SecondSeal","hexamod:ThirdSeal","hexamod:SixthSeal","hexamod:StepThrough+1"],"relics":["hexamod:SpiritBrand","downfall:HeartsMalice","Simple Rune","Du-Vu Doll","Pocketwatch","SlaversCollar","downfall:HeartBlessingGreen","Singing Bowl","Oddly Smooth Stone","energizedSpire:OgreHead","Bag of Preparation","Replay:Bandana","Replay:Accelerometer","hubris:64BitClover","DollysMirror","downfall:HeartBlessingRed","downfall:HeartBlessingBlue","Golden Egg"],"acts_visited":["Exordium","TheCity","TheBeyond"],"potions_floor_usage":[49],"damage_taken":[{"damage":0.0,"enemies":"Small Slimes","floor":2.0,"turns":1.0},{"damage":0.0,"enemies":"Cultist","floor":3.0,"turns":1.0},{"damage":0.0,"enemies":"downfall:FleeingMerchant","floor":5.0,"turns":1.0},{"damage":0.0,"enemies":"Jaw Worm","floor":6.0,"turns":4.0},{"damage":7.0,"enemies":"Exordium Wildlife","floor":8.0,"turns":5.0},{"damage":31.0,"enemies":"Gremlin Nob","floor":9.0,"turns":6.0},{"damage":11.0,"enemies":"Large Slime","floor":10.0,"turns":5.0},{"damage":0.0,"enemies":"Lots of Slimes","floor":11.0,"turns":5.0},{"damage":13.0,"enemies":"Lagavulin","floor":14.0,"turns":6.0},{"damage":0.0,"enemies":"Exordium Wildlife","floor":15.0,"turns":3.0},{"damage":6.0,"enemies":"downfall:Watcher","floor":16.0,"turns":9.0},{"damage":2.0,"enemies":"Shell Parasite","floor":19.0,"turns":7.0},{"damage":2.0,"enemies":"Chosen and Byrds","floor":20.0,"turns":8.0},{"damage":2.0,"enemies":"Snecko","floor":21.0,"turns":7.0},{"damage":0.0,"enemies":"downfall:FleeingMerchant","floor":22.0,"turns":4.0},{"damage":22.0,"enemies":"Centurion and Healer","floor":23.0,"turns":7.0},{"damage":15.0,"enemies":"Snake Plant","floor":28.0,"turns":4.0},{"damage":16.0,"enemies":"Book of Stabbing","floor":31.0,"turns":6.0},{"damage":0.0,"enemies":"Snecko","floor":32.0,"turns":5.0},{"damage":12.0,"enemies":"downfall:Defect","floor":33.0,"turns":7.0},{"damage":18.0,"enemies":"3 Darklings","floor":36.0,"turns":7.0},{"damage":0.0,"enemies":"Orb Walker","floor":37.0,"turns":4.0},{"damage":0.0,"enemies":"downfall:FleeingMerchant","floor":38.0,"turns":4.0},{"damage":6.0,"enemies":"downfall:FleeingMerchant","floor":40.0,"turns":4.0},{"damage":51.0,"enemies":"Nemesis","floor":42.0,"turns":10.0},{"damage":0.0,"enemies":"downfall:FleeingMerchant","floor":44.0,"turns":4.0},{"damage":47.0,"enemies":"Reptomancer","floor":46.0,"turns":8.0},{"damage":35.0,"enemies":"Jaw Worm Horde","floor":47.0,"turns":7.0},{"damage":6.0,"enemies":"Transient","floor":48.0,"turns":5.0},{"damage":31,"enemies":"Maw","floor":49,"turns":7}],"seed_played":"5985240324850529620","potions_obtained":[{"floor":6.0,"key":"Milkshake"},{"floor":10.0,"key":"Energy Potion"},{"floor":11.0,"key":"GamblersBrew"},{"floor":14.0,"key":"Explosive Potion"},{"floor":16.0,"key":"Explosive Potion"},{"floor":21.0,"key":"Strength Potion"},{"floor":23.0,"key":"Energy Potion"},{"floor":31.0,"key":"LiquidBronze"},{"floor":32.0,"key":"EntropicBrew"},{"floor":33.0,"key":"Explosive Potion"},{"floor":33.0,"key":"ColorlessPotion"},{"floor":37.0,"key":"FairyPotion"},{"floor":42.0,"key":"Dexterity Potion"},{"floor":42.0,"key":"Death Potion"},{"floor":46.0,"key":"FearPotion"},{"floor":47.0,"key":"Adrenaline Potion"},{"floor":48.0,"key":"Fire Potion"},{"floor":48.0,"key":"Guardian:BlockOnCardUsePotion"}],"is_trial":false,"path_per_floor":["R","M","M","?","$","M","T","M","E","M","M","?","R","E","M","B",null,"R","M","M","M","$","M","T","R","?","?","M","R","?","E","M","B",null,"R_BF","M","M","$","?","$","T","E","R","$","R","E","M","M","M"],"character_chosen":"THE_SPIRIT","items_purchased":["hexamod:RadiantFlame","hexamod:FastForward+1","Replay:Bandana","DollysMirror"],"campfire_rested":1,"item_purchase_floors":[5,22,40,44],"current_hp_per_floor":[70,70,70,70,70,70,70,63,32,21,21,21,21,8,8,2,70,70,68,66,64,64,42,42,42,27,20,7,29,21,14,16,11,78,78,67,74,78,78,78,78,38,38,47,57,21,26,31,0,0,0],"gold":293,"neow_bonus":"THREE_ENEMY_KILL","is_daily":false,"chose_seed":false,"campfire_upgraded":5,"win_rate":0.0,"timestamp":1610648771,"path_taken":["R","M","M","?","$","M","T","M","E","M","M","?","R","E","M","BOSS","R","M","M","M","$","?","T","R","?","?","M","R","?","E","M","BOSS","R_BF","M","M","?","?","$","T","E","R","$","R","E","?","M","M"],"items_purchased_type":["Card","Card","Relic","Relic"],"build_version":"2020-12-22","purchased_purges":3,"victory":false,"max_hp_per_floor":[70,70,70,70,70,70,70,70,70,70,70,70,70,70,70,70,70,70,70,70,70,70,70,70,70,72,72,74,74,74,76,78,78,78,78,78,78,78,78,78,78,82,82,84,94,98,102,106,106,106,106],"card_choices":[{"not_picked":["hexamod:ChargedBarrage","hexamod:BacktrackSmack"],"picked":"hexamod:GhostOfSpirePast","floor":2.0},{"not_picked":["hexamod:Hexaguard","hexamod:ThermalTransfer"],"picked":"hexamod:GhostflameBarrier","floor":3.0},{"not_picked":["hexamod:FastForward","hexamod:Again"],"picked":"hexamod:HexaLevel","floor":5.0},{"not_picked":["hexamod:InspiringFlames","hexamod:NightmareStrike"],"picked":"hexamod:HauntingEcho","floor":6.0},{"not_picked":["hexamod:NightmareStrike","hexamod:HeatCrush"],"picked":"hexamod:InspiringFlames","floor":8.0},{"not_picked":["hexamod:ShieldOfDarkness","hexamod:SpectralAdrenaline"],"picked":"hexamod:GhostflameInferno","floor":9.0},{"not_picked":["hexamod:FastForward","hexamod:BacktrackSmack"],"picked":"hexamod:GhostOfSpirePast","floor":10.0},{"not_picked":["hexamod:SpectersWail","hexamod:RainOfEmbers"],"picked":"hexamod:ShieldOfDarkness","floor":11.0},{"not_picked":["hexamod:SpectersWail","hexamod:EmpoweredFlame"],"picked":"hexamod:CatchUp","floor":14.0},{"not_picked":["hexamod:SwordOfDarkness","hexamod:NightmareStrike"],"picked":"hexamod:AdvancingGuard","floor":15.0},{"not_picked":["hexamod:VolcanoVisage","hexamod:EmpoweringStance"],"picked":"hexamod:TimeOfNeed","floor":16.0},{"not_picked":["hexamod:ThermalTransfer","hexamod:BacktrackSmack","hexamod:NightmareGuise"],"picked":"SKIP","floor":19.0},{"not_picked":["hexamod:ShieldOfDarkness","hexamod:HauntingEcho"],"picked":"hexamod:SwordOfDarkness","floor":20.0},{"not_picked":["hexamod:GhostShield","hexamod:NightmareGuise+1","hexamod:NightmareStrike"],"picked":"SKIP","floor":21.0},{"not_picked":["hexamod:PhantomCloak","hexamod:Hexaguard+1"],"picked":"hexamod:FourthSeal","floor":22.0},{"not_picked":["hexamod:GhostShield","hexamod:HeatCrush"],"picked":"hexamod:Hexaguard+1","floor":23.0},{"not_picked":["hexamod:SpectersWail+1","hexamod:GhostLash","hexamod:NightmareGuise"],"picked":"Singing Bowl","floor":26.0},{"not_picked":["hexamod:CrushingStance","hexamod:FastForward+1"],"picked":"hexamod:StepThrough","floor":26.0},{"not_picked":["hexamod:SoulSteal","hexamod:SpectersWail+1","hexamod:GhostOfSpireFuture"],"picked":"Singing Bowl","floor":28.0},{"not_picked":["hexamod:ParanormalForm","hexamod:SpectersWail","hexamod:Firestarter+1"],"picked":"Singing Bowl","floor":31.0},{"not_picked":["hexamod:NightmareGuise","hexamod:BacktrackSmack","hexamod:BurningTouch"],"picked":"Singing Bowl","floor":32.0},{"not_picked":["hexamod:WildfireWeapon","hexamod:EmpoweringStance"],"picked":"hexamod:TimeOfNeed","floor":33.0},{"not_picked":["hexamod:InspiringFlames","hexamod:Firestarter"],"picked":"hexamod:FastForward","floor":36.0},{"not_picked":["hexamod:FastForward+1","hexamod:Rewind+1"],"picked":"hexamod:SecondSeal","floor":37.0},{"not_picked":["hexamod:BurningTouch+1","hexamod:HauntingEcho+1"],"picked":"hexamod:ThirdSeal","floor":38.0},{"not_picked":["hexamod:ShieldOfDarkness+1","hexamod:Firestarter+1"],"picked":"hexamod:SixthSeal","floor":40.0},{"not_picked":["hexamod:GhostOfSpirePast","hexamod:AdvancingGuard+1","hexamod:BacktrackSmack"],"picked":"Singing Bowl","floor":42.0},{"not_picked":["hexamod:HeatMetal","hexamod:ShieldOfDarkness+1","hexamod:ThirdSeal"],"picked":"Singing Bowl","floor":42.0},{"not_picked":["hexamod:GhostShield+1","hexamod:RainOfEmbers+1","hexamod:ThirdSeal"],"picked":"Singing Bowl","floor":44.0},{"not_picked":["hexamod:HauntingEcho+1","hexamod:InspiringFlames+1","hexamod:EtherealExpedition+1"],"picked":"Singing Bowl","floor":46.0},{"not_picked":["hexamod:FirstSeal","hexamod:InspiringFlames+1","hexamod:AdvancingGuard"],"picked":"Singing Bowl","floor":46.0},{"not_picked":["hexamod:NightmareGuise+1","hexamod:Firestarter+1","hexamod:RecurringNightmare+1"],"picked":"Singing Bowl","floor":47.0},{"not_picked":["hexamod:CatchUp+1","hexamod:ShieldOfDarkness+1","hexamod:Firestarter"],"picked":"Singing Bowl","floor":47.0},{"not_picked":["hexamod:GhostLash+1","hexamod:NightmareGuise+1","hexamod:EmpoweredFlame"],"picked":"Singing Bowl","floor":48.0},{"not_picked":["hexamod:BacktrackSmack","hexamod:GhostLash+1","hexamod:EmpoweredFlame"],"picked":"Singing Bowl","floor":48.0}],"player_experience":384866,"relics_obtained":[{"floor":7.0,"key":"Simple Rune"},{"floor":9.0,"key":"Du-Vu Doll"},{"floor":14.0,"key":"Pocketwatch"},{"floor":26.0,"key":"Singing Bowl"},{"floor":31.0,"key":"Oddly Smooth Stone"},{"floor":35.0,"key":"Bag of Preparation"},{"floor":41.0,"key":"Replay:Accelerometer"},{"floor":42.0,"key":"hubris:64BitClover"},{"floor":46.0,"key":"Golden Egg"}],"event_choices":[{"damage_healed":0.0,"max_hp_gain":0.0,"max_hp_loss":0.0,"gold_gain":0.0,"cards_transformed":["hexamod:GhostOfSpirePast"],"event_name":"Transmorgrifier","player_choice":"Transformed","floor":12.0,"gold_loss":0.0,"damage_taken":0.0,"cards_obtained":["hexamod:SkipABeat"]},{"damage_healed":0.0,"max_hp_gain":0.0,"max_hp_loss":0.0,"gold_gain":0.0,"event_name":"Upgrade Shrine","player_choice":"Upgraded","floor":39.0,"gold_loss":0.0,"damage_taken":0.0,"cards_upgraded":["hexamod:FastForward"]}],"is_beta":false,"boss_relics":[{"not_picked":["Replay:Bronze Core","hexamod:IceCube"],"picked":"SlaversCollar"},{"not_picked":["hubris:GrandSneckoEye","hubris:CrackedHourglass"],"picked":"energizedSpire:OgreHead"}],"items_purged_floors":[22,38,44],"is_endless":false,"potions_floor_spawned":[6,10,11,14,16,21,23,31,33,42,46,47,48],"killed_by":"Maw","ascension_level":0}}