{"host":"Oniwa","time":1610626394,"event":{"mods":["BaseMod","Colored Map","Colored Powertips","Minty Spire (QoL Compilation)","Relic Stats","Slay the Relics Exporter","SpireBot","StSLib","ojb\u0027s Better Paths Mod","ojb\u0027s Info Mod"],"gold_per_floor":[113,124,124,124,140,140,8,8,35,35,65,80,115,134,134,205,205,224,31,48,48,48,48,83,83,83,83,110,110,125,141,141,215,215,231,231,1230,690,701,735,735,735,761,761,468,497,497,512,512,512,512,512,512,23,57,57],"floor_reached":57,"language":"JPN","playtime":3870,"items_purged":["Strike_R","Normality","Injury","Strike_R+1"],"score":2783,"play_id":"c3fbfe8e-cf08-4b79-abc4-3d09b15a06bc","local_time":"20210114211314","is_ascension_mode":true,"campfire_choices":[{"data":"Whirlwind","floor":6,"key":"SMITH"},{"floor":8,"key":"REST"},{"data":"1","floor":15,"key":"LIFT"},{"data":"Ghostly","floor":23,"key":"SMITH"},{"data":"2","floor":25,"key":"LIFT"},{"data":"3","floor":27,"key":"LIFT"},{"data":"Ghostly","floor":32,"key":"SMITH"},{"floor":41,"key":"RECALL"},{"floor":49,"key":"REST"},{"floor":53,"key":"REST"}],"circlet_count":0,"master_deck":["AscendersBane","Defend_R+1","Defend_R+1","Defend_R+1","Defend_R+1","Bash","Whirlwind+1","Anger","Impervious","Second Wind","Sword Boomerang","Carnage","Spot Weakness","Spot Weakness","Pommel Strike","Reaper","Thunderclap","Apotheosis","Disarm","Ghostly+1","Ghostly+1","Ghostly","Corruption","Bloodletting+1","Limit Break","Shrug It Off","Flash of Steel","Flash of Steel","Purity","Sentinel+1","Burning Pact"],"relics":["Runic Pyramid","Regal Pillow","Blood Vial","Girya","Cursed Key","Omamori","Self Forming Clay","Fusion Hammer","ClockworkSouvenir","Bottled Lightning","Bag of Marbles","MealTicket","Centennial Puzzle","Bag of Preparation","PrismaticShard","Magic Flower"],"acts_visited":["Exordium","TheCity","TheBeyond","TheEnding"],"potions_floor_usage":[33,56],"damage_taken":[{"damage":2,"enemies":"Jaw Worm","floor":1,"turns":5},{"damage":7,"enemies":"2 Louse","floor":2,"turns":4},{"damage":0,"enemies":"Cultist","floor":5,"turns":2},{"damage":5,"enemies":"3 Sentries","floor":11,"turns":6},{"damage":0,"enemies":"Lots of Slimes","floor":12,"turns":1},{"damage":19,"enemies":"Gremlin Nob","floor":13,"turns":4},{"damage":3,"enemies":"Blue Slaver","floor":14,"turns":3},{"damage":38,"enemies":"Slime Boss","floor":16,"turns":6},{"damage":0,"enemies":"3 Byrds","floor":18,"turns":3},{"damage":0,"enemies":"Chosen","floor":20,"turns":4},{"damage":15,"enemies":"Gremlin Leader","floor":24,"turns":6},{"damage":16,"enemies":"Book of Stabbing","floor":28,"turns":6},{"damage":1,"enemies":"Centurion and Healer","floor":30,"turns":4},{"damage":22,"enemies":"Snake Plant","floor":31,"turns":3},{"damage":27,"enemies":"Automaton","floor":33,"turns":7},{"damage":2,"enemies":"3 Darklings","floor":35,"turns":4},{"damage":4,"enemies":"3 Shapes","floor":39,"turns":6},{"damage":3,"enemies":"Giant Head","floor":40,"turns":5},{"damage":0,"enemies":"Nemesis","floor":46,"turns":5},{"damage":10,"enemies":"Writhing Mass","floor":48,"turns":5},{"damage":8,"enemies":"Time Eater","floor":50,"turns":8},{"damage":11,"enemies":"Donu and Deca","floor":51,"turns":4},{"damage":7,"enemies":"Shield and Spear","floor":55,"turns":4},{"damage":16,"enemies":"The Heart","floor":56,"turns":8}],"seed_played":"5567475416613203897","potions_obtained":[{"floor":2,"key":"PowerPotion"},{"floor":5,"key":"BlessingOfTheForge"},{"floor":33,"key":"SkillPotion"}],"is_trial":false,"path_per_floor":["M","M","?","?","M","R","$","R","T","?","E","M","E","M","R","B",null,"M","$","M","?","?","R","E","R","T","R","E","?","M","M","R","B",null,"M","?","?","$","M","E","R","?","T","?","$","E","?","M","R","B","B",null,"R","$","E","B",null],"character_chosen":"IRONCLAD","items_purchased":["Sword Boomerang","Apotheosis","ClockworkSouvenir","Bottled Lightning","Centennial Puzzle","Burning Pact","DuplicationPotion","PrismaticShard"],"campfire_rested":3,"item_purchase_floors":[7,19,38,38,45,54,54,54],"current_hp_per_floor":[66,59,36,36,36,36,36,58,58,58,53,55,38,37,37,1,57,75,75,75,37,37,37,37,37,37,37,37,37,36,30,30,10,30,37,27,27,27,37,37,37,35,35,35,35,35,35,34,35,35,35,35,35,35,35,28],"gold":57,"neow_bonus":"BOSS_RELIC","is_daily":false,"chose_seed":false,"campfire_upgraded":3,"win_rate":0.0,"timestamp":1610626394,"path_taken":["M","M","?","?","?","R","?","R","T","?","E","M","E","M","R","BOSS","M","$","M","?","?","R","E","R","T","R","E","?","?","M","R","BOSS","M","?","?","$","M","E","R","?","T","?","$","E","?","M","R","BOSS","BOSS","R","$","E","BOSS"],"items_purchased_type":["Card","Card","Relic","Relic","Relic","Card","Potion","Relic"],"build_version":"2020-12-18","purchased_purges":4,"victory":true,"max_hp_per_floor":[75,75,75,75,75,75,75,75,75,75,75,75,75,75,75,75,75,75,75,75,37,37,37,37,37,37,37,37,37,37,37,37,37,37,37,37,37,37,37,37,37,35,35,35,35,35,35,35,35,35,35,35,35,35,35,35],"relic_stats":{"Blood Vial":17,"Regal Pillow":0,"Centennial Puzzle":[15],"counters":[24,113],"Self Forming Clay":[117],"Magic Flower":[0],"MealTicket":0,"Bag of Preparation":[10],"Cursed Key":2,"obtain_stats":[{"Girya":13,"Regal Pillow":9,"Self Forming Clay":28,"Magic Flower":55,"Omamori":24,"Bag of Preparation":46,"Cursed Key":17,"PrismaticShard":54,"Burning Blood":0,"ClockworkSouvenir":38,"Blood Vial":11,"Centennial Puzzle":45,"MealTicket":43,"Fusion Hammer":34,"Bag of Marbles":40,"Bottled Lightning":38,"Runic Pyramid":0},{"Girya":6,"Regal Pillow":3,"Self Forming Clay":12,"Magic Flower":23,"Omamori":11,"Bag of Preparation":19,"Cursed Key":8,"PrismaticShard":22,"Burning Blood":0,"ClockworkSouvenir":16,"Blood Vial":4,"Centennial Puzzle":18,"MealTicket":18,"Fusion Hammer":15,"Bag of Marbles":18,"Bottled Lightning":16,"Runic Pyramid":0},{"Girya":22,"Regal Pillow":11,"Self Forming Clay":50,"Magic Flower":105,"Omamori":44,"Bag of Preparation":84,"Cursed Key":31,"PrismaticShard":101,"Burning Blood":0,"ClockworkSouvenir":68,"Blood Vial":17,"Centennial Puzzle":79,"MealTicket":79,"Fusion Hammer":64,"Bag of Marbles":79,"Bottled Lightning":68,"Runic Pyramid":0}]},"card_choices":[{"not_picked":["Cleave","Searing Blow"],"picked":"Whirlwind","floor":1},{"not_picked":["Thunderclap","Wild Strike"],"picked":"Anger","floor":2},{"not_picked":["Iron Wave","Perfected Strike"],"picked":"Second Wind","floor":5},{"not_picked":["Heavy Blade","Headbutt"],"picked":"Spot Weakness","floor":11},{"not_picked":["Fire Breathing","Clothesline"],"picked":"Spot Weakness","floor":12},{"not_picked":["Searing Blow","Flex"],"picked":"Pommel Strike","floor":13},{"not_picked":["Ghostly Armor","Heavy Blade","Wild Strike"],"picked":"SKIP","floor":14},{"not_picked":["Offering","Barricade"],"picked":"Reaper","floor":16},{"not_picked":["Cleave","True Grit"],"picked":"Thunderclap","floor":18},{"not_picked":["Pommel Strike","Hemokinesis+1"],"picked":"Disarm","floor":20},{"not_picked":["Warcry","Clothesline"],"picked":"Corruption","floor":24},{"not_picked":["Perfected Strike","Pommel Strike","Corruption"],"picked":"SKIP","floor":28},{"not_picked":["Cleave","Iron Wave","Flex+1"],"picked":"SKIP","floor":30},{"not_picked":["Thunderclap","Shrug It Off"],"picked":"Bloodletting+1","floor":31},{"not_picked":["Double Tap","Fiend Fire"],"picked":"Limit Break","floor":33},{"not_picked":["Pummel","Wild Strike+1"],"picked":"Shrug It Off","floor":35},{"not_picked":["Forethought","Trip"],"picked":"Flash of Steel","floor":36},{"not_picked":["Thinking Ahead","Forethought"],"picked":"Flash of Steel","floor":36},{"not_picked":["Finesse","Madness"],"picked":"Purity","floor":36},{"not_picked":["Power Through+1","Clash","Armaments"],"picked":"SKIP","floor":39},{"not_picked":["Thunderclap","Heavy Blade+1","Havoc"],"picked":"SKIP","floor":40},{"not_picked":["Thunderclap","Heavy Blade+1","Havoc"],"picked":"SKIP","floor":40},{"not_picked":["Dropkick+1","Blood for Blood","Havoc"],"picked":"SKIP","floor":46},{"not_picked":["Wild Strike+1","Armaments+1"],"picked":"Sentinel+1","floor":48},{"not_picked":["Redo","Sword Boomerang+1","Heavy Blade"],"picked":"SKIP","floor":55}],"player_experience":2550096,"relics_obtained":[{"floor":9,"key":"Regal Pillow"},{"floor":11,"key":"Blood Vial"},{"floor":13,"key":"Girya"},{"floor":24,"key":"Omamori"},{"floor":28,"key":"Self Forming Clay"},{"floor":40,"key":"Bag of Marbles"},{"floor":43,"key":"MealTicket"},{"floor":46,"key":"Bag of Preparation"},{"floor":55,"key":"Magic Flower"}],"event_choices":[{"damage_healed":0,"gold_gain":0,"player_choice":"Entered Light","damage_taken":23,"max_hp_gain":0,"max_hp_loss":0,"event_name":"Shining Light","floor":3,"gold_loss":0,"cards_upgraded":["Defend_R","Strike_R"]},{"damage_healed":0,"gold_gain":0,"cards_transformed":["Strike_R"],"player_choice":"Transformed","damage_taken":0,"max_hp_gain":0,"max_hp_loss":0,"event_name":"Transmorgrifier","floor":4,"gold_loss":0,"cards_obtained":["Impervious"]},{"damage_healed":0,"gold_gain":0,"cards_transformed":["Strike_R"],"player_choice":"Change","damage_taken":0,"max_hp_gain":0,"max_hp_loss":0,"event_name":"Living Wall","floor":10,"gold_loss":0,"cards_obtained":["Carnage"]},{"damage_healed":0,"gold_gain":0,"player_choice":"Became a Ghost","damage_taken":0,"max_hp_gain":0,"max_hp_loss":38,"event_name":"Ghosts","floor":21,"gold_loss":0,"cards_obtained":["Ghostly","Ghostly","Ghostly"]},{"damage_healed":0,"gold_gain":0,"player_choice":"Simplicity","damage_taken":0,"max_hp_gain":0,"max_hp_loss":0,"event_name":"Back to Basics","floor":22,"gold_loss":0,"cards_upgraded":["Strike_R","Defend_R","Defend_R","Defend_R"]},{"cards_removed":["Strike_R"],"damage_healed":0,"gold_gain":0,"player_choice":"Purged","damage_taken":0,"max_hp_gain":0,"max_hp_loss":0,"event_name":"Purifier","floor":29,"gold_loss":0},{"damage_healed":0,"gold_gain":0,"player_choice":"Memory 3","damage_taken":10,"max_hp_gain":0,"max_hp_loss":0,"event_name":"SensoryStone","floor":36,"gold_loss":0},{"damage_healed":0,"gold_gain":999,"player_choice":"Gold","damage_taken":0,"max_hp_gain":0,"max_hp_loss":0,"event_name":"MindBloom","floor":37,"gold_loss":0,"cards_obtained":["Normality","Normality"]},{"damage_healed":0,"gold_gain":0,"player_choice":"Max HP","damage_taken":0,"max_hp_gain":0,"max_hp_loss":2,"event_name":"Winding Halls","floor":42,"gold_loss":0},{"damage_healed":0,"gold_gain":0,"player_choice":"Ignored","damage_taken":0,"max_hp_gain":0,"max_hp_loss":0,"event_name":"Tomb of Lord Red Mask","floor":44,"gold_loss":0},{"damage_healed":0,"gold_gain":0,"player_choice":"Ignored","damage_taken":0,"max_hp_gain":0,"max_hp_loss":0,"event_name":"SecretPortal","floor":47,"gold_loss":0}],"is_beta":true,"boss_relics":[{"not_picked":["Astrolabe","Busted Crown"],"picked":"Cursed Key"},{"not_picked":["Philosopher\u0027s Stone","Runic Dome"],"picked":"Fusion Hammer"}],"items_purged_floors":[7,38,45,54],"is_endless":false,"potions_floor_spawned":[2,5,13,16,20,24,30,33,39,46,48,55],"ascension_level":20}}