{"host":"lcnwkjlokfwcnxxu","time":1610596294,"event":{"mods":["BaseMod","Colored Map","Downfall","GifTheSpireLib","Marisa????????","Minty Spire (QoL Compilation)","Quick Restart","Replay The Spire","StSLib","The Disciple","The Mystic","The Servant 0.9.4"],"gold_per_floor":[115,126,145,19,37,67,67,67,114,124,74,74,74,85,85,85,85],"floor_reached":16,"language":"ENG","playtime":661,"items_purged":["Strike_R"],"score":102,"play_id":"a30dddc5-c648-449d-bd66-42cbcaf89961","local_time":"20210113195134","is_ascension_mode":false,"campfire_choices":[{"data":"True Grit","floor":7,"key":"SMITH"},{"floor":15,"key":"REST"}],"circlet_count":0,"master_deck":["Strike_R","Strike_R","Strike_R","Defend_R","Defend_R","Defend_R","Defend_R+1","Bash","Power Through","Run Through+1","Armaments","True Grit+1","Pommel Strike+1","Fiend Fire+1","Replay:Undeath\u0027s Touch+1"],"relics":["Burning Blood","Molten Egg 2","Tiny Chest","Ancient Tea Set"],"acts_visited":["Exordium"],"potions_floor_usage":[6,16,16],"damage_taken":[{"damage":6,"enemies":"Cultist","floor":1,"turns":3},{"damage":12,"enemies":"2 Louse","floor":2,"turns":3},{"damage":2,"enemies":"Small Slimes","floor":3,"turns":4},{"damage":8,"enemies":"Exordium Thugs","floor":5,"turns":6},{"damage":35,"enemies":"Lagavulin","floor":6,"turns":6},{"damage":7,"enemies":"Lots of Slimes","floor":10,"turns":5},{"damage":7,"enemies":"3 Louse","floor":14,"turns":4},{"damage":42,"enemies":"Hexaghost","floor":16,"turns":16}],"seed_played":"-2978793466226727850","potions_obtained":[{"floor":3,"key":"Swift Potion"},{"floor":5,"key":"Regen Potion"},{"floor":14,"key":"Dexterity Potion"}],"is_trial":false,"path_per_floor":["M","M","M","$","M","E","R","?","T","M","?","?","?","M","R","B"],"character_chosen":"IRONCLAD","items_purchased":["Armaments"],"campfire_rested":1,"item_purchase_floors":[4],"current_hp_per_floor":[88,82,86,86,84,68,68,56,56,55,55,55,37,36,62,20,20],"gold":85,"neow_bonus":"TEN_PERCENT_HP_BONUS","is_daily":false,"chose_seed":false,"campfire_upgraded":1,"win_rate":0.0,"timestamp":1610596294,"path_taken":["M","?","M","$","M","E","R","?","T","M","?","?","?","M","R","BOSS"],"items_purchased_type":["Card"],"build_version":"2020-12-22","purchased_purges":1,"victory":false,"max_hp_per_floor":[88,88,88,88,88,88,88,88,88,88,88,88,88,88,88,88,88],"card_choices":[{"not_picked":["Warcry","Burning Pact"],"picked":"Power Through","floor":1},{"not_picked":["Warcry","Dual Wield"],"picked":"Cleave","floor":2},{"not_picked":["Body Slam","Clash"],"picked":"Run Through","floor":3},{"not_picked":["Run Through","Warcry","Shockwave"],"picked":"SKIP","floor":5},{"not_picked":["Clothesline+1","Fiend Fire+1"],"picked":"True Grit","floor":6},{"not_picked":["Dropkick+1","Entrench"],"picked":"Pommel Strike+1","floor":10},{"not_picked":["Clothesline+1","Abandon"],"picked":"Replay:Undeath\u0027s Touch+1","floor":14}],"player_experience":73050,"relics_obtained":[{"floor":6,"key":"Molten Egg 2"},{"floor":9,"key":"Ancient Tea Set"}],"event_choices":[{"damage_healed":0,"gold_gain":0,"player_choice":"Success","damage_taken":12,"relics_obtained":["Tiny Chest"],"max_hp_gain":0,"max_hp_loss":0,"event_name":"Scrap Ooze","floor":8,"gold_loss":0},{"cards_removed":["Strike_R"],"damage_healed":0,"gold_gain":0,"player_choice":"Card Removal","damage_taken":0,"max_hp_gain":0,"max_hp_loss":0,"event_name":"The Cleric","floor":11,"gold_loss":50},{"damage_healed":0,"gold_gain":0,"player_choice":"Entered Light","damage_taken":18,"max_hp_gain":0,"max_hp_loss":0,"event_name":"Shining Light","floor":13,"gold_loss":0,"cards_upgraded":["Run Through","Defend_R"]}],"is_beta":false,"boss_relics":[],"items_purged_floors":[4],"is_endless":false,"potions_floor_spawned":[3,5,14],"killed_by":"Hexaghost","ascension_level":0}}