{"host":"6swbl1yqdi8v28pk","time":1610589817,"event":{"mods":["AchievementEnabler","BaseMod","Colored Map","Minty Spire (QoL Compilation)","Quick Restart"],"gold_per_floor":[110,120,120,51,63,88,88,107,107,123,73,148,148,174,174,174,174],"floor_reached":16,"language":"SPA","playtime":515,"items_purged":[],"score":110,"play_id":"3c86b3ce-4ad7-45d5-aacf-2bcf9ca790ed","local_time":"20210113200337","is_ascension_mode":false,"campfire_choices":[{"data":"Dash","floor":7,"key":"SMITH"},{"floor":13,"key":"REST"},{"data":"Neutralize","floor":15,"key":"SMITH"}],"circlet_count":0,"master_deck":["Strike_G","Strike_G","Strike_G+1","Strike_G","Strike_G","Defend_G+1","Defend_G","Defend_G","Defend_G","Survivor","Neutralize+1","Dash+1","Leg Sweep+1","Well Laid Plans","Blur+1","Blade Dance","Outmaneuver","Infinite Blades"],"relics":["Ring of the Snake","NeowsBlessing","Happy Flower","War Paint","White Beast Statue"],"acts_visited":["Exordium"],"potions_floor_usage":[6,6,14],"damage_taken":[{"damage":0,"enemies":"Jaw Worm","floor":1,"turns":1},{"damage":0,"enemies":"Small Slimes","floor":2,"turns":1},{"damage":0,"enemies":"Cultist","floor":5,"turns":1},{"damage":8,"enemies":"Lagavulin","floor":6,"turns":13},{"damage":0,"enemies":"Blue Slaver","floor":8,"turns":5},{"damage":0,"enemies":"Red Slaver","floor":10,"turns":3},{"damage":18,"enemies":"Gremlin Nob","floor":14,"turns":5},{"damage":34,"enemies":"Slime Boss","floor":16,"turns":8}],"seed_played":"162804321755681111","potions_obtained":[{"floor":1,"key":"Poison Potion"},{"floor":5,"key":"CunningPotion"},{"floor":6,"key":"Energy Potion"}],"is_trial":false,"path_per_floor":["M","M","?","$","M","E","R","M","T","M","?","?","R","E","R","B"],"character_chosen":"THE_SILENT","items_purchased":["Well Laid Plans"],"campfire_rested":1,"item_purchase_floors":[4],"current_hp_per_floor":[70,70,56,56,56,48,48,48,48,48,48,37,58,40,40,6,6],"gold":174,"neow_bonus":"THREE_ENEMY_KILL","is_daily":false,"chose_seed":false,"campfire_upgraded":2,"win_rate":0.0,"timestamp":1610589817,"path_taken":["M","M","?","$","M","E","R","M","T","M","?","?","R","E","R","BOSS"],"items_purchased_type":["Card"],"build_version":"2020-12-22","purchased_purges":0,"victory":false,"max_hp_per_floor":[70,70,70,70,70,70,70,70,70,70,70,70,70,70,70,70,70],"card_choices":[{"not_picked":["Acrobatics","Poisoned Stab"],"picked":"Dash","floor":1},{"not_picked":["Underhanded Strike","Reflex"],"picked":"Leg Sweep","floor":2},{"not_picked":["Dash","Endless Agony"],"picked":"Blur","floor":5},{"not_picked":["Backflip","Reflex"],"picked":"Blade Dance","floor":6},{"not_picked":["Choke","Flying Knee","Bane"],"picked":"SKIP","floor":8},{"not_picked":["Flechettes","Tactician"],"picked":"Outmaneuver","floor":10},{"not_picked":["Quick Slash","Dodge and Roll"],"picked":"Infinite Blades","floor":14}],"player_experience":158495,"relics_obtained":[{"floor":6,"key":"Happy Flower"},{"floor":9,"key":"War Paint"},{"floor":14,"key":"White Beast Statue"}],"event_choices":[{"damage_healed":0,"gold_gain":0,"player_choice":"Entered Light","damage_taken":14,"max_hp_gain":0,"max_hp_loss":0,"event_name":"Shining Light","floor":3,"gold_loss":0,"cards_upgraded":["Strike_G","Leg Sweep"]},{"cards_removed":["Defend_G"],"damage_healed":0,"gold_gain":0,"player_choice":"Card Removal","damage_taken":0,"max_hp_gain":0,"max_hp_loss":0,"event_name":"The Cleric","floor":11,"gold_loss":50},{"damage_healed":0,"gold_gain":75,"player_choice":"Gather Gold","damage_taken":11,"max_hp_gain":0,"max_hp_loss":0,"event_name":"World of Goop","floor":12,"gold_loss":0}],"is_beta":false,"boss_relics":[],"items_purged_floors":[],"is_endless":false,"potions_floor_spawned":[1,5,6],"killed_by":"Slime Boss","ascension_level":0}}