{"host":"cqhg4aqsua29vw60","time":1610641524,"event":{"mods":["AchievementEnabler","BaseMod","Card Forge","Colored Map","Highlight Path","Minty Spire (QoL Compilation)","StSLib"],"gold_per_floor":[110,121,71,91,109,144,144,174,222,242,242,267,277,289,289,392,392,405,405,480,73,83,116,116,133,133,133,148,166,166,197,197,197,197],"floor_reached":33,"language":"ENG","playtime":3147,"items_purged":["Strike_B"],"score":386,"play_id":"0dd9ac28-023e-465d-8e39-94c38bc34a8d","local_time":"20210114102524","is_ascension_mode":true,"campfire_choices":[{"data":"Fission","floor":7,"key":"SMITH"},{"data":"Hologram","floor":11,"key":"SMITH"},{"floor":15,"key":"REST"},{"floor":24,"key":"REST"},{"data":"Go for the Eyes","floor":27,"key":"SMITH"},{"data":"Consume","floor":30,"key":"SMITH"},{"data":"Zap","floor":32,"key":"SMITH"}],"circlet_count":0,"master_deck":["Strike_B","Strike_B","Defend_B","Defend_B","Defend_B","Zap+1","Dualcast","Fission+1","Turbo","Ball Lightning","Cold Snap","Glacier","Go for the Eyes+1","Compile Driver+1","Hologram+1","BootSequence","Compile Driver+1","Rebound+1","Hyperbeam+1","Go for the Eyes+1","Cold Snap+1","Coolheaded","Cold Snap+1","Conserve Battery+1","Leap+1","Conserve Battery","Consume+1"],"relics":["Cracked Core","Hammer of Thor","Seething Fire","Anvil of the Gods","Blood Vial","Molten Egg 2","Tiny Chest","Sozu","Shuriken","Pantograph","Mercury Hourglass","Du-Vu Doll"],"acts_visited":["Exordium","TheCity"],"potions_floor_usage":[5,6,6,16,16,23],"damage_taken":[{"damage":0,"enemies":"Cultist","floor":1,"turns":4},{"damage":3,"enemies":"Small Slimes","floor":2,"turns":3},{"damage":1,"enemies":"2 Louse","floor":4,"turns":2},{"damage":9,"enemies":"Large Slime","floor":5,"turns":5},{"damage":34,"enemies":"Lagavulin","floor":6,"turns":8},{"damage":15,"enemies":"3 Sentries","floor":8,"turns":7},{"damage":0,"enemies":"Lots of Slimes","floor":10,"turns":4},{"damage":7,"enemies":"Gremlin Nob","floor":12,"turns":4},{"damage":0,"enemies":"Red Slaver","floor":13,"turns":2},{"damage":0,"enemies":"2 Fungi Beasts","floor":14,"turns":3},{"damage":8,"enemies":"The Guardian","floor":16,"turns":13},{"damage":1,"enemies":"2 Thieves","floor":18,"turns":2},{"damage":0,"enemies":"Chosen","floor":22,"turns":3},{"damage":40,"enemies":"Slavers","floor":23,"turns":4},{"damage":17,"enemies":"3 Cultists","floor":25,"turns":6},{"damage":1,"enemies":"Snecko","floor":28,"turns":4},{"damage":0,"enemies":"Cultist and Chosen","floor":29,"turns":4},{"damage":15,"enemies":"Gremlin Leader","floor":31,"turns":6},{"damage":59,"enemies":"Collector","floor":33,"turns":6}],"seed_played":"3357334082284373391","potions_obtained":[{"floor":1,"key":"Regen Potion"},{"floor":2,"key":"SteroidPotion"},{"floor":5,"key":"Block Potion"},{"floor":6,"key":"Swift Potion"},{"floor":10,"key":"EssenceOfSteel"},{"floor":16,"key":"SkillPotion"}],"is_trial":false,"path_per_floor":["M","M","?","M","M","E","R","E","T","M","R","E","M","M","R","B",null,"M","?","?","$","M","E","R","M","T","R","M","M","R","E","R","B"],"character_chosen":"DEFECT","items_purchased":["Shuriken","Coolheaded","Cold Snap+1"],"campfire_rested":2,"item_purchase_floors":[21,21,21],"current_hp_per_floor":[75,72,72,71,62,42,42,29,29,31,31,26,28,30,52,46,68,69,69,62,62,64,26,48,33,33,33,34,36,36,23,23,0,0],"gold":197,"neow_bonus":"TRANSFORM_CARD","is_daily":false,"chose_seed":false,"campfire_upgraded":5,"win_rate":0.0,"timestamp":1610641524,"path_taken":["M","?","?","M","M","E","R","E","T","M","R","E","M","M","R","BOSS","M","?","?","$","M","E","R","M","T","R","M","?","R","E","R","BOSS"],"items_purchased_type":["Relic","Card","Card"],"build_version":"2020-12-22","purchased_purges":1,"victory":false,"max_hp_per_floor":[75,75,75,75,75,75,75,75,75,75,75,75,75,75,75,75,75,75,75,75,75,75,75,75,75,75,75,75,75,75,75,75,75,75],"card_choices":[{"not_picked":["Blizzard","Chaos"],"picked":"Turbo","floor":1},{"not_picked":["Auto Shields","Stack"],"picked":"Ball Lightning","floor":2},{"not_picked":["Rebound","Gash"],"picked":"Cold Snap","floor":4},{"not_picked":["Hologram","Self Repair"],"picked":"Glacier","floor":5},{"not_picked":["Barrage","Glacier"],"picked":"Go for the Eyes","floor":6},{"not_picked":["Cold Snap+1","Hello World"],"picked":"Compile Driver+1","floor":8},{"not_picked":["Compile Driver+1","Machine Learning"],"picked":"Hologram","floor":10},{"not_picked":["Ball Lightning+1","Compile Driver+1"],"picked":"BootSequence","floor":12},{"not_picked":["Storm","Recycle"],"picked":"Compile Driver+1","floor":13},{"not_picked":["Hello World","Ball Lightning+1"],"picked":"Rebound+1","floor":14},{"not_picked":["Thunder Strike+1","Buffer"],"picked":"Hyperbeam+1","floor":16},{"not_picked":["Steam Power","Compile Driver+1"],"picked":"Go for the Eyes+1","floor":18},{"not_picked":["Recycle","Barrage+1","Streamline+1"],"picked":"SKIP","floor":22},{"not_picked":["Stack","Coolheaded"],"picked":"Conserve Battery+1","floor":23},{"not_picked":["Stack+1","Cold Snap+1"],"picked":"Leap+1","floor":25},{"not_picked":["Recycle+1","Force Field"],"picked":"Conserve Battery","floor":28},{"not_picked":["FTL+1","Streamline+1"],"picked":"Consume","floor":29},{"not_picked":["Turbo+1","Conserve Battery+1","Auto Shields"],"picked":"SKIP","floor":31}],"player_experience":639088,"relics_obtained":[{"floor":6,"key":"Blood Vial"},{"floor":8,"key":"Molten Egg 2"},{"floor":12,"key":"Tiny Chest"},{"floor":23,"key":"Pantograph"},{"floor":26,"key":"Mercury Hourglass"},{"floor":31,"key":"Du-Vu Doll"}],"event_choices":[{"cards_removed":["Defend_B"],"damage_healed":0,"gold_gain":0,"player_choice":"Card Removal","damage_taken":0,"max_hp_gain":0,"max_hp_loss":0,"event_name":"The Cleric","floor":3,"gold_loss":50},{"damage_healed":0,"gold_gain":0,"player_choice":"Read","damage_taken":0,"max_hp_gain":0,"max_hp_loss":0,"event_name":"The Library","floor":19,"gold_loss":0,"cards_obtained":["Cold Snap"]},{"damage_healed":0,"gold_gain":75,"player_choice":"Touch","damage_taken":7,"max_hp_gain":0,"max_hp_loss":0,"event_name":"FaceTrader","floor":20,"gold_loss":0}],"is_beta":false,"boss_relics":[{"not_picked":["Velvet Choker","Coffee Dripper"],"picked":"Sozu"}],"items_purged_floors":[21],"is_endless":false,"potions_floor_spawned":[1,2,5,6,10,16,25,31],"killed_by":"Collector","ascension_level":5}}