{"host":"dm4yvegl9um2tlqd","time":1610628559,"event":{"mods":["2.2 Compatiblity","AchievementEnabler","BaseMod","Colored Map","DeckTracker","Highlight Path","KOR Keyword Fix","Keyboard Shortcuts","Minty Spire (QoL Compilation)","Permanent Neow","Quick Restart","Random Character Button","StSLib","SuperFastMode","everything is the same but u backflip on backflip"],"gold_per_floor":[114,74,85,9,9,9,25,25,25,40,62,62,95,159,159,258,258,273,273,287,7,7,32,32,47,73,88,88,104,104,114,114,216,216,229,129,129,149,149,149,149,149,149,149,199,231,244,25,25,25],"floor_reached":51,"language":"KOR","playtime":2173,"items_purged":["Strike_G","Defend_G"],"score":883,"play_id":"4e0c2894-2047-488d-91e8-f2a18cb0ca10","local_time":"20210114214919","is_ascension_mode":true,"campfire_choices":[{"data":"Neutralize","floor":6.0,"key":"SMITH"},{"data":"Blade Dance","floor":8.0,"key":"SMITH"},{"data":"Footwork","floor":12.0,"key":"SMITH"},{"data":"Finisher","floor":15.0,"key":"SMITH"},{"data":"Apotheosis","floor":24,"key":"SMITH"},{"data":"RitualDagger","floor":28,"key":"SMITH"},{"floor":30,"key":"REST"},{"floor":32,"key":"REST"},{"data":"After Image","floor":40,"key":"SMITH"},{"data":"Catalyst","floor":41,"key":"SMITH"},{"data":"Calculated Gamble","floor":42,"key":"SMITH"},{"data":"Footwork","floor":44,"key":"SMITH"},{"floor":49,"key":"REST"}],"circlet_count":0,"master_deck":["Strike_G","Strike_G","Defend_G","Defend_G","Defend_G","Defend_G","Survivor","Neutralize+1","Blade Dance+1","Noxious Fumes+1","Dash","Backstab","Footwork+1","Finisher+1","Calculated Gamble+1","Malaise","Deadly Poison+1","RitualDagger+1","Slice+1","Apotheosis+1","Catalyst+1","Blur","Backflip+1","Footwork+1","After Image+1","PiercingWail+1","Acrobatics+1","Catalyst+1","Footwork"],"relics":["Ring of the Snake","Letter Opener","Odd Mushroom","StoneCalendar","WingedGreaves","Runic Pyramid","Tiny Chest","Potion Belt","Busted Crown","Toxic Egg 2","Bag of Marbles","Strawberry","Unceasing Top","Lantern","DollysMirror"],"acts_visited":["Exordium","TheCity","TheBeyond"],"potions_floor_usage":[29,33,46],"damage_taken":[{"damage":0.0,"enemies":"2 Louse","floor":1.0,"turns":4.0},{"damage":0.0,"enemies":"Cultist","floor":3.0,"turns":3.0},{"damage":0.0,"enemies":"Jaw Worm","floor":7.0,"turns":4.0},{"damage":0.0,"enemies":"Gremlin Gang","floor":10.0,"turns":4.0},{"damage":0.0,"enemies":"The Mushroom Lair","floor":11.0,"turns":5.0},{"damage":5.0,"enemies":"3 Sentries","floor":13.0,"turns":6.0},{"damage":17.0,"enemies":"Lagavulin Event","floor":14.0,"turns":6.0},{"damage":20,"enemies":"The Guardian","floor":16,"turns":10},{"damage":4,"enemies":"Shell Parasite","floor":18,"turns":5},{"damage":0,"enemies":"Spheric Guardian","floor":20,"turns":1},{"damage":14,"enemies":"Gremlin Leader","floor":23,"turns":6},{"damage":6,"enemies":"Shelled Parasite and Fungi","floor":25,"turns":3},{"damage":8,"enemies":"Snake Plant","floor":27,"turns":5},{"damage":5,"enemies":"3 Cultists","floor":29,"turns":5},{"damage":4,"enemies":"Shelled Parasite and Fungi","floor":31,"turns":7},{"damage":28,"enemies":"Automaton","floor":33,"turns":12},{"damage":4,"enemies":"3 Darklings","floor":35,"turns":6},{"damage":10,"enemies":"3 Shapes","floor":38,"turns":5},{"damage":0,"enemies":"Mind Bloom Boss Battle","floor":45,"turns":7},{"damage":22,"enemies":"Nemesis","floor":46,"turns":9},{"damage":8,"enemies":"Jaw Worm Horde","floor":47,"turns":5},{"damage":19,"enemies":"Time Eater","floor":50,"turns":9}],"seed_played":"-4633177519953152809","potions_obtained":[{"floor":2.0,"key":"CunningPotion"},{"floor":2.0,"key":"SpeedPotion"},{"floor":2.0,"key":"ColorlessPotion"},{"floor":3.0,"key":"Regen Potion"},{"floor":14.0,"key":"BlessingOfTheForge"},{"floor":29,"key":"CunningPotion"},{"floor":33,"key":"FearPotion"},{"floor":35,"key":"ColorlessPotion"},{"floor":45,"key":"BlessingOfTheForge"},{"floor":46,"key":"PowerPotion"}],"is_trial":false,"path_per_floor":["M","?","M","$","?","R","M","R","T","M","?","R","E","?","R","B",null,"M","?","M","$","?","E","R","M","T","M","R","M","R","M","R","B",null,"M","$","T","M","T","R","R","R","T","R","?","E","M","$","R","B",null],"character_chosen":"THE_SILENT","items_purchased":["Dash","Apotheosis","Catalyst","DollysMirror","Footwork"],"campfire_rested":3,"item_purchase_floors":[4,21,21,48,48],"current_hp_per_floor":[49,49,49,49,49,49,49,49,49,49,49,49,44,42,42,22,58,54,48,48,48,48,34,34,28,28,20,20,15,36,32,53,25,59,55,55,55,45,45,45,45,45,52,52,52,30,22,22,45,26],"gold":25,"neow_bonus":"REMOVE_TWO","is_daily":false,"chose_seed":false,"campfire_upgraded":10,"win_rate":0.0,"timestamp":1610628559,"path_taken":["M","?","?","$","?","R","?","R","T","M","?","R","E","?","R","BOSS","M","?","M","$","?","E","R","?","T","M","R","M","R","M","R","BOSS","M","$","?","?","?","R","R","R","T","R","?","E","M","$","R","BOSS"],"items_purchased_type":["Card","Card","Card","Relic","Card"],"build_version":"2020-12-22","purchased_purges":2,"victory":true,"max_hp_per_floor":[70,70,70,70,70,70,70,70,70,70,70,70,70,70,70,70,70,70,70,70,70,70,70,70,70,70,70,70,70,70,70,70,70,70,70,70,70,70,70,70,70,70,77,77,77,77,77,77,77,77],"card_choices":[{"not_picked":["Poisoned Stab","Prepared"],"picked":"Blade Dance","floor":1.0},{"not_picked":["Poisoned Stab","Catalyst"],"picked":"Noxious Fumes","floor":3.0},{"not_picked":["Quick Slash","Cloak And Dagger"],"picked":"Backstab","floor":7.0},{"not_picked":["Riddle With Holes","Caltrops"],"picked":"Footwork","floor":10.0},{"not_picked":["Catalyst","Backstab"],"picked":"Finisher","floor":11.0},{"not_picked":["Dagger Spray","Deflect","Blur"],"picked":"SKIP","floor":13.0},{"not_picked":["PiercingWail","Blur"],"picked":"Calculated Gamble","floor":14.0},{"not_picked":["Die Die Die","Night Terror"],"picked":"Malaise","floor":16},{"not_picked":["Reflex","Predator"],"picked":"Deadly Poison+1","floor":18},{"not_picked":["Backstab","Deflect"],"picked":"Slice+1","floor":20},{"not_picked":["Cloak And Dagger","Glass Knife","Dodge and Roll"],"picked":"SKIP","floor":23},{"not_picked":["Blade Dance","Sucker Punch+1"],"picked":"Blur","floor":25},{"not_picked":["Blade Dance","Reflex"],"picked":"Backflip+1","floor":27},{"not_picked":["Poisoned Stab","Choke"],"picked":"Footwork","floor":29},{"not_picked":["Deflect","Dagger Throw","Underhanded Strike"],"picked":"SKIP","floor":31},{"not_picked":["Wraith Form v2","Phantasmal Killer"],"picked":"After Image","floor":33},{"not_picked":["Cloak And Dagger"],"picked":"SKIP","floor":35},{"not_picked":[],"picked":"PiercingWail+1","floor":38},{"not_picked":["Flying Knee+1"],"picked":"SKIP","floor":46},{"not_picked":[],"picked":"Acrobatics+1","floor":47}],"player_experience":39995,"relics_obtained":[{"floor":9.0,"key":"Letter Opener"},{"floor":11.0,"key":"Odd Mushroom"},{"floor":13.0,"key":"StoneCalendar"},{"floor":14.0,"key":"WingedGreaves"},{"floor":23,"key":"Tiny Chest"},{"floor":26,"key":"Potion Belt"},{"floor":37,"key":"Toxic Egg 2"},{"floor":39,"key":"Bag of Marbles"},{"floor":43,"key":"Strawberry"},{"floor":45,"key":"Unceasing Top"},{"floor":46,"key":"Lantern"}],"event_choices":[{"damage_healed":0.0,"max_hp_gain":0.0,"max_hp_loss":0.0,"gold_gain":0.0,"event_name":"The Woman in Blue","player_choice":"Bought 3 Potions","floor":2.0,"gold_loss":0.0,"damage_taken":0.0},{"damage_healed":0.0,"max_hp_gain":0.0,"max_hp_loss":0.0,"gold_gain":0.0,"event_name":"Accursed Blacksmith","player_choice":"Forge","floor":5.0,"gold_loss":0.0,"damage_taken":0.0,"cards_upgraded":["Noxious Fumes"]},{"damage_healed":0.0,"max_hp_gain":0.0,"max_hp_loss":0.0,"gold_gain":0.0,"event_name":"Mushrooms","player_choice":"Fought Mushrooms","floor":11.0,"gold_loss":0.0,"damage_taken":0.0},{"damage_healed":0.0,"max_hp_gain":0.0,"max_hp_loss":0.0,"gold_gain":0.0,"event_name":"Dead Adventurer","player_choice":"Searched \u00271\u0027 times","floor":14.0,"gold_loss":0.0,"damage_taken":0.0},{"damage_healed":0,"gold_gain":0,"player_choice":"Joined the Cult","damage_taken":6,"max_hp_gain":0,"max_hp_loss":0,"event_name":"Nest","floor":19,"gold_loss":0,"cards_obtained":["RitualDagger"]},{"damage_healed":0,"gold_gain":0,"player_choice":"0 cards matched","damage_taken":0,"max_hp_gain":0,"max_hp_loss":0,"event_name":"Match and Keep!","floor":22,"gold_loss":0,"cards_obtained":[]},{"damage_healed":0,"gold_gain":0,"player_choice":"Fight","damage_taken":0,"max_hp_gain":0,"max_hp_loss":0,"event_name":"MindBloom","floor":45,"gold_loss":0}],"is_beta":false,"boss_relics":[{"not_picked":["Cursed Key","Empty Cage"],"picked":"Runic Pyramid"},{"not_picked":["Velvet Choker","SlaversCollar"],"picked":"Busted Crown"}],"items_purged_floors":[21,36],"is_endless":false,"potions_floor_spawned":[3,10,14,16,18,20,23,29,33,35,45,46],"ascension_level":5}}