{"host":"bpkhhmvsfrvlto2l","time":1610643650,"event":{"mods":["2.2 Compatiblity","AchievementEnabler","Act Like it!","AlwaysNeverKeys","Aspiration","BaseMod","Better Silent Start","Challenge The Spire","Colored Map","Colored Powertips","Custom Start","Downfall","Energized Spire","Friendly Minions","GifTheSpireLib","Halation","Hubris","Infinite Spire","Ironclad Rager","Mimic Mod","Minty Spire (QoL Compilation)","Permanent Neow","Quick Restart","Random Character Button","Relic Sorter","Replay The Spire","Spikes Relics","StSLib","Stuff the Spire","Swap Starting Deck Mod","Trackpad"],"gold_per_floor":[109,128,128,128,141,141,169,169,202,229,158,158,77,88,88,185,185,200,44,61,61,76,106,106,132,132,147,157,157,157,167,167,271,271,286,286,298,298,298,298,330,330,399,432,481,481,493,510,510,510],"floor_reached":51,"language":"ENG","playtime":1254,"items_purged":[],"score":1135,"play_id":"69fb9f7d-4a05-4094-8b91-3504d3929c94","local_time":"20210114120050","is_ascension_mode":true,"campfire_choices":[{"data":"Blasphemy","floor":6,"key":"SMITH"},{"data":"Pray","floor":8,"key":"SMITH"},{"floor":15,"key":"REST"},{"data":"Prostrate","floor":24,"key":"SMITH"},{"data":"Prostrate","floor":24,"key":"SMITH"},{"floor":32,"key":"REST"},{"data":"ReachHeaven","floor":46,"key":"SMITH"},{"data":"Prostrate","floor":46,"key":"SMITH"},{"data":"ReachHeaven","floor":49,"key":"SMITH"},{"data":"ReachHeaven","floor":49,"key":"SMITH"}],"circlet_count":0,"master_deck":["ReachHeaven+1","ReachHeaven+1","ReachHeaven+1","Prostrate+1","Prostrate+1","Prostrate+1","Prostrate+1","Prostrate+1","Pray+1","Blasphemy+1","Brilliance+1","ReachHeaven+1","Brilliance+1"],"relics":["HolyWater","Molten Egg 2","aspiration:ArtOfWarUpgrade","StuffTheSpire:CocoNut","Oddly Smooth Stone","ReplayTheSpireMod:Shallot","Replay:Arrowhead","Regal Pillow","hubris:SphereOfDissonance","infinitespire:Satchel","StuffTheSpire:DarkSteelAnvil","Frozen Egg 2","Strawberry","StuffTheSpire:Nightcore"],"acts_visited":["Exordium","TheCity","TheBeyond"],"potions_floor_usage":[16,18,23,37,50],"damage_taken":[{"damage":2,"enemies":"infinitespire:Voidling","floor":1,"turns":2},{"damage":0,"enemies":"Small Slimes","floor":2,"turns":2},{"damage":0,"enemies":"Cultist","floor":5,"turns":2},{"damage":4,"enemies":"3 Sentries","floor":7,"turns":3},{"damage":0,"enemies":"Exordium Thugs","floor":9,"turns":3},{"damage":7,"enemies":"Replay:BlueRogue","floor":10,"turns":2},{"damage":9,"enemies":"Exordium Thugs","floor":14,"turns":2},{"damage":1,"enemies":"The Guardian","floor":16,"turns":3},{"damage":4,"enemies":"Chosen","floor":18,"turns":3},{"damage":7,"enemies":"2 Thieves","floor":20,"turns":2},{"damage":0,"enemies":"Snecko","floor":22,"turns":2},{"damage":15,"enemies":"Slavers","floor":23,"turns":3},{"damage":7,"enemies":"Gremlin Leader","floor":25,"turns":2},{"damage":1,"enemies":"Shelled Parasite and Fungi","floor":27,"turns":2},{"damage":5,"enemies":"Snake Plant","floor":28,"turns":2},{"damage":0,"enemies":"Centurion and Healer","floor":31,"turns":2},{"damage":7,"enemies":"Champ","floor":33,"turns":2},{"damage":0,"enemies":"Orb Walker","floor":35,"turns":2},{"damage":0,"enemies":"3 Darklings","floor":37,"turns":2},{"damage":5,"enemies":"Giant Head","floor":41,"turns":5},{"damage":12,"enemies":"Nemesis","floor":44,"turns":3},{"damage":8,"enemies":"2 Orb Walkers","floor":45,"turns":3},{"damage":4,"enemies":"Jaw Worm Horde","floor":47,"turns":3},{"damage":0,"enemies":"4 Shapes","floor":48,"turns":3},{"damage":0,"enemies":"hubris:GrandSnecko","floor":50,"turns":3}],"seed_played":"56469819502343302","potions_obtained":[{"floor":7,"key":"SpeedPotion"},{"floor":14,"key":"Explosive Potion"},{"floor":16,"key":"Fruit Juice"},{"floor":18,"key":"Fruit Juice"},{"floor":23,"key":"Energy Potion"},{"floor":25,"key":"Energy Potion"},{"floor":33,"key":"AttackPotion"},{"floor":45,"key":"AttackPotion"}],"is_trial":false,"path_per_floor":["M","M","$","?","M","R","E","R","MIM","E","$","?","$","M","R","B",null,"M","$","M","AVR","M","E","R","E","T","M","M","?","?","M","R","B",null,"M","?","M","?","AVR","R","E","R","T","E","?","R","M","M","R","B",null],"character_chosen":"WATCHER","items_purchased":["ReachHeaven+1","Brilliance+1","Oddly Smooth Stone"],"campfire_rested":2,"item_purchase_floors":[11,13,19],"current_hp_per_floor":[52,52,52,52,52,52,48,48,48,48,48,36,36,27,45,49,62,63,63,56,56,56,41,41,34,34,33,28,28,28,28,64,57,68,68,68,68,68,68,68,63,63,63,58,50,50,46,46,46,46],"gold":510,"neow_bonus":"","is_daily":false,"chose_seed":false,"campfire_upgraded":8,"win_rate":0.0,"timestamp":1610643650,"path_taken":["M","?","$","?","M","R","E","R","MIM","E","?","?","$","M","R","BOSS","M","$","M","AVR","M","E","R","E","T","M","M","?","?","M","R","BOSS","M","?","M","?","AVR","R","E","R","T","E","?","R","?","M","R","BOSS"],"items_purchased_type":["Card","Card","Relic"],"build_version":"2020-12-22","purchased_purges":0,"victory":true,"max_hp_per_floor":[54,54,54,54,54,54,54,54,54,61,61,61,61,61,61,66,66,71,71,71,71,71,71,71,71,71,71,71,71,71,71,71,71,71,71,71,71,71,71,71,71,71,71,78,78,78,78,78,78,78],"card_choices":[{"not_picked":["Pray","Swivel"],"picked":"Brilliance+1","floor":9}],"player_experience":75116,"relics_obtained":[{"floor":7,"key":"Molten Egg 2"},{"floor":9,"key":"Art of War"},{"floor":10,"key":"StuffTheSpire:CocoNut"},{"floor":23,"key":"Replay:Arrowhead"},{"floor":25,"key":"Regal Pillow"},{"floor":26,"key":"hubris:SphereOfDissonance"},{"floor":41,"key":"StuffTheSpire:DarkSteelAnvil"},{"floor":43,"key":"Frozen Egg 2"},{"floor":44,"key":"Strawberry"},{"floor":45,"key":"StuffTheSpire:Nightcore"}],"event_choices":[{"damage_healed":0,"gold_gain":0,"player_choice":"1 cards matched","damage_taken":0,"max_hp_gain":0,"max_hp_loss":0,"event_name":"Match and Keep!","floor":4,"gold_loss":0,"cards_obtained":["Blasphemy"]},{"damage_healed":0,"gold_gain":0,"player_choice":"Entered Light","damage_taken":12,"max_hp_gain":0,"max_hp_loss":0,"event_name":"Shining Light","floor":12,"gold_loss":0,"cards_upgraded":["Prostrate","Prostrate"]},{"damage_healed":0,"gold_gain":0,"player_choice":"Simplicity","damage_taken":0,"max_hp_gain":0,"max_hp_loss":0,"event_name":"Back to Basics","floor":30,"gold_loss":0,"cards_upgraded":[]},{"cards_removed":["ReachHeaven"],"damage_healed":0,"gold_gain":0,"player_choice":"Removed Attack","damage_taken":0,"max_hp_gain":0,"max_hp_loss":0,"event_name":"Falling","floor":36,"gold_loss":0},{"damage_healed":0,"gold_gain":0,"player_choice":"Ignored","damage_taken":0,"max_hp_gain":0,"max_hp_loss":0,"event_name":"Tomb of Lord Red Mask","floor":38,"gold_loss":0},{"damage_healed":0,"gold_gain":0,"player_choice":"Fight","damage_taken":0,"max_hp_gain":0,"max_hp_loss":0,"event_name":"Mysterious Sphere","floor":45,"gold_loss":0}],"is_beta":false,"boss_relics":[{"not_picked":["halation:Prosthetics","halation:MonkeysPaw"],"picked":"HolyWater"},{"not_picked":["StuffTheSpire:RunicConfusion","Empty Cage","trackpad:Trackpad"]}],"items_purged_floors":[],"is_endless":false,"potions_floor_spawned":[7,14,16,18,23,25,28,33,35,45,48],"ascension_level":5}}