{"host":"qgrlfjrqk9z96gfi","time":1610594451,"event":{"mods":["BaseMod","Block Reminder","Colored Map","DeckTracker","Minty Spire (QoL Compilation)"],"gold_per_floor":[111,111,122,137,156,187,187,217,242,260,270,270,287,304,304,380,430,444,19,53,63,7,7,36,36,36,36,61,73,93,123,123,123,123],"floor_reached":33,"language":"ENG","playtime":1314,"items_purged":["Strike_G"],"score":638,"play_id":"a24f5593-087d-44d8-a08a-ad29f2105fcd","local_time":"20210113172051","is_ascension_mode":true,"campfire_choices":[{"data":"Predator","floor":7,"key":"SMITH"},{"data":"Dash","floor":12,"key":"SMITH"},{"data":"Blade Dance","floor":15,"key":"SMITH"},{"data":"Skewer","floor":23,"key":"SMITH"},{"data":"Well Laid Plans","floor":25,"key":"SMITH"},{"data":"Phantasmal Killer","floor":27,"key":"SMITH"},{"floor":32,"key":"REST"}],"circlet_count":0,"master_deck":["AscendersBane","Strike_G","Strike_G","Strike_G","Defend_G","Defend_G","Defend_G","Defend_G","Defend_G+1","Survivor","Neutralize","Blade Dance+1","Deflect","Flechettes","Predator+1","Dash+1","Blur","Injury","Dash","Cloak And Dagger","Infinite Blades","PiercingWail","Die Die Die","Skewer+1","Well Laid Plans+1","Phantasmal Killer+1","Dodge and Roll","Shame","Wraith Form v2","Blade Dance"],"relics":["Cursed Key","Matryoshka","MealTicket","Tiny Chest","Pen Nib","Tiny House","Letter Opener","Red Mask","The Courier","Lantern","Ninja Scroll","Snake Skull","Blood Vial"],"acts_visited":["Exordium","TheCity"],"potions_floor_usage":[6,8,16,16,18,20,20,24,28,33,33],"damage_taken":[{"damage":2,"enemies":"Jaw Worm","floor":1,"turns":4},{"damage":0,"enemies":"Cultist","floor":3,"turns":5},{"damage":0,"enemies":"2 Louse","floor":4,"turns":2},{"damage":0,"enemies":"Blue Slaver","floor":5,"turns":3},{"damage":1,"enemies":"Gremlin Nob","floor":6,"turns":3},{"damage":25,"enemies":"Lagavulin","floor":8,"turns":8},{"damage":0,"enemies":"Looter","floor":10,"turns":2},{"damage":0,"enemies":"Large Slime","floor":11,"turns":2},{"damage":5,"enemies":"Lots of Slimes","floor":13,"turns":4},{"damage":2,"enemies":"Red Slaver","floor":14,"turns":3},{"damage":23,"enemies":"Hexaghost","floor":16,"turns":10},{"damage":1,"enemies":"3 Byrds","floor":18,"turns":5},{"damage":7,"enemies":"Masked Bandits","floor":20,"turns":3},{"damage":5,"enemies":"Spheric Guardian","floor":21,"turns":4},{"damage":14,"enemies":"Gremlin Leader","floor":24,"turns":5},{"damage":15,"enemies":"Book of Stabbing","floor":28,"turns":6},{"damage":13,"enemies":"Snake Plant","floor":29,"turns":6},{"damage":4,"enemies":"Chosen and Byrds","floor":30,"turns":4},{"damage":3,"enemies":"Gremlin Leader","floor":31,"turns":5},{"damage":72,"enemies":"Collector","floor":33,"turns":6}],"seed_played":"-6308537169459858685","potions_obtained":[{"floor":3,"key":"Energy Potion"},{"floor":4,"key":"Weak Potion"},{"floor":5,"key":"Fire Potion"},{"floor":10,"key":"DuplicationPotion"},{"floor":11,"key":"SteroidPotion"},{"floor":16,"key":"Block Potion"},{"floor":17,"key":"SpeedPotion"},{"floor":18,"key":"Strength Potion"},{"floor":24,"key":"Block Potion"},{"floor":28,"key":"EssenceOfSteel"},{"floor":31,"key":"ColorlessPotion"}],"is_trial":false,"path_per_floor":["M","?","M","M","M","E","R","E","T","M","M","R","M","M","R","B",null,"M","$","?","M","$","R","E","R","T","R","E","M","M","E","R","B"],"character_chosen":"THE_SILENT","items_purchased":["Well Laid Plans","Letter Opener","Strength Potion"],"campfire_rested":1,"item_purchase_floors":[19,19,22],"current_hp_per_floor":[57,57,57,57,57,56,56,31,31,31,31,31,26,24,24,1,55,54,69,62,57,71,71,57,57,57,57,42,29,25,22,43,0,0],"gold":123,"neow_bonus":"BOSS_RELIC","is_daily":false,"chose_seed":false,"campfire_upgraded":6,"win_rate":0.0,"timestamp":1610594451,"path_taken":["M","?","?","M","M","E","R","E","T","M","M","R","M","M","R","BOSS","M","$","?","M","?","R","E","R","T","R","E","M","?","E","R","BOSS"],"items_purchased_type":["Card","Relic","Potion"],"build_version":"2020-12-22","purchased_purges":1,"victory":false,"max_hp_per_floor":[66,66,66,66,66,66,66,66,66,66,66,66,66,66,66,66,71,71,71,71,71,71,71,71,71,71,71,71,71,71,71,71,71,71],"card_choices":[{"not_picked":["Poisoned Stab","Bane"],"picked":"Blade Dance","floor":1},{"not_picked":["Crippling Poison","Blur"],"picked":"Flechettes","floor":3},{"not_picked":["Deflect","Quick Slash"],"picked":"Predator","floor":4},{"not_picked":["Acrobatics","Catalyst","Backflip"],"picked":"SKIP","floor":5},{"not_picked":["Outmaneuver","Deadly Poison"],"picked":"Dash","floor":6},{"not_picked":["Grand Finale","Sucker Punch"],"picked":"Blur","floor":8},{"not_picked":["Outmaneuver","Calculated Gamble"],"picked":"Dash","floor":10},{"not_picked":["Prepared","Endless Agony"],"picked":"Cloak And Dagger","floor":11},{"not_picked":["Underhanded Strike","Distraction"],"picked":"Infinite Blades","floor":13},{"not_picked":["Acrobatics","Flying Knee"],"picked":"PiercingWail","floor":14},{"not_picked":["Malaise","Venomology"],"picked":"Die Die Die","floor":16},{"not_picked":["Dagger Spray","Quick Slash"],"picked":"Skewer","floor":17},{"not_picked":["Flying Knee","Escape Plan","All Out Attack"],"picked":"SKIP","floor":18},{"not_picked":["Dagger Throw","Poisoned Stab"],"picked":"Phantasmal Killer","floor":20},{"not_picked":["Quick Slash","Underhanded Strike","Blur"],"picked":"SKIP","floor":21},{"not_picked":["Die Die Die","Flying Knee"],"picked":"Dodge and Roll","floor":24},{"not_picked":["Backstab","Calculated Gamble+1"],"picked":"Wraith Form v2","floor":28},{"not_picked":["Masterful Stab","Deadly Poison"],"picked":"Blade Dance","floor":29},{"not_picked":["Dash","Blade Dance","Deflect"],"picked":"SKIP","floor":30},{"not_picked":["Riddle With Holes","Bane","Quick Slash"],"picked":"SKIP","floor":31}],"player_experience":1006043,"relics_obtained":[{"floor":6,"key":"Matryoshka"},{"floor":8,"key":"MealTicket"},{"floor":9,"key":"Tiny Chest"},{"floor":9,"key":"Pen Nib"},{"floor":20,"key":"Red Mask"},{"floor":24,"key":"The Courier"},{"floor":26,"key":"Lantern"},{"floor":26,"key":"Ninja Scroll"},{"floor":28,"key":"Snake Skull"},{"floor":31,"key":"Blood Vial"}],"event_choices":[{"damage_healed":0,"gold_gain":0,"cards_transformed":["Strike_G"],"player_choice":"Transformed","damage_taken":0,"max_hp_gain":0,"max_hp_loss":0,"event_name":"Transmorgrifier","floor":2,"gold_loss":0,"cards_obtained":["Deflect"]},{"damage_healed":0,"gold_gain":0,"player_choice":"Fought Bandits","damage_taken":0,"max_hp_gain":0,"max_hp_loss":0,"event_name":"Masked Bandits","floor":20,"gold_loss":0}],"is_beta":false,"boss_relics":[{"not_picked":["Fusion Hammer","SacredBark"],"picked":"Tiny House"}],"items_purged_floors":[19],"is_endless":false,"potions_floor_spawned":[3,4,5,10,11,14,16,18,24,28,31],"killed_by":"Collector","ascension_level":20}}