{"host":"sc0o2qwpf9j16a4i","time":1610665782,"event":{"mods":["AchievementEnabler","BaseMod","BetterRewards","Block Reminder","Colored Map","Colored Powertips","Custom Start","Highlight Path","Minty Spire (QoL Compilation)","Relic Stats"],"gold_per_floor":[109,109,127,146,146,146,178,253,329,345,359,19,19,30,30,106,106,123,135,154,154,154,154,186,186,267,18,29,45,45,78,78,155,155,166,216,228,75,75,108,108,108,108,136,151,11,27,62,62,62,62,62],"floor_reached":51,"language":"ENG","playtime":1732,"items_purged":["Defend_B"],"score":1475,"play_id":"99b3389e-8374-4c8d-92ac-914809ad9e10","local_time":"20210115010942","is_ascension_mode":true,"campfire_choices":[{"data":"Biased Cognition","floor":6,"key":"SMITH"},{"floor":15,"key":"REST"},{"floor":23,"key":"REST"},{"floor":25,"key":"REST"},{"floor":30,"key":"RECALL"},{"floor":32,"key":"REST"},{"floor":41,"key":"REST"},{"floor":49,"key":"REST"}],"circlet_count":0,"master_deck":["AscendersBane","Defend_B","Defend_B","Defend_B","Zap","Dualcast","Biased Cognition+1","Ball Lightning","Leap","Cold Snap","FTL","Steam","Coolheaded","Defragment","Hologram","Electrodynamics","Defragment","Self Repair","Coolheaded","Double Energy","All For One","Reinforced Body","Defragment+1","Capacitor+1","Core Surge","Leap+1","Fission","Storm+1","Defragment+1","Coolheaded","Self Repair+1","Stack"],"relics":["Cracked Core","Potion Belt","Eternal Feather","Matryoshka","Fusion Hammer","Pen Nib","Strawberry","Frozen Egg 2","ClockworkSouvenir","Pantograph","SacredBark","Omamori","Mercury Hourglass","Darkstone Periapt","MealTicket"],"acts_visited":["Exordium","TheCity","TheBeyond"],"potions_floor_usage":[16,16,16,16,24,29,33,47,48,50,50,51],"damage_taken":[{"damage":8,"enemies":"2 Louse","floor":1,"turns":2},{"damage":2,"enemies":"Jaw Worm","floor":3,"turns":2},{"damage":1,"enemies":"Cultist","floor":4,"turns":3},{"damage":24,"enemies":"3 Sentries","floor":7,"turns":9},{"damage":0,"enemies":"Looter","floor":10,"turns":2},{"damage":3,"enemies":"Exordium Wildlife","floor":11,"turns":2},{"damage":0,"enemies":"2 Fungi Beasts","floor":14,"turns":3},{"damage":4,"enemies":"The Guardian","floor":16,"turns":14},{"damage":0,"enemies":"Chosen","floor":18,"turns":5},{"damage":10,"enemies":"Shell Parasite","floor":19,"turns":4},{"damage":24,"enemies":"Snake Plant","floor":20,"turns":5},{"damage":29,"enemies":"Book of Stabbing","floor":24,"turns":8},{"damage":0,"enemies":"Chosen and Byrds","floor":28,"turns":7},{"damage":7,"enemies":"3 Cultists","floor":29,"turns":3},{"damage":54,"enemies":"Slavers","floor":31,"turns":4},{"damage":16,"enemies":"Champ","floor":33,"turns":18},{"damage":9,"enemies":"Orb Walker","floor":35,"turns":4},{"damage":29,"enemies":"3 Darklings","floor":37,"turns":3},{"damage":31,"enemies":"Giant Head","floor":40,"turns":10},{"damage":12,"enemies":"Nemesis","floor":44,"turns":7},{"damage":22,"enemies":"Writhing Mass","floor":45,"turns":4},{"damage":0,"enemies":"Sphere and 2 Shapes","floor":47,"turns":3},{"damage":36,"enemies":"Giant Head","floor":48,"turns":7},{"damage":33,"enemies":"Donu and Deca","floor":50,"turns":6},{"damage":70,"enemies":"Awakened One","floor":51,"turns":3}],"seed_played":"-2925577484627444560","potions_obtained":[{"floor":7,"key":"LiquidMemories"},{"floor":10,"key":"DuplicationPotion"},{"floor":11,"key":"SpeedPotion"},{"floor":14,"key":"Block Potion"},{"floor":19,"key":"LiquidMemories"},{"floor":24,"key":"Explosive Potion"},{"floor":31,"key":"Swift Potion"},{"floor":33,"key":"CultistPotion"},{"floor":35,"key":"GamblersBrew"},{"floor":37,"key":"DuplicationPotion"},{"floor":47,"key":"BlessingOfTheForge"}],"is_trial":false,"path_per_floor":["M","?","M","M","?","R","E","?","T","M","M","$","?","M","R","B",null,"M","M","M","?","?","R","E","R","T","$","M","M","R","E","R","B",null,"M","?","M","$","?","E","R","?","T","E","M","$","M","E","R","B","B"],"character_chosen":"DEFECT","items_purchased":["Defragment","Matryoshka","Defragment+1","ClockworkSouvenir","Storm+1","Self Repair+1","ColorlessPotion"],"campfire_rested":6,"item_purchase_floors":[12,12,27,27,38,46,46],"current_hp_per_floor":[56,56,54,53,46,46,22,11,11,11,8,8,8,8,36,32,56,56,46,22,35,35,64,42,64,71,71,71,64,71,24,60,62,69,67,67,45,45,45,21,56,56,56,51,36,36,53,34,67,41,0,0],"gold":62,"neow_bonus":"THREE_RARE_CARDS","is_daily":false,"chose_seed":false,"campfire_upgraded":1,"win_rate":0.0,"timestamp":1610665782,"path_taken":["M","?","M","M","?","R","E","?","T","M","M","$","?","M","R","BOSS","M","?","M","?","?","R","E","R","T","?","M","M","R","E","R","BOSS","M","?","?","$","?","E","R","?","T","E","M","$","M","E","R","BOSS","BOSS"],"items_purchased_type":["Card","Relic","Card","Relic","Card","Card","Potion"],"build_version":"2020-12-22","purchased_purges":1,"victory":false,"max_hp_per_floor":[64,64,64,64,64,64,64,64,64,64,64,64,64,64,64,64,64,64,64,64,64,64,64,64,64,71,71,71,71,71,71,71,71,71,71,71,71,71,67,67,67,67,67,67,67,67,67,67,67,67,67,67],"relic_stats":{"Darkstone Periapt":0,"counters":[25,138],"Pantograph":36,"Eternal Feather":88,"MealTicket":0,"Pen Nib":[5],"obtain_stats":[{"Potion Belt":7,"Darkstone Periapt":44,"SacredBark":34,"Eternal Feather":9,"Pen Nib":24,"Omamori":40,"Frozen Egg 2":26,"ClockworkSouvenir":27,"Mercury Hourglass":43,"Matryoshka":12,"Strawberry":26,"Pantograph":31,"MealTicket":48,"Fusion Hammer":17,"Cracked Core":0},{"Potion Belt":4,"Darkstone Periapt":20,"SacredBark":16,"Eternal Feather":4,"Pen Nib":12,"Omamori":19,"Frozen Egg 2":12,"ClockworkSouvenir":12,"Mercury Hourglass":19,"Matryoshka":6,"Strawberry":12,"Pantograph":15,"MealTicket":23,"Fusion Hammer":8,"Cracked Core":0},{"Potion Belt":16,"Darkstone Periapt":115,"SacredBark":91,"Eternal Feather":16,"Pen Nib":59,"Omamori":108,"Frozen Egg 2":59,"ClockworkSouvenir":59,"Mercury Hourglass":108,"Matryoshka":20,"Strawberry":59,"Pantograph":73,"MealTicket":129,"Fusion Hammer":37,"Cracked Core":0}],"Mercury Hourglass":[81]},"card_choices":[{"not_picked":["Reboot","Multi-Cast"],"picked":"Biased Cognition","floor":0},{"not_picked":["Turbo","Leap"],"picked":"Ball Lightning","floor":1},{"not_picked":["BootSequence","Gash"],"picked":"Leap","floor":3},{"not_picked":["Conserve Battery","Gash"],"picked":"Cold Snap","floor":4},{"not_picked":["Sunder","Beam Cell"],"picked":"FTL","floor":7},{"not_picked":["Tempest","Rebound"],"picked":"Steam","floor":10},{"not_picked":["Sweeping Beam","Steam Power"],"picked":"Coolheaded","floor":11},{"not_picked":["Turbo","Fusion"],"picked":"Hologram","floor":14},{"not_picked":["Hyperbeam","Buffer"],"picked":"Electrodynamics","floor":16},{"not_picked":["Conserve Battery","Barrage+1"],"picked":"Defragment","floor":18},{"not_picked":["Force Field","Gash"],"picked":"Self Repair","floor":19},{"not_picked":["Self Repair","Barrage"],"picked":"Coolheaded","floor":20},{"not_picked":["Compile Driver","Streamline"],"picked":"Reinforced Body","floor":24},{"not_picked":["Leap","Stack","Storm+1"],"picked":"SKIP","floor":28},{"not_picked":["Barrage","Compile Driver"],"picked":"Capacitor+1","floor":29},{"not_picked":["Sweeping Beam","Redo","Tempest"],"picked":"SKIP","floor":31},{"not_picked":["Meteor Strike","Reboot"],"picked":"Core Surge","floor":33},{"not_picked":["Melter+1","Ball Lightning"],"picked":"Leap+1","floor":35},{"not_picked":["Go for the Eyes","Steam+1"],"picked":"Fission","floor":37},{"not_picked":["Steam","Coolheaded"],"picked":"Defragment+1","floor":40},{"not_picked":["Blizzard+1","Coolheaded","Auto Shields"],"picked":"SKIP","floor":44},{"not_picked":["Coolheaded","Genetic Algorithm","Hyperbeam"],"picked":"SKIP","floor":45},{"not_picked":["Gash","Compile Driver"],"picked":"Stack","floor":47},{"not_picked":["Gash+1","Beam Cell","Turbo"],"picked":"SKIP","floor":48}],"player_experience":646817,"relics_obtained":[{"floor":7,"key":"Potion Belt"},{"floor":9,"key":"Eternal Feather"},{"floor":24,"key":"Pen Nib"},{"floor":26,"key":"Strawberry"},{"floor":26,"key":"Frozen Egg 2"},{"floor":31,"key":"Pantograph"},{"floor":40,"key":"Omamori"},{"floor":43,"key":"Mercury Hourglass"},{"floor":44,"key":"Darkstone Periapt"},{"floor":48,"key":"MealTicket"}],"event_choices":[{"damage_healed":0,"gold_gain":0,"player_choice":"Ignored","damage_taken":0,"max_hp_gain":0,"max_hp_loss":0,"event_name":"Liars Game","floor":2,"gold_loss":0},{"cards_removed":["Strike_B"],"damage_healed":0,"gold_gain":0,"player_choice":"Card Removal","damage_taken":7,"max_hp_gain":0,"max_hp_loss":0,"event_name":"Golden Wing","floor":5,"gold_loss":0},{"damage_healed":0,"gold_gain":75,"player_choice":"Gather Gold","damage_taken":11,"max_hp_gain":0,"max_hp_loss":0,"event_name":"World of Goop","floor":8,"gold_loss":0},{"cards_removed":["Strike_B"],"damage_healed":0,"gold_gain":0,"player_choice":"Purged","damage_taken":0,"max_hp_gain":0,"max_hp_loss":0,"event_name":"Purifier","floor":13,"gold_loss":0},{"damage_healed":13,"gold_gain":0,"player_choice":"Heal","damage_taken":0,"max_hp_gain":0,"max_hp_loss":0,"event_name":"The Library","floor":21,"gold_loss":0},{"damage_healed":0,"gold_gain":0,"cards_transformed":["Strike_B","Strike_B"],"player_choice":"Became Test Subject","damage_taken":0,"max_hp_gain":0,"max_hp_loss":0,"event_name":"Drug Dealer","floor":22,"gold_loss":0,"cards_obtained":["Double Energy","All For One"]},{"damage_healed":0,"gold_gain":50,"player_choice":"Pray","damage_taken":0,"max_hp_gain":0,"max_hp_loss":0,"event_name":"Golden Shrine","floor":36,"gold_loss":0},{"damage_healed":0,"gold_gain":0,"player_choice":"Max HP","damage_taken":0,"max_hp_gain":0,"max_hp_loss":4,"event_name":"Winding Halls","floor":39,"gold_loss":0},{"damage_healed":0,"gold_gain":0,"player_choice":"1 cards matched","damage_taken":0,"max_hp_gain":0,"max_hp_loss":0,"event_name":"Match and Keep!","floor":42,"gold_loss":0,"cards_obtained":["Coolheaded"]}],"is_beta":false,"boss_relics":[{"not_picked":["Coffee Dripper","Ectoplasm"],"picked":"Fusion Hammer"},{"not_picked":["Pandora\u0027s Box","Runic Dome"],"picked":"SacredBark"}],"items_purged_floors":[38],"is_endless":false,"potions_floor_spawned":[7,10,11,14,19,24,31,33,35,37,47],"killed_by":"Awakened One","ascension_level":20}}