{"host":"5h7tnviy6ct1qpjn","time":1610621788,"event":{"mods":["AchievementEnabler","BaseMod","BetterRewards","Colored Powertips","Minty Spire (QoL Compilation)","Shop Mod","StSLib"],"gold_per_floor":[112,112,112,127,142,168,168,184,235,40,40,115,115,34,34,133,133,153,103,68,68],"floor_reached":20,"language":"ENG","playtime":1138,"items_purged":["Strike_R"],"score":272,"play_id":"30e48e22-d070-4662-bec4-1c6cac039e41","local_time":"20210114115628","is_ascension_mode":false,"campfire_choices":[{"data":"Dual Wield","floor":7,"key":"SMITH"},{"floor":15,"key":"RECALL"}],"circlet_count":0,"master_deck":["Strike_R","Strike_R","Strike_R+1","Defend_R","Defend_R+1","Defend_R","Defend_R","Bash","Shrug It Off","Dual Wield+1","Pommel Strike","Clash","Infernal Blade","Demon Form","Spot Weakness","Madness","Limit Break","Ghostly Armor+1"],"relics":["Burning Blood","Orichalcum","Frozen Eye","Question Card","Ancient Tea Set","Mark of Pain"],"acts_visited":["Exordium","TheCity"],"potions_floor_usage":[6,16,16],"damage_taken":[{"damage":2,"enemies":"2 Louse","floor":1,"turns":5},{"damage":3,"enemies":"Jaw Worm","floor":4,"turns":4},{"damage":0,"enemies":"Small Slimes","floor":5,"turns":2},{"damage":25,"enemies":"3 Sentries","floor":6,"turns":12},{"damage":0,"enemies":"3 Louse","floor":8,"turns":5},{"damage":39,"enemies":"Slime Boss","floor":16,"turns":10},{"damage":18,"enemies":"Spheric Guardian","floor":18,"turns":5},{"damage":6,"enemies":"2 Thieves","floor":20,"turns":5}],"seed_played":"-4548025498260886506","potions_obtained":[{"floor":1,"key":"EssenceOfSteel"},{"floor":6,"key":"DistilledChaos"},{"floor":8,"key":"DistilledChaos"},{"floor":18,"key":"SteroidPotion"}],"is_trial":false,"path_per_floor":["M","?","?","M","M","E","R","M","T","$","?","?","?","$","R","B",null,"M","?","M"],"character_chosen":"IRONCLAD","items_purchased":["Shrug It Off","Orichalcum","Frozen Eye","Dual Wield","Demon Form","Spot Weakness","Madness"],"campfire_rested":0,"item_purchase_floors":[0,0,0,0,10,10,14],"current_hp_per_floor":[76,69,53,56,62,43,43,49,49,49,75,64,46,46,46,13,80,68,68,68,68],"gold":68,"neow_bonus":"","is_daily":false,"chose_seed":false,"campfire_upgraded":1,"win_rate":0.0,"timestamp":1610621788,"path_taken":["M","?","?","M","M","E","R","M","T","$","?","?","?","$","R","BOSS","M","?","M"],"items_purchased_type":["Card","Relic","Relic","Card","Card","Card","Card"],"build_version":"2020-12-22","purchased_purges":1,"victory":false,"max_hp_per_floor":[80,80,80,80,80,80,80,80,80,80,80,80,80,80,80,80,80,80,80,80,80],"card_choices":[{"not_picked":["Anger","Twin Strike"],"picked":"Pommel Strike","floor":1},{"not_picked":["Thunderclap","Pummel"],"picked":"Clash","floor":4},{"not_picked":["Clothesline","Body Slam","Second Wind"],"picked":"SKIP","floor":5},{"not_picked":["Havoc","True Grit","Sword Boomerang"],"picked":"SKIP","floor":6},{"not_picked":["Second Wind","Sentinel","Combust"],"picked":"Infernal Blade","floor":8},{"not_picked":["Fiend Fire","Reaper","Juggernaut"],"picked":"Limit Break","floor":16},{"not_picked":["Flame Barrier","Bloodletting","Seeing Red"],"picked":"Ghostly Armor+1","floor":18},{"not_picked":["Heavy Blade","Clothesline","Reckless Charge","Twin Strike"],"picked":"SKIP","floor":20}],"player_experience":75049,"relics_obtained":[{"floor":6,"key":"Question Card"}],"event_choices":[{"cards_removed":["Strike_R"],"damage_healed":0,"gold_gain":0,"player_choice":"Card Removal","damage_taken":7,"max_hp_gain":0,"max_hp_loss":0,"event_name":"Golden Wing","floor":2,"gold_loss":0},{"damage_healed":0,"gold_gain":0,"player_choice":"Entered Light","damage_taken":16,"max_hp_gain":0,"max_hp_loss":0,"event_name":"Shining Light","floor":3,"gold_loss":0,"cards_upgraded":["Defend_R","Strike_R"]},{"damage_healed":26,"gold_gain":0,"player_choice":"Banana","damage_taken":0,"max_hp_gain":0,"max_hp_loss":0,"event_name":"Big Fish","floor":11,"gold_loss":0},{"damage_healed":0,"gold_gain":75,"player_choice":"Gather Gold","damage_taken":11,"max_hp_gain":0,"max_hp_loss":0,"event_name":"World of Goop","floor":12,"gold_loss":0},{"damage_healed":0,"gold_gain":0,"player_choice":"Success","damage_taken":18,"relics_obtained":["Ancient Tea Set"],"max_hp_gain":0,"max_hp_loss":0,"event_name":"Scrap Ooze","floor":13,"gold_loss":0},{"damage_healed":0,"gold_gain":0,"player_choice":"Bet on Owner","damage_taken":0,"max_hp_gain":0,"max_hp_loss":0,"event_name":"The Joust","floor":19,"gold_loss":50}],"is_beta":false,"boss_relics":[{"not_picked":["SlaversCollar","Calling Bell"],"picked":"Mark of Pain"}],"items_purged_floors":[0],"is_endless":false,"potions_floor_spawned":[1,6,8,18],"killed_by":"2 Thieves","ascension_level":0}}