{"host":"lsq35p0sdkx2xifo","time":1610619011,"event":{"mods":["AchievementEnabler","BaseMod","Highlight Path","Minty Spire (QoL Compilation)","StSLib","The Senshi"],"gold_per_floor":[110,120,138,150,161,161,180,206,231,250,250,275,45,76,76,150,150,168,168,188,208,227,227,256,256,256,279,279,290,317,41,41,114,114,132,52,63,76,76,76,105,116,141,168,179,28,47,47,47,47,47,47,47,82,82],"floor_reached":56,"language":"ENG","playtime":7252,"items_purged":["Normality","Defend_G+1"],"score":1861,"play_id":"b1c7f685-2010-4399-acf6-ee2cc30e5ab6","local_time":"20210114021011","is_ascension_mode":true,"campfire_choices":[{"floor":6.0,"key":"REST"},{"floor":11.0,"key":"REST"},{"floor":15.0,"key":"REST"},{"data":"Envenom","floor":23.0,"key":"SMITH"},{"data":"Tools of the Trade","floor":25.0,"key":"SMITH"},{"floor":32.0,"key":"REST"},{"data":"After Image","floor":40.0,"key":"SMITH"},{"floor":49.0,"key":"RECALL"},{"floor":52.0,"key":"REST"}],"circlet_count":0,"master_deck":["AscendersBane","Strike_G+1","Strike_G+1","Strike_G+1","Strike_G+1","Strike_G+1","Defend_G+1","Defend_G+1","Defend_G+1","Defend_G+1","Survivor","Neutralize","Escape Plan","Backstab","Caltrops","Prepared","Caltrops","Dagger Throw","Eviscerate","PiercingWail","A Thousand Cuts","Tools of the Trade+1","Prepared","Envenom+1","Acrobatics","Cloak And Dagger","Escape Plan+1","Blur+1","Reflex+1","Underhanded Strike","After Image+1","CurseOfTheBell","Dagger Throw","Eviscerate","Backstab","Tactician+1","Phantasmal Killer+1","Apotheosis+1","Calculated Gamble+1","Writhe","Concentrate+1"],"relics":["Ring of the Snake","Tough Bandages","Toy Ornithopter","Ancient Tea Set","Odd Mushroom","Bag of Marbles","WristBlade","MealTicket","Toxic Egg 2","Lantern","Boot","TwistedFunnel","Calling Bell","theSenshi:SailorFukuRelic","The Courier","Gambling Chip","Bag of Preparation","Anchor","Pantograph"],"acts_visited":["Exordium","TheCity","TheBeyond","TheEnding"],"potions_floor_usage":[],"damage_taken":[{"damage":1.0,"enemies":"Small Slimes","floor":1.0,"turns":4.0},{"damage":5.0,"enemies":"2 Louse","floor":2.0,"turns":7.0},{"damage":9.0,"enemies":"Jaw Worm","floor":3.0,"turns":4.0},{"damage":4.0,"enemies":"Large Slime","floor":4.0,"turns":8.0},{"damage":11.0,"enemies":"3 Louse","floor":5.0,"turns":3.0},{"damage":5.0,"enemies":"2 Fungi Beasts","floor":7.0,"turns":4.0},{"damage":35.0,"enemies":"Lagavulin","floor":8.0,"turns":7.0},{"damage":0.0,"enemies":"Looter","floor":10.0,"turns":1.0},{"damage":2.0,"enemies":"The Mushroom Lair","floor":12.0,"turns":5.0},{"damage":30.0,"enemies":"Gremlin Nob","floor":14.0,"turns":4.0},{"damage":2.0,"enemies":"Hexaghost","floor":16.0,"turns":8.0},{"damage":5.0,"enemies":"3 Byrds","floor":18.0,"turns":4.0},{"damage":8.0,"enemies":"2 Thieves","floor":20.0,"turns":3.0},{"damage":6.0,"enemies":"Centurion and Healer","floor":21.0,"turns":5.0},{"damage":17.0,"enemies":"Snake Plant","floor":22.0,"turns":4.0},{"damage":8.0,"enemies":"Book of Stabbing","floor":24.0,"turns":4.0},{"damage":3.0,"enemies":"Shelled Parasite and Fungi","floor":29.0,"turns":3.0},{"damage":4.0,"enemies":"Gremlin Leader","floor":30.0,"turns":7.0},{"damage":45.0,"enemies":"Collector","floor":33.0,"turns":12.0},{"damage":0.0,"enemies":"3 Shapes","floor":35.0,"turns":4.0},{"damage":0.0,"enemies":"Orb Walker","floor":37.0,"turns":2.0},{"damage":0.0,"enemies":"3 Darklings","floor":38.0,"turns":4.0},{"damage":25.0,"enemies":"Nemesis","floor":41.0,"turns":7.0},{"damage":21.0,"enemies":"Maw","floor":42.0,"turns":6.0},{"damage":18.0,"enemies":"Reptomancer","floor":44.0,"turns":6.0},{"damage":3.0,"enemies":"Writhing Mass","floor":45.0,"turns":6.0},{"damage":0.0,"enemies":"Spire Growth","floor":47.0,"turns":4.0},{"damage":21.0,"enemies":"Time Eater","floor":50.0,"turns":12.0},{"damage":0,"enemies":"Shield and Spear","floor":54,"turns":5},{"damage":60,"enemies":"The Heart","floor":55,"turns":8}],"seed_played":"-1286261230566358823","potions_obtained":[{"floor":3.0,"key":"AttackPotion"},{"floor":4.0,"key":"SpeedPotion"},{"floor":7.0,"key":"Swift Potion"},{"floor":8.0,"key":"EssenceOfSteel"},{"floor":10.0,"key":"GhostInAJar"},{"floor":12.0,"key":"Strength Potion"},{"floor":18.0,"key":"Fruit Juice"},{"floor":20.0,"key":"FairyPotion"},{"floor":22.0,"key":"Energy Potion"},{"floor":29.0,"key":"FearPotion"},{"floor":33.0,"key":"Dexterity Potion"},{"floor":41.0,"key":"DuplicationPotion"},{"floor":47.0,"key":"AttackPotion"}],"is_trial":false,"path_per_floor":["M","M","M","M","M","R","M","E","T","M","R","?","$","E","R","B",null,"M","?","M","M","M","R","E","R","T","T","?","M","E","$","R","B",null,"M","$","M","M","$","R","E","M","T","E","M","$","M","?","R","B",null,"R","$","E","B",null],"character_chosen":"THE_SILENT","items_purchased":["Tools of the Trade","Reflex+1","Underhanded Strike","TwistedFunnel","Apotheosis+1"],"campfire_rested":5,"item_purchase_floors":[13,31,31,31,46],"current_hp_per_floor":[62,57,48,44,33,54,49,14,14,14,35,43,43,18,39,37,62,67,67,59,53,36,36,33,33,33,33,33,30,26,41,63,23,62,62,75,75,75,75,75,50,29,29,16,13,28,28,47,47,31,64,75,75,75,15],"gold":82,"neow_bonus":"ONE_RARE_RELIC","is_daily":false,"chose_seed":false,"campfire_upgraded":3,"win_rate":0.0,"timestamp":1610619011,"path_taken":["M","M","M","M","M","R","M","E","T","M","R","?","$","E","R","BOSS","M","?","M","M","M","R","E","R","T","?","?","M","E","$","R","BOSS","M","$","M","M","$","R","E","M","T","E","M","$","M","?","R","BOSS","R","$","E","BOSS"],"items_purchased_type":["Card","Card","Card","Relic","Card"],"build_version":"2020-12-22","purchased_purges":2,"victory":true,"max_hp_per_floor":[70,70,70,70,70,70,70,70,70,70,70,70,70,70,70,70,70,75,75,75,75,75,75,75,75,75,75,75,75,75,75,75,75,75,75,75,75,75,75,75,75,75,75,75,75,75,75,75,75,75,75,75,75,75,75],"card_choices":[{"not_picked":["PiercingWail","Distraction"],"picked":"Escape Plan","floor":1.0},{"not_picked":["Quick Slash","Prepared"],"picked":"Backstab","floor":2.0},{"not_picked":["Accuracy","Flying Knee"],"picked":"Caltrops","floor":3.0},{"not_picked":["Well Laid Plans","Malaise"],"picked":"Prepared","floor":4.0},{"not_picked":["Outmaneuver","Bane"],"picked":"Caltrops","floor":5.0},{"not_picked":["PiercingWail","Masterful Stab"],"picked":"Dagger Throw","floor":7.0},{"not_picked":["Dodge and Roll","Leg Sweep"],"picked":"Eviscerate","floor":8.0},{"not_picked":["Outmaneuver","Setup"],"picked":"PiercingWail","floor":10.0},{"not_picked":["Heel Hook","Concentrate"],"picked":"A Thousand Cuts","floor":12.0},{"not_picked":["Bane","Bouncing Flask"],"picked":"Prepared","floor":14.0},{"not_picked":["Phantasmal Killer","Glass Knife"],"picked":"Envenom","floor":16.0},{"not_picked":["Sucker Punch","Deadly Poison"],"picked":"Acrobatics","floor":18.0},{"not_picked":["Outmaneuver","Well Laid Plans","Choke"],"picked":"SKIP","floor":20.0},{"not_picked":["Distraction","Riddle With Holes"],"picked":"Cloak And Dagger","floor":21.0},{"not_picked":["Backflip","Accuracy","Deflect"],"picked":"SKIP","floor":22.0},{"not_picked":["Distraction","Setup","Deadly Poison"],"picked":"SKIP","floor":24.0},{"not_picked":["Bane","Accuracy"],"picked":"Escape Plan+1","floor":29.0},{"not_picked":["Bane","A Thousand Cuts"],"picked":"Blur+1","floor":30.0},{"not_picked":["Storm of Steel+1","Wraith Form v2"],"picked":"After Image","floor":33.0},{"not_picked":["Sucker Punch+1","Riddle With Holes"],"picked":"Dagger Throw","floor":35.0},{"not_picked":["Bane","PiercingWail+1"],"picked":"Eviscerate","floor":37.0},{"not_picked":["Bouncing Flask+1","Bane+1","Quick Slash"],"picked":"SKIP","floor":38.0},{"not_picked":["Dagger Spray","Accuracy"],"picked":"Backstab","floor":41.0},{"not_picked":["PiercingWail+1","Underhanded Strike"],"picked":"Tactician+1","floor":42.0},{"not_picked":["Deadly Poison+1","Flying Knee+1"],"picked":"Phantasmal Killer+1","floor":44.0},{"not_picked":["Flechettes+1","Infinite Blades","Dagger Throw"],"picked":"SKIP","floor":45.0},{"not_picked":["Caltrops","Heel Hook"],"picked":"Calculated Gamble+1","floor":47.0},{"not_picked":["Deadly Poison+1","Dagger Throw"],"picked":"Concentrate+1","floor":54}],"player_experience":1338372,"relics_obtained":[{"floor":8.0,"key":"Toy Ornithopter"},{"floor":9.0,"key":"Ancient Tea Set"},{"floor":12.0,"key":"Odd Mushroom"},{"floor":14.0,"key":"Bag of Marbles"},{"floor":24.0,"key":"MealTicket"},{"floor":26.0,"key":"Toxic Egg 2"},{"floor":30.0,"key":"Boot"},{"floor":34.0,"key":"theSenshi:SailorFukuRelic"},{"floor":34.0,"key":"The Courier"},{"floor":34.0,"key":"Gambling Chip"},{"floor":43.0,"key":"Bag of Preparation"},{"floor":44.0,"key":"Anchor"},{"floor":54,"key":"Pantograph"}],"event_choices":[{"damage_healed":0.0,"max_hp_gain":0.0,"max_hp_loss":0.0,"gold_gain":0.0,"event_name":"Mushrooms","player_choice":"Fought Mushrooms","floor":12.0,"gold_loss":0.0,"damage_taken":0.0},{"damage_healed":0.0,"max_hp_gain":0.0,"max_hp_loss":0.0,"gold_gain":0.0,"event_name":"Back to Basics","player_choice":"Simplicity","floor":19.0,"gold_loss":0.0,"damage_taken":0.0,"cards_upgraded":["Strike_G","Strike_G","Strike_G","Strike_G","Strike_G","Defend_G","Defend_G","Defend_G","Defend_G","Defend_G"]},{"damage_healed":0.0,"max_hp_gain":0.0,"max_hp_loss":0.0,"gold_gain":0.0,"event_name":"The Mausoleum","player_choice":"Opened","floor":28.0,"gold_loss":0.0,"damage_taken":0.0,"relics_obtained":["Lantern"]},{"damage_healed":19.0,"max_hp_gain":0.0,"max_hp_loss":0.0,"gold_gain":0.0,"event_name":"Winding Halls","player_choice":"Writhe","floor":48.0,"gold_loss":0.0,"damage_taken":0.0,"cards_obtained":["Writhe"]}],"is_beta":false,"boss_relics":[{"not_picked":["Pandora\u0027s Box","SacredBark"],"picked":"WristBlade"},{"not_picked":["Fusion Hammer","Velvet Choker"],"picked":"Calling Bell"}],"items_purged_floors":[13,36],"is_endless":false,"potions_floor_spawned":[3,4,7,8,10,12,18,20,22,29,33,35,38,41,47],"ascension_level":13}}