{"host":"jl3raagrljzztomj","time":1610588924,"event":{"mods":["Aspiration","BaseMod","BetterRewards","Colored Map","Colored Powertips","Custom Start","Hermit","Highlight Path","Minty Spire (QoL Compilation)","Permanent Neow","StSLib","SuperFastMode","The Runesmith"],"gold_per_floor":[110,110,128,153,169,169,169,169,192,212,250,250,263,286,286,410,410,424,424,424,424,439,439,439,439],"floor_reached":24,"language":"ENG","playtime":831,"items_purged":[],"score":196,"play_id":"300efbd8-196f-4850-a560-14a99e3cb765","local_time":"20210113194844","is_ascension_mode":false,"campfire_choices":[{"data":"hermit:Adapt","floor":6,"key":"SMITH"},{"data":"hermit:CursedWeapon","floor":8,"key":"SMITH"},{"floor":15,"key":"REST"},{"data":"hermit:BlackWind","floor":23,"key":"SMITH"}],"circlet_count":0,"master_deck":["hermit:Strike_Hermit","hermit:Strike_Hermit","hermit:Strike_Hermit","hermit:Strike_Hermit","hermit:Defend_Hermit","hermit:Defend_Hermit","hermit:Defend_Hermit","hermit:Defend_Hermit","hermit:Snapshot","hermit:Covet","hermit:Adapt+1","hermit:CursedWeapon+1","Injury","hermit:Gestalt","Regret","hermit:BlackWind+1"],"relics":["hermit:Momento","Golden Idol","Centennial Puzzle","Boot","Meat on the Bone","Juzu Bracelet","Philosopher\u0027s Stone","PrismaticShard","Eternal Feather"],"acts_visited":["Exordium","TheCity"],"potions_floor_usage":[11,18,18,18,24,24,24],"damage_taken":[{"damage":0,"enemies":"2 Louse","floor":1,"turns":2},{"damage":3,"enemies":"Jaw Worm","floor":3,"turns":4},{"damage":2,"enemies":"Small Slimes","floor":5,"turns":3},{"damage":7,"enemies":"Exordium Thugs","floor":10,"turns":3},{"damage":17,"enemies":"Gremlin Nob","floor":11,"turns":5},{"damage":2,"enemies":"Looter","floor":13,"turns":3},{"damage":2,"enemies":"2 Fungi Beasts","floor":14,"turns":3},{"damage":9,"enemies":"Slime Boss","floor":16,"turns":13},{"damage":23,"enemies":"3 Byrds","floor":18,"turns":5},{"damage":2,"enemies":"Spheric Guardian","floor":22,"turns":3},{"damage":55,"enemies":"Gremlin Leader","floor":24,"turns":6}],"seed_played":"1476666857872401105","potions_obtained":[{"floor":1,"key":"PowerPotion"},{"floor":3,"key":"EntropicBrew"},{"floor":5,"key":"PowerPotion"},{"floor":16,"key":"ColorlessPotion"}],"is_trial":false,"path_per_floor":["M","?","M","T","M","R","?","R","T","M","E","?","M","M","R","B",null,"M","?","?","T","M","R","E"],"character_chosen":"HERMIT","items_purchased":[],"campfire_rested":1,"item_purchase_floors":[],"current_hp_per_floor":[75,75,72,72,70,70,70,70,70,63,46,46,44,42,64,55,75,52,52,44,44,42,51,0,0],"gold":439,"neow_bonus":"ONE_RANDOM_RARE_CARD","is_daily":false,"chose_seed":false,"campfire_upgraded":3,"win_rate":0.0,"timestamp":1610588924,"path_taken":["M","?","M","?","M","R","?","R","T","?","E","?","M","M","R","BOSS","M","?","?","?","M","R","E"],"items_purchased_type":[],"build_version":"2020-12-22","purchased_purges":0,"victory":false,"max_hp_per_floor":[75,75,75,75,75,75,75,75,75,75,75,75,75,75,75,75,75,75,75,75,75,75,75,75,75],"card_choices":[{"not_picked":["hermit:Determination","hermit:Grudge"],"picked":"hermit:CursedWeapon","floor":1},{"not_picked":["hermit:Horror","hermit:Glare","hermit:SprayPray"],"picked":"SKIP","floor":3},{"not_picked":["hermit:Virtue","hermit:Dive","hermit:Manifest"],"picked":"SKIP","floor":5},{"not_picked":["hermit:Combo","hermit:HighCaliber","hermit:BodyArmor"],"picked":"SKIP","floor":10},{"not_picked":["hermit:FullyLoaded","hermit:EyeOfTheStorm"],"picked":"hermit:Gestalt","floor":11},{"not_picked":["hermit:Snipe","hermit:Headshot","hermit:LuckOfTheDraw"],"picked":"SKIP","floor":13},{"not_picked":["hermit:ShadowCloak","hermit:EyeOfTheStorm","hermit:Misfire"],"picked":"SKIP","floor":14},{"not_picked":["hermit:Magnum","hermit:Purgatory"],"picked":"hermit:BlackWind","floor":16},{"not_picked":["hermit:Misfire","hermit:Combo","hermit:Dive"],"picked":"SKIP","floor":18},{"not_picked":["Runesmith:EnergizedChisel","hermit:LowProfile","Runesmith:CraftMagma"],"picked":"SKIP","floor":22}],"player_experience":939014,"relics_obtained":[{"floor":4,"key":"Centennial Puzzle"},{"floor":9,"key":"Boot"},{"floor":11,"key":"Meat on the Bone"},{"floor":20,"key":"PrismaticShard"},{"floor":21,"key":"Eternal Feather"}],"event_choices":[{"damage_healed":0,"gold_gain":0,"player_choice":"Take Wound","damage_taken":0,"relics_obtained":["Golden Idol"],"max_hp_gain":0,"max_hp_loss":0,"event_name":"Golden Idol","floor":2,"gold_loss":0,"cards_obtained":["Injury"]},{"damage_healed":0,"gold_gain":0,"player_choice":"Got Potions","damage_taken":0,"max_hp_gain":0,"max_hp_loss":0,"event_name":"Lab","floor":7,"gold_loss":0},{"damage_healed":0,"gold_gain":0,"player_choice":"Box","damage_taken":0,"relics_obtained":["Juzu Bracelet"],"max_hp_gain":0,"max_hp_loss":0,"event_name":"Big Fish","floor":12,"gold_loss":0,"cards_obtained":["Regret"]},{"damage_healed":0,"gold_gain":0,"player_choice":"Ignored","damage_taken":0,"max_hp_gain":0,"max_hp_loss":0,"event_name":"Ghosts","floor":19,"gold_loss":0}],"is_beta":false,"boss_relics":[{"not_picked":["Pandora\u0027s Box","hermit:BartenderGlass"],"picked":"Philosopher\u0027s Stone"}],"items_purged_floors":[],"is_endless":false,"potions_floor_spawned":[1,3,5,16],"killed_by":"Gremlin Leader","ascension_level":0}}