{"host":"uonldg9uriwfhjjx","time":1610604731,"event":{"mods":["AchievementEnabler","BaseMod","Minty Spire (QoL Compilation)","Relic Stats","StSLib","The Cursed"],"gold_per_floor":[119,3,22,22,22,22,54,54,77,88,106,106,435,450,450,553,553,569,190,205,205,225,225,252,252,325,340,340,340,340,354,354,458,458,468,478,495,511,223,253,265,265,292,134,134,134,144,164,164,164],"floor_reached":51,"language":"ENG","playtime":11574,"items_purged":["TheCursedMod:Strike_TheCursed"],"score":734,"play_id":"8116e8d6-ca20-44ba-ba77-518cebd8da75","local_time":"20210114011211","is_ascension_mode":false,"campfire_choices":[{"data":"TheCursedMod:PrepareRite","floor":6,"key":"SMITH"},{"data":"TheCursedMod:CleanUpWorkshop","floor":8,"key":"SMITH"},{"data":"TheCursedMod:CircleOfBlood","floor":12,"key":"SMITH"},{"data":"TheCursedMod:CircleOfAmplification","floor":15,"key":"SMITH"},{"data":"TheCursedMod:FleshFromBone","floor":23,"key":"SMITH"},{"data":"TheCursedMod:CollectTribute","floor":32,"key":"SMITH"},{"data":"TheCursedMod:HellfireBreathing","floor":42,"key":"SMITH"},{"data":"TheCursedMod:CircleOfAmplification","floor":46,"key":"SMITH"},{"data":"TheCursedMod:HellsGateOpen","floor":49,"key":"SMITH"}],"circlet_count":0,"master_deck":["TheCursedMod:CursedWand","TheCursedMod:CleanUpWorkshop+1","TheCursedMod:Dregs","TheCursedMod:CircleOfBlood+1","TheCursedMod:PrepareRite+1","TheCursedMod:LuckyCharm","TheCursedMod:EmpowerCircles+1","TheCursedMod:CursedStaff","TheCursedMod:RapidMovement","TheCursedMod:SpitefulStrike","TheCursedMod:TroublousMinions","TheCursedMod:CircleOfAmplification+1","TheCursedMod:DemonicPact","TheCursedMod:FleshFromBone+1","TheCursedMod:SpitefulStrike","TheCursedMod:CollectTribute+1","TheCursedMod:Hemoplague+1","TheCursedMod:CollectTribute","TheCursedMod:SpitefulStrike","TheCursedMod:CursedSpellbook+1","TheCursedMod:CursedMace","TheCursedMod:CursedAmulet","TheCursedMod:Grudge+1","TheCursedMod:CircleOfAmplification+1","TheCursedMod:HellfireBreathing+1","TheCursedMod:CircleOfFocus+1","TheCursedMod:EmpowerCircles","TheCursedMod:Hemoplague+1","TheCursedMod:BlessingInDisguise+1","TheCursedMod:SpitefulPray","TheCursedMod:HellsGateOpen+1"],"relics":["TheCursedMod:BlackMagicAdvanced","NeowsBlessing","Pen Nib","Orichalcum","Old Coin","Du-Vu Doll","Toy Ornithopter","InkBottle","Meat on the Bone","MutagenicStrength","Kunai","Pandora\u0027s Box","Mercury Hourglass","War Paint","Anchor"],"acts_visited":["Exordium","TheCity","TheBeyond"],"potions_floor_usage":[24,40,40,50,50,50,50,50],"damage_taken":[{"damage":0,"enemies":"Cultist","floor":1,"turns":1},{"damage":0,"enemies":"2 Louse","floor":3,"turns":1},{"damage":0,"enemies":"Lagavulin","floor":7,"turns":1},{"damage":0,"enemies":"Small Slimes","floor":10,"turns":4},{"damage":8,"enemies":"3 Louse","floor":11,"turns":3},{"damage":20,"enemies":"3 Sentries","floor":13,"turns":9},{"damage":0,"enemies":"Looter","floor":14,"turns":3},{"damage":45,"enemies":"The Guardian","floor":16,"turns":17},{"damage":15,"enemies":"3 Byrds","floor":18,"turns":7},{"damage":0,"enemies":"Spheric Guardian","floor":20,"turns":3},{"damage":1,"enemies":"Snake Plant","floor":22,"turns":7},{"damage":62,"enemies":"Book of Stabbing","floor":24,"turns":8},{"damage":7,"enemies":"Centurion and Healer","floor":27,"turns":7},{"damage":0,"enemies":"Shelled Parasite and Fungi","floor":31,"turns":5},{"damage":5,"enemies":"Automaton","floor":33,"turns":13},{"damage":5,"enemies":"Orb Walker","floor":35,"turns":3},{"damage":18,"enemies":"3 Darklings","floor":36,"turns":8},{"damage":18,"enemies":"Jaw Worm Horde","floor":37,"turns":4},{"damage":49,"enemies":"Transient","floor":38,"turns":5},{"damage":0,"enemies":"Reptomancer","floor":40,"turns":4},{"damage":4,"enemies":"3 Darklings","floor":41,"turns":4},{"damage":7,"enemies":"Writhing Mass","floor":47,"turns":4},{"damage":1,"enemies":"4 Shapes","floor":48,"turns":4},{"damage":80,"enemies":"Donu and Deca","floor":50,"turns":11}],"seed_played":"6862883819008190569","potions_obtained":[{"floor":1,"key":"EntropicBrew"},{"floor":7,"key":"AttackPotion"},{"floor":11,"key":"Block Potion"},{"floor":24,"key":"AttackPotion"},{"floor":40,"key":"SneckoOil"},{"floor":41,"key":"SteroidPotion"}],"is_trial":false,"path_per_floor":["M","$","M","$","?","R","E","R","T","M","M","R","E","M","R","B",null,"M","$","M","?","M","R","E","$","T","M","?","?","T","M","R","B",null,"M","M","M","M","$","E","M","R","T","$","?","R","M","M","R","B",null],"character_chosen":"THE_CURSED","items_purchased":["TheCursedMod:PrepareRite","TheCursedMod:LuckyCharm","Du-Vu Doll","TheCursedMod:EmpowerCircles","Mercury Hourglass","TheCursedMod:SpitefulPray","TheCursedMod:HellsGateOpen"],"campfire_rested":0,"item_purchase_floors":[2,2,19,39,39,44,44],"current_hp_per_floor":[75,75,75,75,75,75,75,75,75,75,67,67,51,55,55,14,75,60,60,64,64,63,63,10,10,10,23,23,23,23,47,47,46,75,71,53,51,14,14,44,56,56,56,56,56,56,49,60,60,17],"gold":164,"neow_bonus":"THREE_ENEMY_KILL","is_daily":false,"chose_seed":false,"campfire_upgraded":9,"win_rate":0.0,"timestamp":1610604731,"path_taken":["M","$","?","?","?","R","E","R","T","?","M","R","E","M","R","BOSS","M","$","M","?","?","R","E","$","T","M","?","?","?","M","R","BOSS","M","?","M","M","$","E","M","R","T","?","?","R","?","M","R","BOSS"],"items_purchased_type":["Card","Card","Relic","Card","Relic","Card","Card"],"build_version":"2020-12-22","purchased_purges":1,"victory":true,"max_hp_per_floor":[75,75,75,75,75,75,75,75,75,75,75,75,75,75,75,75,75,75,75,75,75,75,75,75,75,75,75,75,75,75,75,75,75,75,75,75,75,75,75,75,75,75,75,75,75,75,75,75,75,75],"relic_stats":{"counters":[24,135],"Pandora\u0027s Box":["TheCursedMod:SpitefulStrike","TheCursedMod:CursedSpellbook","TheCursedMod:CursedMace","TheCursedMod:CursedAmulet","TheCursedMod:ShockAndAwe","TheCursedMod:Grudge","TheCursedMod:CircleOfAmplification"],"Pen Nib":[24],"Kunai":[22],"Orichalcum":[48],"War Paint":["TheCursedMod:CursedSpellbook","TheCursedMod:Grudge"],"obtain_stats":[{"TheCursedMod:BlackMagic101":0,"NeowsBlessing":0,"TheCursedMod:BlackMagicAdvanced":17,"Pen Nib":7,"Orichalcum":9,"War Paint":40,"Old Coin":13,"Mercury Hourglass":39,"Du-Vu Doll":19,"Anchor":43,"MutagenicStrength":28,"Pandora\u0027s Box":34,"Kunai":30,"Toy Ornithopter":21,"InkBottle":24,"Meat on the Bone":26},{"TheCursedMod:BlackMagic101":0,"NeowsBlessing":0,"TheCursedMod:BlackMagicAdvanced":8,"Pen Nib":3,"Orichalcum":3,"War Paint":20,"Old Coin":6,"Mercury Hourglass":19,"Du-Vu Doll":9,"Anchor":21,"MutagenicStrength":13,"Pandora\u0027s Box":15,"Kunai":13,"Toy Ornithopter":10,"InkBottle":12,"Meat on the Bone":12},{"TheCursedMod:BlackMagic101":0,"NeowsBlessing":0,"TheCursedMod:BlackMagicAdvanced":39,"Pen Nib":3,"Orichalcum":3,"War Paint":113,"Old Coin":19,"Mercury Hourglass":109,"Du-Vu Doll":46,"Anchor":117,"MutagenicStrength":71,"Pandora\u0027s Box":89,"Kunai":71,"Toy Ornithopter":49,"InkBottle":64,"Meat on the Bone":64}],"Toy Ornithopter":40,"InkBottle":[40],"Meat on the Bone":60,"Mercury Hourglass":[124]},"card_choices":[{"not_picked":["TheCursedMod:RavingStaff","TheCursedMod:WearCloak"],"picked":"TheCursedMod:CircleOfBlood","floor":1},{"not_picked":["TheCursedMod:ReleasedStrength","TheCursedMod:TacticalStrike"],"picked":"TheCursedMod:EmpowerCircles","floor":3},{"not_picked":["TheCursedMod:CursedMace","TheCursedMod:HellfireBreathing"],"picked":"TheCursedMod:CursedStaff","floor":7},{"not_picked":["TheCursedMod:ManaBullet","TheCursedMod:Torture"],"picked":"TheCursedMod:RapidMovement","floor":10},{"not_picked":["TheCursedMod:Stigma","TheCursedMod:LuckyCharm"],"picked":"TheCursedMod:SpitefulStrike","floor":11},{"not_picked":["TheCursedMod:DarkBarrier","TheCursedMod:SpitefulStrike"],"picked":"TheCursedMod:TroublousMinions","floor":13},{"not_picked":["TheCursedMod:SoulReap","TheCursedMod:Torture"],"picked":"TheCursedMod:CircleOfAmplification","floor":14},{"not_picked":["TheCursedMod:CollectTribute","TheCursedMod:ParallelWorld"],"picked":"TheCursedMod:DemonicPact","floor":16},{"not_picked":["TheCursedMod:CircleOfFlame","TheCursedMod:VitalStrike","TheCursedMod:AbyssShockwave"],"picked":"SKIP","floor":18},{"not_picked":["TheCursedMod:VitalStrike","TheCursedMod:StingEye"],"picked":"TheCursedMod:FleshFromBone","floor":20},{"not_picked":["TheCursedMod:LuckyCharm","TheCursedMod:Wield"],"picked":"TheCursedMod:SpitefulStrike","floor":22},{"not_picked":["TheCursedMod:CircleOfFlame+1","TheCursedMod:VitalStrike"],"picked":"TheCursedMod:CollectTribute","floor":24},{"not_picked":["TheCursedMod:CursedMace","TheCursedMod:CircleOfCorruption"],"picked":"TheCursedMod:Hemoplague+1","floor":27},{"not_picked":["TheCursedMod:FuryStrike","TheCursedMod:Torture","TheCursedMod:RavingStaff"],"picked":"SKIP","floor":31},{"not_picked":["TheCursedMod:ManaCirculation","TheCursedMod:UltimatePain"],"picked":"TheCursedMod:CollectTribute","floor":33},{"not_picked":["TheCursedMod:EmpowerCircles","TheCursedMod:Stretching+1","TheCursedMod:PrepareRite"],"picked":"SKIP","floor":35},{"not_picked":["TheCursedMod:FuryStrike+1","TheCursedMod:Stretching"],"picked":"TheCursedMod:HellfireBreathing","floor":36},{"not_picked":["TheCursedMod:Stretching","TheCursedMod:LuckyCharm+1","TheCursedMod:DoubleShield"],"picked":"SKIP","floor":37},{"not_picked":["TheCursedMod:RapidMovement+1","TheCursedMod:CircleOfAmplification+1"],"picked":"TheCursedMod:CircleOfFocus+1","floor":38},{"not_picked":["TheCursedMod:RapidMovement","TheCursedMod:CursedStaff+1"],"picked":"TheCursedMod:Hemoplague+1","floor":40},{"not_picked":["TheCursedMod:WearCloak+1","TheCursedMod:CircleOfWindfury"],"picked":"TheCursedMod:BlessingInDisguise+1","floor":41},{"not_picked":["TheCursedMod:TacticalStrike+1","TheCursedMod:ShockAndAwe","TheCursedMod:CursedShiv"],"picked":"SKIP","floor":47},{"not_picked":["TheCursedMod:CursedArmor+1","TheCursedMod:SoulReap+1","TheCursedMod:Obscuration"],"picked":"SKIP","floor":48}],"player_experience":771908,"relics_obtained":[{"floor":7,"key":"Pen Nib"},{"floor":9,"key":"Orichalcum"},{"floor":13,"key":"Old Coin"},{"floor":21,"key":"Toy Ornithopter"},{"floor":24,"key":"InkBottle"},{"floor":26,"key":"Meat on the Bone"},{"floor":30,"key":"Kunai"},{"floor":40,"key":"War Paint"},{"floor":43,"key":"Anchor"}],"event_choices":[{"damage_healed":0,"gold_gain":0,"player_choice":"Forge","damage_taken":0,"max_hp_gain":0,"max_hp_loss":0,"event_name":"Accursed Blacksmith","floor":5,"gold_loss":0,"cards_upgraded":["TheCursedMod:EmpowerCircles"]},{"damage_healed":0,"gold_gain":0,"player_choice":"Relic","damage_taken":0,"max_hp_gain":0,"max_hp_loss":0,"event_name":"Wheel of Change","floor":21,"gold_loss":0},{"damage_healed":0,"gold_gain":0,"player_choice":"Inject Mutagens","damage_taken":0,"relics_obtained":["MutagenicStrength"],"max_hp_gain":0,"max_hp_loss":0,"event_name":"Drug Dealer","floor":28,"gold_loss":0},{"damage_healed":0,"gold_gain":0,"player_choice":"Simplicity","damage_taken":0,"max_hp_gain":0,"max_hp_loss":0,"event_name":"Back to Basics","floor":29,"gold_loss":0,"cards_upgraded":["TheCursedMod:Strike_TheCursed","TheCursedMod:Strike_TheCursed","TheCursedMod:Strike_TheCursed","TheCursedMod:Defend_TheCursed","TheCursedMod:Defend_TheCursed","TheCursedMod:Defend_TheCursed","TheCursedMod:Defend_TheCursed"]},{"cards_removed":["TheCursedMod:ShockAndAwe"],"damage_healed":0,"gold_gain":0,"player_choice":"Removed Attack","damage_taken":0,"max_hp_gain":0,"max_hp_loss":0,"event_name":"Falling","floor":45,"gold_loss":0}],"is_beta":false,"boss_relics":[{"not_picked":["SacredBark","Snecko Eye"],"picked":"TheCursedMod:BlackMagicAdvanced"},{"not_picked":["Velvet Choker","Fusion Hammer"],"picked":"Pandora\u0027s Box"}],"items_purged_floors":[19],"is_endless":false,"potions_floor_spawned":[1,7,11,13,18,24,31,33,36,38,40,41,48],"ascension_level":0}}