{"host":"yn1175etg9ni8l0q","time":1610631098,"event":{"mods":["AchievementEnabler","BaseMod","Colored Map","Colored Powertips","DeckTracker","Minty Spire (QoL Compilation)","Rare Cards Sparkle","Relic Stats","SuperFastMode","everything is the same but u backflip on backflip"],"gold_per_floor":[115,134,152,162,87,87,105,134,134,146,146,146,46,57,57,160,160,177,92,106,106,119,139,159,159,182,192,192,192,44,59,59,161,161,172,172,186,205,215,215,226,226,226,246,278,293,293,293,293,293,293],"floor_reached":50,"language":"KOR","playtime":1570,"items_purged":["Strike_G","Strike_G"],"score":507,"play_id":"77018a0e-1360-4bab-a893-f5c3b122fe5b","local_time":"20210114223138","is_ascension_mode":false,"campfire_choices":[{"data":"Neutralize","floor":6.0,"key":"SMITH"},{"floor":11.0,"key":"REST"},{"floor":15.0,"key":"REST"},{"floor":29.0,"key":"REST"},{"floor":32.0,"key":"REST"},{"data":"Wraith Form v2","floor":40.0,"key":"SMITH"},{"data":"Wraith Form v2","floor":42.0,"key":"SMITH"},{"data":"Blade Dance","floor":47.0,"key":"SMITH"},{"floor":49.0,"key":"RECALL"}],"circlet_count":0,"master_deck":["Defend_G","Defend_G","Survivor","Neutralize+1","Dagger Throw+1","Riddle With Holes","Deflect","Backflip","Wraith Form v2+1","Masterful Stab+1","Heel Hook","Blade Dance+1","All Out Attack+1","Cloak And Dagger+1","Blade Dance+1","Accuracy","Cloak And Dagger+1","Wraith Form v2+1","Malaise+1","Bullet Time+1","Phantasmal Killer+1","PiercingWail","Defend_G","Blade Dance+1","Calculated Gamble+1"],"relics":["Ring of the Snake","Shuriken","Nunchaku","Empty Cage","PreservedInsect","FossilizedHelix","Whetstone","Matryoshka","Orrery","Astrolabe","Akabeko","Snake Skull"],"acts_visited":["Exordium","TheCity","TheBeyond"],"potions_floor_usage":[50,50,50],"damage_taken":[{"damage":0.0,"enemies":"Cultist","floor":1.0,"turns":5.0},{"damage":4.0,"enemies":"Jaw Worm","floor":2.0,"turns":8.0},{"damage":4.0,"enemies":"2 Louse","floor":3.0,"turns":3.0},{"damage":3.0,"enemies":"Gremlin Gang","floor":4.0,"turns":7.0},{"damage":22.0,"enemies":"Exordium Thugs","floor":7.0,"turns":8.0},{"damage":13.0,"enemies":"Lagavulin","floor":8.0,"turns":5.0},{"damage":13.0,"enemies":"Lots of Slimes","floor":10.0,"turns":6.0},{"damage":3.0,"enemies":"Exordium Wildlife","floor":14.0,"turns":4.0},{"damage":10.0,"enemies":"The Guardian","floor":16.0,"turns":10.0},{"damage":25.0,"enemies":"Chosen","floor":18.0,"turns":5.0},{"damage":17.0,"enemies":"Spheric Guardian","floor":20.0,"turns":5.0},{"damage":12.0,"enemies":"Snake Plant","floor":22.0,"turns":4.0},{"damage":20.0,"enemies":"3 Cultists","floor":23.0,"turns":6.0},{"damage":0.0,"enemies":"Snecko","floor":24.0,"turns":3.0},{"damage":2.0,"enemies":"Sentry and Sphere","floor":27.0,"turns":4.0},{"damage":0.0,"enemies":"3 Cultists","floor":31.0,"turns":3.0},{"damage":46.0,"enemies":"Automaton","floor":33.0,"turns":8.0},{"damage":8.0,"enemies":"3 Darklings","floor":35.0,"turns":7.0},{"damage":3.0,"enemies":"3 Shapes","floor":37.0,"turns":6.0},{"damage":0.0,"enemies":"Jaw Worm Horde","floor":38.0,"turns":3.0},{"damage":0.0,"enemies":"3 Darklings","floor":39.0,"turns":3.0},{"damage":0.0,"enemies":"Writhing Mass","floor":41.0,"turns":4.0},{"damage":0.0,"enemies":"Transient","floor":44.0,"turns":5.0},{"damage":0.0,"enemies":"Giant Head","floor":45.0,"turns":5.0},{"damage":0.0,"enemies":"4 Shapes","floor":46.0,"turns":5.0},{"damage":60,"enemies":"Awakened One","floor":50,"turns":7}],"seed_played":"-3575574043291519977","potions_obtained":[{"floor":0.0,"key":"SpeedPotion"},{"floor":0.0,"key":"Ancient Potion"},{"floor":0.0,"key":"Regen Potion"},{"floor":2.0,"key":"LiquidMemories"},{"floor":8.0,"key":"Weak Potion"},{"floor":24.0,"key":"SneckoOil"},{"floor":33.0,"key":"Swift Potion"},{"floor":39.0,"key":"FearPotion"}],"is_trial":false,"path_per_floor":["M","M","M","M","$","R","M","E","T","M","R","?","$","M","R","B",null,"M","?","M","?","M","M","M","T","T","M","T","R","$","M","R","B",null,"M","?","M","M","M","R","M","R","T","M","E","M","R","?","R","B"],"character_chosen":"THE_SILENT","items_purchased":["Orrery"],"campfire_rested":4,"item_purchase_floors":[30],"current_hp_per_floor":[70,66,62,59,59,59,37,24,24,11,32,25,25,22,43,33,70,45,45,28,28,16,8,8,8,8,6,6,27,27,27,48,2,70,62,62,59,59,59,59,59,59,59,59,59,59,59,59,59,0,0],"gold":293,"neow_bonus":"THREE_SMALL_POTIONS","is_daily":false,"chose_seed":false,"campfire_upgraded":4,"win_rate":0.0,"timestamp":1610631098,"path_taken":["M","M","M","M","?","R","M","E","T","M","R","?","$","M","R","BOSS","M","?","M","?","M","?","M","?","T","?","?","R","$","M","R","BOSS","M","?","?","M","M","R","M","R","T","M","E","M","R","?","R","BOSS"],"items_purchased_type":["Relic"],"build_version":"2020-12-22","purchased_purges":2,"victory":false,"max_hp_per_floor":[70,70,70,70,70,70,70,70,70,70,70,70,70,70,70,70,70,70,70,70,70,70,70,70,70,70,70,70,70,70,70,70,70,70,70,70,70,70,70,70,70,70,70,70,70,70,70,70,70,70,70],"relic_stats":{"Nunchaku":[33],"counters":[26,139],"Shuriken":[74],"Astrolabe":["Malaise","Bullet Time","Phantasmal Killer"],"PreservedInsect":125,"Snake Skull":[0],"Whetstone":["Masterful Stab","Dagger Throw"],"obtain_stats":[{"Nunchaku":9,"Matryoshka":28,"Shuriken":8,"Astrolabe":34,"Orrery":30,"PreservedInsect":19,"Snake Skull":45,"Whetstone":26,"Empty Cage":17,"FossilizedHelix":25,"Akabeko":43,"Ring of the Snake":0},{"Nunchaku":6,"Matryoshka":15,"Shuriken":6,"Astrolabe":17,"Orrery":15,"PreservedInsect":10,"Snake Skull":24,"Whetstone":14,"Empty Cage":9,"FossilizedHelix":14,"Akabeko":22,"Ring of the Snake":0},{"Nunchaku":36,"Matryoshka":83,"Shuriken":36,"Astrolabe":94,"Orrery":83,"PreservedInsect":61,"Snake Skull":127,"Whetstone":79,"Empty Cage":56,"FossilizedHelix":79,"Akabeko":117,"Ring of the Snake":0}],"Ring of the Snake":[52]},"card_choices":[{"not_picked":["Outmaneuver","Concentrate","Prepared"],"picked":"SKIP","floor":1.0},{"not_picked":["Quick Slash","Prepared"],"picked":"Dagger Throw","floor":2.0},{"not_picked":["Deflect","Dodge and Roll"],"picked":"Riddle With Holes","floor":3.0},{"not_picked":["Deadly Poison","Sucker Punch","Flechettes"],"picked":"SKIP","floor":4.0},{"not_picked":["Escape Plan","Footwork"],"picked":"Bouncing Flask","floor":7.0},{"not_picked":["Prepared","Dash","Dodge and Roll"],"picked":"SKIP","floor":8.0},{"not_picked":["Distraction","Caltrops"],"picked":"Deflect","floor":10.0},{"not_picked":["Slice","Outmaneuver"],"picked":"Backflip","floor":14.0},{"not_picked":["Grand Finale","Bullet Time"],"picked":"Wraith Form v2","floor":16.0},{"not_picked":["Dodge and Roll","PiercingWail+1"],"picked":"Masterful Stab","floor":18.0},{"not_picked":["Leg Sweep","Heel Hook","Underhanded Strike"],"picked":"SKIP","floor":20.0},{"not_picked":["Leg Sweep","Heel Hook","Underhanded Strike"],"picked":"SKIP","floor":20.0},{"not_picked":["All Out Attack","Quick Slash"],"picked":"Blade Dance","floor":22.0},{"not_picked":["Quick Slash+1","Backflip","Underhanded Strike"],"picked":"SKIP","floor":23.0},{"not_picked":["Predator","Dodge and Roll"],"picked":"All Out Attack+1","floor":24.0},{"not_picked":["Crippling Poison","Slice","Heel Hook"],"picked":"SKIP","floor":27.0},{"not_picked":["Bane","Wraith Form v2"],"picked":"Cloak And Dagger+1","floor":30.0},{"not_picked":["Cloak And Dagger","Burst"],"picked":"Blade Dance+1","floor":30.0},{"not_picked":["Outmaneuver","Flechettes"],"picked":"Accuracy","floor":30.0},{"not_picked":["Eviscerate+1","Outmaneuver"],"picked":"Cloak And Dagger+1","floor":31.0},{"not_picked":["Grand Finale","Tools of the Trade"],"picked":"Wraith Form v2","floor":33.0},{"not_picked":["Dash","Prepared"],"picked":"PiercingWail","floor":35.0},{"not_picked":["Poisoned Stab+1","Choke+1"],"picked":"Blade Dance+1","floor":37.0},{"not_picked":["Crippling Poison","Noxious Fumes+1","Quick Slash"],"picked":"SKIP","floor":38.0},{"not_picked":["Backstab","Dagger Throw+1","Dagger Spray+1"],"picked":"SKIP","floor":39.0},{"not_picked":["PiercingWail","Reflex+1","Crippling Poison+1"],"picked":"SKIP","floor":41.0},{"not_picked":["Quick Slash+1","Noxious Fumes+1"],"picked":"Calculated Gamble+1","floor":44.0},{"not_picked":["Backstab","Slice+1","Grand Finale"],"picked":"SKIP","floor":45.0},{"not_picked":["Setup","Blur","Dodge and Roll"],"picked":"SKIP","floor":46.0}],"player_experience":329141,"relics_obtained":[{"floor":8.0,"key":"Shuriken"},{"floor":9.0,"key":"Nunchaku"},{"floor":25.0,"key":"FossilizedHelix"},{"floor":26.0,"key":"Whetstone"},{"floor":28.0,"key":"Matryoshka"},{"floor":43.0,"key":"Akabeko"},{"floor":45.0,"key":"Snake Skull"}],"event_choices":[{"damage_healed":0.0,"max_hp_gain":0.0,"max_hp_loss":0.0,"gold_gain":0.0,"event_name":"Wheel of Change","player_choice":"Damaged","floor":12.0,"gold_loss":0.0,"damage_taken":7.0},{"damage_healed":0.0,"max_hp_gain":0.0,"max_hp_loss":0.0,"gold_gain":0.0,"event_name":"Addict","player_choice":"Obtained Relic","floor":19.0,"gold_loss":85.0,"damage_taken":0.0,"relics_obtained":["PreservedInsect"]},{"damage_healed":0.0,"max_hp_gain":0.0,"max_hp_loss":0.0,"gold_gain":0.0,"cards_transformed":["Defend_G"],"event_name":"Transmorgrifier","player_choice":"Transformed","floor":21.0,"gold_loss":0.0,"damage_taken":0.0,"cards_obtained":["Heel Hook"]},{"cards_removed":["Bouncing Flask"],"damage_healed":0.0,"max_hp_gain":0.0,"max_hp_loss":0.0,"gold_gain":0.0,"event_name":"NoteForYourself","player_choice":"Took Card","floor":36.0,"gold_loss":0.0,"damage_taken":0.0,"cards_obtained":["Defend_G"]},{"damage_healed":0.0,"max_hp_gain":0.0,"max_hp_loss":0.0,"gold_gain":0.0,"event_name":"Tomb of Lord Red Mask","player_choice":"Ignored","floor":48.0,"gold_loss":0.0,"damage_taken":0.0}],"is_beta":false,"boss_relics":[{"not_picked":["Runic Pyramid","Velvet Choker"],"picked":"Empty Cage"},{"not_picked":["Coffee Dripper","Fusion Hammer"],"picked":"Astrolabe"}],"items_purged_floors":[5,13],"is_endless":false,"potions_floor_spawned":[2,8,14,16,22,24,33,39,41,45,46],"killed_by":"Awakened One","ascension_level":0}}