{"host":"h4lp0eeso8a0ssq0","time":1610589466,"event":{"mods":["2.2 Compatiblity","BaseMod","CapriCore","Colored Map","Hermit","Minty Spire (QoL Compilation)","StSLib","SuperFastMode","The Cursed","The Hierophant"],"gold_per_floor":[118,118,132,144,158,158,171,205,205,205,225,244,244,264,264,359,359,377,387,412,53,71,71,71],"floor_reached":23,"language":"KOR","playtime":1394,"items_purged":["Strike_B"],"score":197,"play_id":"6090350c-264a-4643-aab6-1c8bda97df09","local_time":"20210114105746","is_ascension_mode":false,"campfire_choices":[{"data":"Capacitor","floor":6.0,"key":"SMITH"},{"data":"1","floor":10.0,"key":"LIFT"},{"data":"2","floor":13.0,"key":"LIFT"},{"data":"Zap","floor":15.0,"key":"SMITH"}],"circlet_count":0,"master_deck":["Strike_B","Strike_B","Strike_B","Defend_B","Defend_B","Defend_B","Defend_B","Zap+1","Dualcast","Glacier","Capacitor+1","Sweeping Beam","Coolheaded","Streamline","Melter","Compile Driver","FTL","Electrodynamics","Heatsinks","Loop","FTL","Static Discharge","Heatsinks"],"relics":["Cracked Core","Strawberry","Lizard Tail","Girya","Inserter","Red Mask","HornCleat"],"acts_visited":["Exordium","TheCity"],"potions_floor_usage":[22,22,23],"damage_taken":[{"damage":0.0,"enemies":"2 Louse","floor":1.0,"turns":3.0},{"damage":1.0,"enemies":"Cultist","floor":3.0,"turns":3.0},{"damage":1.0,"enemies":"Jaw Worm","floor":4.0,"turns":5.0},{"damage":5.0,"enemies":"Exordium Wildlife","floor":5.0,"turns":5.0},{"damage":15.0,"enemies":"Blue Slaver","floor":7.0,"turns":5.0},{"damage":19.0,"enemies":"Gremlin Nob","floor":8.0,"turns":4.0},{"damage":15.0,"enemies":"Exordium Thugs","floor":11.0,"turns":5.0},{"damage":4.0,"enemies":"Large Slime","floor":12.0,"turns":6.0},{"damage":12.0,"enemies":"2 Fungi Beasts","floor":14.0,"turns":3.0},{"damage":16.0,"enemies":"Hexaghost","floor":16.0,"turns":10.0},{"damage":10,"enemies":"Chosen","floor":18,"turns":4},{"damage":28,"enemies":"3 Byrds","floor":19,"turns":4},{"damage":25,"enemies":"Masked Bandits","floor":20,"turns":3},{"damage":19,"enemies":"Cultist and Chosen","floor":22,"turns":6},{"damage":0,"enemies":"Slavers","floor":23,"turns":1}],"seed_played":"465997801527817854","potions_obtained":[{"floor":1.0,"key":"Dexterity Potion"},{"floor":8.0,"key":"SteroidPotion"},{"floor":12.0,"key":"Energy Potion"},{"floor":14.0,"key":"SpeedPotion"},{"floor":16.0,"key":"LiquidMemories"},{"floor":19,"key":"DistilledChaos"},{"floor":22,"key":"BlessingOfTheForge"}],"is_trial":false,"path_per_floor":["M","?","M","M","M","R","M","E","T","R","M","M","R","M","R","B",null,"M","M","?","$","M","E"],"character_chosen":"DEFECT","items_purchased":["Static Discharge","HornCleat"],"campfire_rested":0,"item_purchase_floors":[21,21],"current_hp_per_floor":[82,89,88,87,82,82,67,48,48,48,33,29,29,17,17,1,89,79,51,26,26,7,7,7],"gold":71,"neow_bonus":"TEN_PERCENT_HP_BONUS","is_daily":false,"chose_seed":false,"campfire_upgraded":2,"win_rate":0.0,"timestamp":1610589466,"path_taken":["M","?","M","M","M","R","?","E","T","R","M","M","R","?","R","BOSS","M","M","?","$","M","E"],"items_purchased_type":["Card","Relic"],"build_version":"2020-12-22","purchased_purges":1,"victory":false,"max_hp_per_floor":[82,89,89,89,89,89,89,89,89,89,89,89,89,89,89,89,89,89,89,89,89,89,89,89],"card_choices":[{"not_picked":["Rebound","Steam"],"picked":"Glacier","floor":1.0},{"not_picked":["Sweeping Beam","Steam"],"picked":"Capacitor","floor":3.0},{"not_picked":["Core Surge","Gash"],"picked":"Sweeping Beam","floor":4.0},{"not_picked":["Turbo","Barrage"],"picked":"Coolheaded","floor":5.0},{"not_picked":["Cold Snap","Scrape"],"picked":"Streamline","floor":7.0},{"not_picked":["Gash","All For One"],"picked":"Melter","floor":8.0},{"not_picked":["Force Field","Undo"],"picked":"Compile Driver","floor":11.0},{"not_picked":["Stack","Rip and Tear","Hologram"],"picked":"SKIP","floor":12.0},{"not_picked":["Stack","Compile Driver"],"picked":"FTL","floor":14.0},{"not_picked":["All For One","Fission"],"picked":"Electrodynamics","floor":16.0},{"not_picked":["Steam","Compile Driver"],"picked":"Heatsinks","floor":18},{"not_picked":["Compile Driver","Rebound"],"picked":"Loop","floor":19},{"not_picked":["Stack","Undo"],"picked":"FTL","floor":20},{"not_picked":["Recycle","Sweeping Beam+1"],"picked":"Heatsinks","floor":22}],"player_experience":24598,"relics_obtained":[{"floor":8.0,"key":"Lizard Tail"},{"floor":9.0,"key":"Girya"},{"floor":20,"key":"Red Mask"}],"event_choices":[{"damage_healed":0.0,"max_hp_gain":0.0,"max_hp_loss":0.0,"gold_gain":0.0,"event_name":"WeMeetAgain","player_choice":"Gave Potion","floor":2.0,"gold_loss":0.0,"damage_taken":0.0,"relics_obtained":["Strawberry"]},{"damage_healed":0,"gold_gain":0,"player_choice":"Fought Bandits","damage_taken":0,"max_hp_gain":0,"max_hp_loss":0,"event_name":"Masked Bandits","floor":20,"gold_loss":0}],"is_beta":false,"boss_relics":[{"not_picked":["Astrolabe","Pandora\u0027s Box"],"picked":"Inserter"}],"items_purged_floors":[21],"is_endless":false,"potions_floor_spawned":[1,8,12,14,16,19,22],"killed_by":"Slavers","ascension_level":0}}