{"host":"dztixnx9b0gu6w9i","time":1610664640,"event":{"mods":["BaseMod","Bestiary","Minty Spire (QoL Compilation)","Relic Stats","Slay the Relics Exporter","SpireBot","ojb\u0027s Better Paths Mod","ojb\u0027s Info Mod"],"gold_per_floor":[116,116,136,136,154,187,187,227,227,265,265,12,32,32,32,125,125,146,146,146,146,146,190,190,225,293,336,336,113,113,129,129,222,222,235,255,319,319,183,522,542,576,603,603,603,636,251,275,275,275,275,275,275,16,52,52],"floor_reached":57,"language":"ENG","playtime":6851,"items_purged":["Rip and Tear","Bite+1"],"score":3370,"play_id":"b77a66d1-1d17-49fd-8ec9-2d1d3a112bf8","local_time":"20210114175040","is_ascension_mode":true,"campfire_choices":[{"data":"Barrage","floor":7.0,"key":"SMITH"},{"data":"Chaos","floor":11.0,"key":"SMITH"},{"data":"Hologram","floor":15.0,"key":"SMITH"},{"data":"Electrodynamics","floor":24.0,"key":"SMITH"},{"data":"Aggregate","floor":28.0,"key":"SMITH"},{"data":"Ghostly","floor":30.0,"key":"SMITH"},{"data":"Conserve Battery","floor":32.0,"key":"SMITH"},{"floor":44,"key":"RECALL"}],"circlet_count":0,"master_deck":["AscendersBane","Defend_B","Defend_B","Defend_B","Zap","Dualcast","Rip and Tear+1","White Noise+1","Fusion+1","Steam","Chaos+1","Barrage+1","FTL","Aggregate+1","Compile Driver+1","Hologram+1","Beam Cell+1","Echo Form","Hyperbeam+1","Cold Snap+1","Bite+1","Bite+1","Bite+1","Bite+1","Ghostly+1","Ghostly","Ghostly","RitualDagger+1","Electrodynamics+1","BootSequence","Compile Driver+1","Conserve Battery+1","Biased Cognition","Cold Snap+1","Compile Driver+1","Compile Driver+1","Coolheaded","Hologram+1","Buffer","Madness","Madness","Go for the Eyes+1","Hologram","Compile Driver+1","Compile Driver+1","Glacier","Defragment"],"relics":["Astrolabe","PreservedInsect","Golden Idol","CaptainsWheel","StoneCalendar","Molten Egg 2","Bag of Preparation","Lantern","Coffee Dripper","Enchiridion","Dream Catcher","Strawberry","Bottled Tornado","Omamori","Runic Capacitor","Fusion Hammer","Ice Cream","Old Coin","Happy Flower","HornCleat","Membership Card","InkBottle","Toolbox","Symbiotic Virus"],"acts_visited":["Exordium","TheCity","TheBeyond","TheEnding"],"potions_floor_usage":[37,40,55,56,56],"damage_taken":[{"damage":0.0,"enemies":"2 Louse","floor":1.0,"turns":2.0},{"damage":2.0,"enemies":"Jaw Worm","floor":3.0,"turns":3.0},{"damage":7.0,"enemies":"Small Slimes","floor":5.0,"turns":3.0},{"damage":0.0,"enemies":"Lagavulin","floor":6.0,"turns":5.0},{"damage":20.0,"enemies":"3 Sentries","floor":8.0,"turns":4.0},{"damage":2.0,"enemies":"Gremlin Nob","floor":10.0,"turns":3.0},{"damage":0.0,"enemies":"2 Fungi Beasts","floor":13.0,"turns":2.0},{"damage":0.0,"enemies":"The Guardian","floor":16.0,"turns":7.0},{"damage":19.0,"enemies":"2 Thieves","floor":18.0,"turns":3.0},{"damage":5.0,"enemies":"Slavers","floor":23.0,"turns":4.0},{"damage":0.0,"enemies":"Book of Stabbing","floor":25.0,"turns":3.0},{"damage":0.0,"enemies":"Gremlin Leader","floor":27.0,"turns":3.0},{"damage":0.0,"enemies":"3 Byrds","floor":31.0,"turns":3.0},{"damage":16.0,"enemies":"Automaton","floor":33.0,"turns":8.0},{"damage":0.0,"enemies":"Orb Walker","floor":35.0,"turns":5.0},{"damage":3.0,"enemies":"3 Darklings","floor":36.0,"turns":4.0},{"damage":0,"enemies":"2 Orb Walkers","floor":37,"turns":3},{"damage":0,"enemies":"Reptomancer","floor":40,"turns":2},{"damage":0,"enemies":"Spire Growth","floor":41,"turns":3},{"damage":0,"enemies":"Giant Head","floor":42,"turns":5},{"damage":0,"enemies":"Nemesis","floor":46,"turns":7},{"damage":0,"enemies":"Sphere and 2 Shapes","floor":48,"turns":4},{"damage":2,"enemies":"Time Eater","floor":50,"turns":8},{"damage":0,"enemies":"Donu and Deca","floor":51,"turns":9},{"damage":2,"enemies":"Shield and Spear","floor":55,"turns":7},{"damage":21,"enemies":"The Heart","floor":56,"turns":9}],"seed_played":"8452398348878021557","potions_obtained":[{"floor":5.0,"key":"Energy Potion"},{"floor":10.0,"key":"Weak Potion"},{"floor":16.0,"key":"AttackPotion"},{"floor":18.0,"key":"Regen Potion"},{"floor":25.0,"key":"DuplicationPotion"},{"floor":36.0,"key":"DuplicationPotion"},{"floor":37,"key":"LiquidBronze"},{"floor":40,"key":"SkillPotion"},{"floor":55,"key":"SneckoOil"}],"is_trial":false,"path_per_floor":["M","?","M","?","M","E","R","E","T","E","R","$","M","?","R","B",null,"M","?","?","?","?","E","R","E","T","E","R","$","R","M","R","B",null,"M","M","?","?","$","E","M","E","T","R","?","E","$","M","R","B","B",null,"R","$","E","B",null],"character_chosen":"DEFECT","items_purchased":["Compile Driver+1","Hologram","Lantern","Runic Capacitor","Compile Driver+1","Compile Driver+1","Coolheaded","Block Potion","Membership Card","Hologram","Compile Driver+1","InkBottle","Glacier","Toolbox","GamblersBrew","Defragment"],"campfire_rested":0,"item_purchase_floors":[12,12,12,29,29,39,39,39,47,47,47,47,54,54,54,54],"current_hp_per_floor":[64,59,57,57,50,50,50,30,30,28,28,28,28,28,28,28,55,36,36,15,15,9,22,22,29,29,29,29,29,29,29,29,28,29,29,29,29,29,29,29,29,29,29,29,24,29,29,29,29,27,29,29,29,29,29,16],"gold":52,"neow_bonus":"BOSS_RELIC","is_daily":false,"chose_seed":false,"campfire_upgraded":7,"win_rate":0.0,"timestamp":1610664640,"path_taken":["M","?","M","?","M","E","R","E","T","E","R","$","M","?","R","BOSS","M","?","?","?","?","E","R","E","T","E","R","$","R","M","R","BOSS","M","M","?","?","$","E","M","E","T","R","?","E","?","M","R","BOSS","BOSS","R","$","E","BOSS"],"items_purchased_type":["Card","Card","Relic","Relic","Card","Card","Card","Potion","Relic","Card","Card","Relic","Card","Relic","Potion","Card"],"build_version":"2020-12-22","purchased_purges":2,"victory":true,"max_hp_per_floor":[71,71,71,64,64,64,64,64,64,64,64,64,64,64,64,64,64,64,44,44,22,22,22,22,29,29,29,29,29,29,29,29,29,29,29,29,29,29,29,29,29,29,29,29,29,29,29,29,29,29,29,29,29,29,29,29],"relic_stats":{"Dream Catcher":0,"Happy Flower":[14],"counters":[26,119],"Golden Idol":215,"Astrolabe":["Rip and Tear","White Noise","Fusion"],"StoneCalendar":[250],"PreservedInsect":531,"Bag of Preparation":[40],"obtain_stats":[{"Ice Cream":37,"Lantern":12,"Enchiridion":20,"StoneCalendar":8,"Bag of Preparation":10,"Runic Capacitor":29,"Bottled Tornado":26,"Old Coin":40,"Dream Catcher":23,"HornCleat":46,"Strawberry":25,"Toolbox":54,"Fusion Hammer":34,"Cracked Core":0,"InkBottle":47,"Happy Flower":42,"Golden Idol":4,"Astrolabe":0,"PreservedInsect":2,"Omamori":27,"CaptainsWheel":6,"Molten Egg 2":9,"Coffee Dripper":17,"Membership Card":47,"Symbiotic Virus":55},{"Ice Cream":17,"Lantern":6,"Enchiridion":9,"StoneCalendar":5,"Bag of Preparation":6,"Runic Capacitor":12,"Bottled Tornado":11,"Old Coin":18,"Dream Catcher":10,"HornCleat":21,"Strawberry":11,"Toolbox":24,"Fusion Hammer":14,"Cracked Core":0,"InkBottle":21,"Happy Flower":20,"Golden Idol":2,"Astrolabe":0,"PreservedInsect":1,"Omamori":12,"CaptainsWheel":4,"Molten Egg 2":5,"Coffee Dripper":8,"Membership Card":21,"Symbiotic Virus":25},{"Ice Cream":65,"Lantern":20,"Enchiridion":32,"StoneCalendar":17,"Bag of Preparation":20,"Runic Capacitor":42,"Bottled Tornado":39,"Old Coin":67,"Dream Catcher":36,"HornCleat":82,"Strawberry":39,"Toolbox":103,"Fusion Hammer":53,"Cracked Core":0,"InkBottle":82,"Happy Flower":75,"Golden Idol":5,"Astrolabe":0,"PreservedInsect":2,"Omamori":42,"CaptainsWheel":13,"Molten Egg 2":17,"Coffee Dripper":29,"Membership Card":82,"Symbiotic Virus":110}],"InkBottle":[33]},"card_choices":[{"not_picked":["Beam Cell","Turbo"],"picked":"Steam","floor":1.0},{"not_picked":["White Noise","Storm"],"picked":"Chaos","floor":3.0},{"not_picked":["BootSequence","Darkness"],"picked":"Barrage","floor":5.0},{"not_picked":["Rebound","Steam"],"picked":"Rip and Tear","floor":6.0},{"not_picked":["Leap","Turbo"],"picked":"FTL","floor":8.0},{"not_picked":["Rip and Tear+1","Double Energy"],"picked":"Aggregate","floor":10.0},{"not_picked":["Force Field","Lockon+1"],"picked":"Beam Cell+1","floor":13.0},{"not_picked":["Fission","All For One+1"],"picked":"Hyperbeam+1","floor":16.0},{"not_picked":["Ball Lightning+1","Rebound+1"],"picked":"Cold Snap+1","floor":18.0},{"not_picked":["Conserve Battery","Fusion+1"],"picked":"Electrodynamics","floor":23.0},{"not_picked":["Gash+1","Redo","Rebound+1"],"picked":"SKIP","floor":25.0},{"not_picked":["Gash+1","Redo","Rebound+1"],"picked":"SKIP","floor":25.0},{"not_picked":["Rebound+1","Aggregate"],"picked":"BootSequence","floor":27.0},{"not_picked":["Steam","Barrage+1"],"picked":"Conserve Battery","floor":31.0},{"not_picked":["Buffer","Meteor Strike+1"],"picked":"Biased Cognition","floor":33.0},{"not_picked":["Redo","Turbo"],"picked":"Cold Snap+1","floor":35.0},{"not_picked":["Beam Cell+1","Double Energy+1"],"picked":"Compile Driver+1","floor":36.0},{"not_picked":["Reboot","Conserve Battery","Turbo"],"picked":"SKIP","floor":40},{"not_picked":["Reboot","Conserve Battery","Turbo"],"picked":"SKIP","floor":40},{"not_picked":["Go for the Eyes+1","Coolheaded"],"picked":"Hologram+1","floor":41},{"not_picked":["Streamline+1","Reprogram"],"picked":"Buffer","floor":42},{"not_picked":["Defragment","Beam Cell+1"],"picked":"Go for the Eyes+1","floor":46},{"not_picked":["Darkness","Recycle"],"picked":"Compile Driver+1","floor":48},{"not_picked":["Hello World","Streamline+1","Conserve Battery"],"picked":"SKIP","floor":55}],"player_experience":8153099,"relics_obtained":[{"floor":6.0,"key":"CaptainsWheel"},{"floor":8.0,"key":"StoneCalendar"},{"floor":9.0,"key":"Molten Egg 2"},{"floor":10.0,"key":"Bag of Preparation"},{"floor":20.0,"key":"Enchiridion"},{"floor":23.0,"key":"Dream Catcher"},{"floor":25.0,"key":"Strawberry"},{"floor":26.0,"key":"Bottled Tornado"},{"floor":27.0,"key":"Omamori"},{"floor":37,"key":"Ice Cream"},{"floor":40,"key":"Old Coin"},{"floor":42,"key":"Happy Flower"},{"floor":46,"key":"HornCleat"},{"floor":55,"key":"Symbiotic Virus"}],"event_choices":[{"damage_healed":0.0,"max_hp_gain":0.0,"max_hp_loss":0.0,"gold_gain":0.0,"event_name":"Scrap Ooze","player_choice":"Success","floor":2.0,"gold_loss":0.0,"damage_taken":5.0,"relics_obtained":["PreservedInsect"]},{"damage_healed":0.0,"max_hp_gain":0.0,"max_hp_loss":7.0,"gold_gain":0.0,"event_name":"Golden Idol","player_choice":"Lose Max HP","floor":4.0,"gold_loss":0.0,"damage_taken":0.0,"relics_obtained":["Golden Idol"]},{"damage_healed":0.0,"max_hp_gain":0.0,"max_hp_loss":0.0,"gold_gain":0.0,"cards_transformed":["Strike_B"],"event_name":"Living Wall","player_choice":"Change","floor":14.0,"gold_loss":0.0,"damage_taken":0.0,"cards_obtained":["Echo Form"]},{"damage_healed":0.0,"max_hp_gain":0.0,"max_hp_loss":20.0,"gold_gain":0.0,"event_name":"Vampires","player_choice":"Became a vampire","floor":19.0,"gold_loss":0.0,"damage_taken":0.0,"cards_obtained":["Bite","Bite","Bite","Bite","Bite"]},{"damage_healed":0.0,"max_hp_gain":0.0,"max_hp_loss":0.0,"gold_gain":0.0,"event_name":"Cursed Tome","player_choice":"Obtained Book","floor":20.0,"gold_loss":0.0,"damage_taken":21.0},{"damage_healed":0.0,"max_hp_gain":0.0,"max_hp_loss":22.0,"gold_gain":0.0,"event_name":"Ghosts","player_choice":"Became a Ghost","floor":21.0,"gold_loss":0.0,"damage_taken":0.0,"cards_obtained":["Ghostly","Ghostly","Ghostly"]},{"damage_healed":0.0,"max_hp_gain":0.0,"max_hp_loss":0.0,"gold_gain":0.0,"event_name":"Nest","player_choice":"Joined the Cult","floor":22.0,"gold_loss":0.0,"damage_taken":6.0,"cards_obtained":["RitualDagger"]},{"damage_healed":0,"gold_gain":0,"player_choice":"Fight","damage_taken":0,"max_hp_gain":0,"max_hp_loss":0,"event_name":"Mysterious Sphere","floor":37,"gold_loss":0},{"damage_healed":0,"gold_gain":0,"player_choice":"Ignored","damage_taken":0,"max_hp_gain":0,"max_hp_loss":0,"event_name":"Tomb of Lord Red Mask","floor":38,"gold_loss":0},{"damage_healed":0,"gold_gain":0,"player_choice":"Embrace Madness","damage_taken":5,"max_hp_gain":0,"max_hp_loss":0,"event_name":"Winding Halls","floor":45,"gold_loss":0,"cards_obtained":["Madness","Madness"]}],"is_beta":false,"boss_relics":[{"not_picked":["Tiny House","Pandora\u0027s Box"],"picked":"Coffee Dripper"},{"not_picked":["Philosopher\u0027s Stone","Velvet Choker"],"picked":"Fusion Hammer"}],"items_purged_floors":[47,54],"is_endless":false,"potions_floor_spawned":[5,10,16,18,25,31,36,37,40,46,55],"ascension_level":20}}