{"host":"se62q65hiqxz7cab","time":1610613971,"event":{"mods":["Act Like it!","BaseMod","Colored Map","KinomotoSakuraMod(Ä¾Ö®±¾Ó£)","Minty Spire (QoL Compilation)","Replay The Spire","Shop Mod","StSLib","The Bug Knight","The Cursed","The Servant 0.9.4"],"gold_per_floor":[129,194,194,222,222,222,256,286,286,315,315,339,384,418,418,542,542,574,534,281,310,310,310,337,376,376,376,356,381,414,424,424],"floor_reached":31,"language":"ZHS","playtime":1622,"items_purged":["HollowMod:NailStrikeStart"],"score":239,"play_id":"e3c63560-6bf8-43ff-9d43-5ae7ab26d2e7","local_time":"20210114164611","is_ascension_mode":false,"campfire_choices":[{"data":"HollowMod:BlackTendrils","floor":6,"key":"SMITH"},{"data":"HollowMod:ShadowDash","floor":11,"key":"SMITH"},{"data":"HollowMod:WhiteLadysBlessing","floor":15,"key":"SMITH"},{"floor":23,"key":"REST"},{"floor":27,"key":"REST"}],"circlet_count":0,"master_deck":["HollowMod:NailStrikeStart","HollowMod:NailStrikeStart","HollowMod:NailStrikeStart","HollowMod:QuickDashStart","HollowMod:QuickDashStart+1","HollowMod:QuickDashStart","HollowMod:QuickDashStart","HollowMod:FocusHealStart+1","HollowMod:PogoStrike","HollowMod:BlackTendrils+1","HollowMod:RecoilStrike+1","HollowMod:WhiteLadysBlessing+1","HollowMod:DashSlash","HollowMod:ShadowDash+1","HollowMod:HowlingWraiths","HollowMod:CloakDash","HollowMod:DescendingDark","HollowMod:SlysStrikes","HollowMod:ShadowDash","HollowMod:CycloneSlash+1","HollowMod:SharpenedShadows","Necronomicurse","HollowMod:AbyssShriek","HollowMod:GrimmsGift+1","HollowMod:BlackTendrils","HollowMod:DescendingDark"],"relics":["HollowMod:VesselMask","Replay:Bandana","Blue Doll","Iron Hammer","HollowMod:IsmasTear","Mirror","Art of War","Necronomicon","Chameleon Ring"],"acts_visited":["Exordium","TheCity"],"potions_floor_usage":[29,31],"damage_taken":[{"damage":5,"enemies":"Small Slimes","floor":1,"turns":3},{"damage":0,"enemies":"2 Louse","floor":4,"turns":2},{"damage":0,"enemies":"Jaw Worm","floor":7,"turns":3},{"damage":4,"enemies":"3 Louse","floor":8,"turns":4},{"damage":4,"enemies":"Looter","floor":10,"turns":3},{"damage":25,"enemies":"3 Sentries","floor":13,"turns":6},{"damage":0,"enemies":"2 Fungi Beasts","floor":14,"turns":2},{"damage":62,"enemies":"Fading Forest","floor":16,"turns":11},{"damage":20,"enemies":"Shell Parasite","floor":18,"turns":7},{"damage":18,"enemies":"Chosen","floor":21,"turns":5},{"damage":34,"enemies":"Centurion and Healer","floor":24,"turns":10},{"damage":30,"enemies":"3 Cultists","floor":25,"turns":5},{"damage":43,"enemies":"Shelled Parasite and Fungi","floor":29,"turns":6},{"damage":19,"enemies":"Snecko","floor":30,"turns":4},{"damage":38,"enemies":"Snake Plant","floor":31,"turns":2}],"seed_played":"2993173523899867061","potions_obtained":[{"floor":1,"key":"Regen Potion"},{"floor":2,"key":"Strength Potion"},{"floor":2,"key":"SneckoOil"},{"floor":7,"key":"FearPotion"},{"floor":25,"key":"Dexterity Potion"},{"floor":28,"key":"Energy Potion"}],"is_trial":false,"path_per_floor":["M","?","?","M","?","R","M","M","T","M","R","T","E","M","R","B",null,"M","?","$","M","?","R","M","M","T","R","?","M","M","M"],"character_chosen":"THE_BUGKNIGHT","items_purchased":["HollowMod:CycloneSlash+1","Art of War"],"campfire_rested":2,"item_purchase_floors":[20,20],"current_hp_per_floor":[75,75,75,75,75,75,75,75,75,75,75,75,57,60,60,17,75,60,60,60,47,31,53,29,12,12,34,34,16,30,0,0],"gold":424,"neow_bonus":"RANDOM_COMMON_RELIC","is_daily":false,"chose_seed":false,"campfire_upgraded":3,"win_rate":0.0,"timestamp":1610613971,"path_taken":["M","?","?","M","?","R","M","M","T","M","R","?","E","M","R","BOSS","M","?","$","?","?","R","M","M","T","R","?","?","?","M"],"items_purchased_type":["Card","Relic"],"build_version":"2020-12-22","purchased_purges":1,"victory":false,"max_hp_per_floor":[75,75,75,75,75,75,75,75,75,75,75,75,75,75,75,75,75,75,75,75,75,75,75,75,75,75,75,75,75,75,75,75],"card_choices":[{"not_picked":["HollowMod:SharpenedNail","HollowMod:HowlingWraiths"],"picked":"HollowMod:BlackTendrils","floor":1},{"not_picked":["HollowMod:TaintedHusks","HollowMod:SharpenedNail"],"picked":"HollowMod:RecoilStrike","floor":2},{"not_picked":["HollowMod:HuntersJournal","HollowMod:InfectedCysts"],"picked":"HollowMod:WhiteLadysBlessing","floor":4},{"not_picked":["HollowMod:NewJinnsSoul","HollowMod:InfectedAttack"],"picked":"HollowMod:DashSlash","floor":7},{"not_picked":["HollowMod:CoiledNail","HollowMod:CrystalDash"],"picked":"HollowMod:ShadowDash","floor":8},{"not_picked":["HollowMod:TaintedHusks","HollowMod:SiblingsSouls"],"picked":"HollowMod:HowlingWraiths","floor":10},{"not_picked":["HollowMod:InfectedCysts","HollowMod:GoodIntentions"],"picked":"HollowMod:CloakDash","floor":13},{"not_picked":["HollowMod:MantisMark","HollowMod:HowlingWraiths"],"picked":"HollowMod:DescendingDark","floor":14},{"not_picked":["HollowMod:Weaversong","HollowMod:LifebloodCore"],"picked":"HollowMod:SlysStrikes","floor":16},{"not_picked":["HollowMod:DungDefenderAura","HollowMod:HowlingWraiths+1"],"picked":"HollowMod:ShadowDash","floor":18},{"not_picked":["HollowMod:CycloneSlash","HollowMod:MawleksShell"],"picked":"HollowMod:SharpenedShadows","floor":21},{"not_picked":["HollowMod:CycloneSlash","HollowMod:CrystalDash+1"],"picked":"HollowMod:AbyssShriek","floor":24},{"not_picked":["HollowMod:NewLittleFool+1","HollowMod:SoulVessel"],"picked":"HollowMod:GrimmsGift+1","floor":25},{"not_picked":["HollowMod:BaldurShell","HollowMod:SoulStrike"],"picked":"HollowMod:BlackTendrils","floor":29},{"not_picked":["HollowMod:FastStrike+1","HollowMod:HowlingWraiths"],"picked":"HollowMod:DescendingDark","floor":30}],"player_experience":203504,"relics_obtained":[{"floor":2,"key":"Blue Doll"},{"floor":9,"key":"Iron Hammer"},{"floor":12,"key":"HollowMod:IsmasTear"},{"floor":13,"key":"Mirror"},{"floor":22,"key":"Necronomicon"},{"floor":26,"key":"Chameleon Ring"}],"event_choices":[{"cards_removed":["ReplayTheSpireMod:Splinters"],"damage_healed":0,"gold_gain":0,"player_choice":"Forget","damage_taken":0,"max_hp_gain":0,"max_hp_loss":0,"event_name":"Living Wall","floor":5,"gold_loss":0},{"damage_healed":0,"gold_gain":0,"player_choice":"Upgraded Two","damage_taken":0,"max_hp_gain":0,"max_hp_loss":0,"event_name":"Designer","floor":19,"gold_loss":40,"cards_upgraded":["HollowMod:FocusHealStart","HollowMod:RecoilStrike"]},{"damage_healed":0,"gold_gain":0,"player_choice":"Obtained Book","damage_taken":16,"max_hp_gain":0,"max_hp_loss":0,"event_name":"Cursed Tome","floor":22,"gold_loss":0},{"damage_healed":0,"gold_gain":0,"player_choice":"Bought 1 Potion","damage_taken":0,"max_hp_gain":0,"max_hp_loss":0,"event_name":"The Woman in Blue","floor":28,"gold_loss":0}],"is_beta":false,"boss_relics":[{"not_picked":["Pandora\u0027s Box","ReplayTheSpireMod:DimensionalGlitch","Runic Dome"]}],"items_purged_floors":[20],"is_endless":false,"potions_floor_spawned":[1,4,7,16,18,25],"killed_by":"Snake Plant","ascension_level":0}}