{"host":"a5lz0e76zb3fcwkm","time":1610626726,"event":{"mods":["AchievementEnabler","BaseMod","Colored Map","Colored Powertips","Minty Spire (QoL Compilation)","StSLib","SuperFastMode"],"gold_per_floor":[111,111,121,141,141,141,141,151,151,151,164,182,209,209,209,209,209],"floor_reached":16,"language":"KOR","playtime":276,"items_purged":[],"score":204,"play_id":"64e6235e-b6d1-4d78-9877-619dfc4400cf","local_time":"20210114211846","is_ascension_mode":true,"campfire_choices":[{"floor":6,"key":"REST"},{"data":"Zap","floor":10,"key":"SMITH"},{"data":"Dualcast","floor":15,"key":"SMITH"}],"circlet_count":0,"master_deck":["AscendersBane","Strike_B","Strike_B","Strike_B","Defend_B","Defend_B","Defend_B","Zap+1","Dualcast+1","All For One","Reinforced Body","Beam Cell","Coolheaded","Gash","Self Repair","FTL"],"relics":["Cracked Core","Letter Opener","Anchor"],"acts_visited":["Exordium"],"potions_floor_usage":[16,16],"damage_taken":[{"damage":2,"enemies":"Jaw Worm","floor":1,"turns":4},{"damage":1,"enemies":"Cultist","floor":3,"turns":3},{"damage":5,"enemies":"Small Slimes","floor":4,"turns":4},{"damage":12,"enemies":"3 Louse","floor":8,"turns":3},{"damage":0,"enemies":"Gremlin Gang","floor":11,"turns":3},{"damage":0,"enemies":"Blue Slaver","floor":12,"turns":2},{"damage":13,"enemies":"Lagavulin","floor":13,"turns":7},{"damage":25,"enemies":"The Guardian","floor":16,"turns":3}],"seed_played":"6504792652742930343","potions_obtained":[{"floor":1,"key":"ColorlessPotion"},{"floor":13,"key":"Strength Potion"},{"floor":14,"key":"LiquidBronze"}],"is_trial":false,"path_per_floor":["M","?","M","M","?","R","?","M","T","R","M","M","E","?","R","B"],"character_chosen":"DEFECT","items_purchased":[],"campfire_rested":1,"item_purchase_floors":[],"current_hp_per_floor":[44,44,43,38,20,41,41,29,29,29,29,29,23,23,23,0,0],"gold":209,"neow_bonus":"THREE_RARE_CARDS","is_daily":false,"chose_seed":false,"campfire_upgraded":2,"win_rate":0.0,"timestamp":1610626726,"path_taken":["M","?","?","?","?","R","?","M","T","R","M","M","E","?","R","BOSS"],"items_purchased_type":[],"build_version":"2020-12-22","purchased_purges":0,"victory":false,"max_hp_per_floor":[71,71,71,71,71,71,71,71,71,71,71,71,71,71,71,71,71],"card_choices":[{"not_picked":["Machine Learning","Biased Cognition"],"picked":"All For One","floor":0},{"not_picked":["Rebound","Static Discharge"],"picked":"Reinforced Body","floor":1},{"not_picked":["Conserve Battery","Streamline","Tempest"],"picked":"SKIP","floor":3},{"not_picked":["Reprogram","Go for the Eyes"],"picked":"Beam Cell","floor":4},{"not_picked":["Hello World","Cold Snap"],"picked":"Coolheaded","floor":8},{"not_picked":["Leap","Stack"],"picked":"Gash","floor":11},{"not_picked":["Skim","Hologram"],"picked":"Self Repair","floor":12},{"not_picked":["Sweeping Beam","Reprogram"],"picked":"FTL","floor":13}],"player_experience":1726391,"relics_obtained":[{"floor":9,"key":"Anchor"}],"event_choices":[{"cards_removed":["Strike_B"],"damage_healed":0,"gold_gain":0,"player_choice":"Purged","damage_taken":0,"max_hp_gain":0,"max_hp_loss":0,"event_name":"Purifier","floor":2,"gold_loss":0},{"damage_healed":0,"gold_gain":0,"player_choice":"Success","damage_taken":18,"relics_obtained":["Letter Opener"],"max_hp_gain":0,"max_hp_loss":0,"event_name":"Scrap Ooze","floor":5,"gold_loss":0},{"cards_removed":["Defend_B"],"damage_healed":0,"gold_gain":0,"player_choice":"Forget","damage_taken":0,"max_hp_gain":0,"max_hp_loss":0,"event_name":"Living Wall","floor":7,"gold_loss":0},{"damage_healed":0,"gold_gain":0,"player_choice":"Got Potions","damage_taken":0,"max_hp_gain":0,"max_hp_loss":0,"event_name":"Lab","floor":14,"gold_loss":0}],"is_beta":false,"boss_relics":[],"items_purged_floors":[],"is_endless":false,"potions_floor_spawned":[1,13],"killed_by":"The Guardian","ascension_level":20}}