{"host":"fm9e0lfunjlbhzxv","time":1610586682,"event":{"mods":["AchievementEnabler","BaseMod","Bestiary","Colored Map","Colored Powertips","Key Reminder","Minty Spire (QoL Compilation)","Permanent Neow","Rare Cards Sparkle","Relic Stats","StSLib","The IronCluck","slay the spire mod where everything is the same but ironclad has a cowboy hat"],"gold_per_floor":[118,118,132,149,52,82,9,9,9,38,54,54,68,81,81,181,181,199,214,214,114,129,164,184,184,184,215,229,229,229,262,262,361,361,378,391,409,53,33,33,52,52,52,86,96,96,131,56,56,56,56,56,5,35,35,35],"floor_reached":55,"language":"ENG","playtime":4488,"items_purged":["Decay","Well Laid Plans","Strike_G","Prepared"],"score":849,"play_id":"d8276a03-a848-41af-935c-44e4e8335b02","local_time":"20210113171122","is_ascension_mode":true,"campfire_choices":[{"data":"Footwork","floor":8,"key":"SMITH"},{"floor":12,"key":"REST"},{"floor":15,"key":"REST"},{"floor":25,"key":"REST"},{"floor":30,"key":"REST"},{"floor":32,"key":"REST"},{"data":"Footwork","floor":40,"key":"SMITH"},{"data":"Tools of the Trade","floor":42,"key":"SMITH"},{"floor":46,"key":"REST"},{"floor":49,"key":"RECALL"},{"data":"Bouncing Flask","floor":52,"key":"SMITH"}],"circlet_count":0,"master_deck":["Strike_G","Strike_G","Strike_G","Strike_G","Defend_G","Defend_G","Defend_G","Defend_G","Defend_G","Survivor","Neutralize","Terror","Deflect","Dodge and Roll","Footwork+1","Caltrops","Dagger Throw","Cloak And Dagger","Adrenaline","Dagger Throw+1","Footwork+1","Backflip","Underhanded Strike","Footwork+1","Malaise","Tools of the Trade+1","Bouncing Flask+1","Crippling Poison","Concentrate","Poisoned Stab","Finesse","Crippling Poison+1","Poisoned Stab+1"],"relics":["HoveringKite","Bag of Marbles","White Beast Statue","Mercury Hourglass","Runic Pyramid","GremlinMask","Thread and Needle","Ice Cream","Ancient Tea Set","Oddly Smooth Stone","Lizard Tail","SlaversCollar","Membership Card","Nunchaku","StoneCalendar","Pocketwatch"],"acts_visited":["Exordium","TheCity","TheBeyond","TheEnding"],"potions_floor_usage":[4,4,10,11,13,14,16,18,18,23,24,27,27,33,33,36,36,37,37,37,41,45,55,55,55],"damage_taken":[{"damage":4,"enemies":"Jaw Worm","floor":1,"turns":5},{"damage":3,"enemies":"Cultist","floor":3,"turns":5},{"damage":2,"enemies":"Small Slimes","floor":4,"turns":5},{"damage":19,"enemies":"3 Sentries","floor":6,"turns":12},{"damage":11,"enemies":"Gremlin Nob","floor":10,"turns":5},{"damage":10,"enemies":"Gremlin Gang","floor":11,"turns":4},{"damage":5,"enemies":"Looter","floor":13,"turns":3},{"damage":12,"enemies":"Exordium Thugs","floor":14,"turns":5},{"damage":29,"enemies":"The Guardian","floor":16,"turns":10},{"damage":18,"enemies":"2 Thieves","floor":18,"turns":4},{"damage":8,"enemies":"3 Byrds","floor":19,"turns":6},{"damage":2,"enemies":"3 Cultists","floor":22,"turns":6},{"damage":40,"enemies":"Book of Stabbing","floor":23,"turns":5},{"damage":0,"enemies":"Cultist and Chosen","floor":24,"turns":7},{"damage":16,"enemies":"Slavers","floor":27,"turns":5},{"damage":6,"enemies":"Centurion and Healer","floor":28,"turns":7},{"damage":3,"enemies":"Book of Stabbing","floor":31,"turns":6},{"damage":9,"enemies":"Automaton","floor":33,"turns":16},{"damage":0,"enemies":"3 Shapes","floor":35,"turns":7},{"damage":17,"enemies":"3 Darklings","floor":36,"turns":6},{"damage":0,"enemies":"Writhing Mass","floor":37,"turns":7},{"damage":25,"enemies":"Jaw Worm Horde","floor":41,"turns":6},{"damage":0,"enemies":"Nemesis","floor":44,"turns":8},{"damage":8,"enemies":"3 Darklings","floor":45,"turns":6},{"damage":53,"enemies":"Reptomancer","floor":47,"turns":8},{"damage":12,"enemies":"Awakened One","floor":50,"turns":16},{"damage":11,"enemies":"Shield and Spear","floor":54,"turns":9},{"damage":69,"enemies":"The Heart","floor":55,"turns":6}],"seed_played":"-9089922915810103474","potions_obtained":[{"floor":1,"key":"LiquidMemories"},{"floor":3,"key":"EntropicBrew"},{"floor":10,"key":"Fruit Juice"},{"floor":11,"key":"PowerPotion"},{"floor":13,"key":"PowerPotion"},{"floor":14,"key":"EssenceOfSteel"},{"floor":16,"key":"PowerPotion"},{"floor":18,"key":"Ancient Potion"},{"floor":19,"key":"Poison Potion"},{"floor":22,"key":"CunningPotion"},{"floor":23,"key":"Swift Potion"},{"floor":24,"key":"CunningPotion"},{"floor":27,"key":"Poison Potion"},{"floor":28,"key":"SpeedPotion"},{"floor":31,"key":"Block Potion"},{"floor":33,"key":"PowerPotion"},{"floor":35,"key":"EssenceOfSteel"},{"floor":36,"key":"EntropicBrew"},{"floor":37,"key":"BlessingOfTheForge"},{"floor":41,"key":"SneckoOil"},{"floor":44,"key":"Strength Potion"},{"floor":45,"key":"LiquidBronze"},{"floor":54,"key":"PowerPotion"}],"is_trial":false,"path_per_floor":["M","?","M","M","$","E","$","R","T","E","M","R","M","M","R","B",null,"M","M","?","$","M","E","M","R","T","E","M","?","R","E","R","B",null,"M","M","M","$","?","R","M","R","T","E","M","R","E","$","R","B",null,"R","$","E","B"],"character_chosen":"THE_SILENT","items_purchased":["Dodge and Roll","Caltrops","Membership Card","Poisoned Stab","Finesse","SmokeBomb"],"campfire_rested":6,"item_purchase_floors":[5,7,38,38,38,53],"current_hp_per_floor":[66,66,63,61,61,42,42,42,42,31,21,42,42,30,52,23,75,57,49,49,49,47,7,7,29,29,13,7,7,29,26,48,39,75,75,58,58,58,58,58,33,33,33,33,25,47,36,36,36,24,75,75,75,64,0,0],"gold":35,"neow_bonus":"BOSS_RELIC","is_daily":false,"chose_seed":false,"campfire_upgraded":4,"win_rate":0.0,"timestamp":1610586682,"path_taken":["M","?","M","M","$","E","?","R","T","E","M","R","M","M","R","BOSS","M","M","?","$","M","E","M","R","T","E","?","?","R","E","R","BOSS","M","M","?","$","?","R","M","R","T","E","M","R","E","?","R","BOSS","R","$","E","BOSS"],"items_purchased_type":["Card","Card","Relic","Card","Card","Potion"],"build_version":"2020-12-22","purchased_purges":4,"victory":false,"max_hp_per_floor":[70,70,70,70,70,70,70,70,70,70,70,70,75,75,75,75,75,75,75,75,75,75,75,75,75,75,75,75,75,75,75,75,75,75,75,75,75,75,75,75,75,75,75,75,75,75,75,75,75,75,75,75,75,75,75,75],"relic_stats":{"Lizard Tail":37,"Nunchaku":[9],"counters":[28,194],"HoveringKite":[120],"StoneCalendar":[78],"obtain_stats":[{"Ice Cream":26,"HoveringKite":0,"Oddly Smooth Stone":29,"GremlinMask":20,"Thread and Needle":23,"StoneCalendar":47,"Ancient Tea Set":27,"White Beast Statue":9,"Mercury Hourglass":10,"keyreminder:keyreminder":23,"SlaversCollar":34,"Lizard Tail":31,"Nunchaku":44,"Bag of Marbles":6,"Membership Card":38,"Ring of the Snake":0,"Runic Pyramid":17,"Pocketwatch":54},{"Ice Cream":14,"HoveringKite":0,"Oddly Smooth Stone":16,"GremlinMask":11,"Thread and Needle":13,"StoneCalendar":25,"Ancient Tea Set":15,"White Beast Statue":4,"Mercury Hourglass":5,"keyreminder:keyreminder":13,"SlaversCollar":18,"Lizard Tail":17,"Nunchaku":23,"Bag of Marbles":4,"Membership Card":21,"Ring of the Snake":0,"Runic Pyramid":9,"Pocketwatch":27},{"Ice Cream":81,"HoveringKite":0,"Oddly Smooth Stone":93,"GremlinMask":63,"Thread and Needle":74,"StoneCalendar":163,"Ancient Tea Set":86,"White Beast Statue":27,"Mercury Hourglass":32,"keyreminder:keyreminder":74,"SlaversCollar":115,"Lizard Tail":99,"Nunchaku":149,"Bag of Marbles":27,"Membership Card":135,"Ring of the Snake":0,"Runic Pyramid":53,"Pocketwatch":188}],"Mercury Hourglass":[702],"Pocketwatch":[1]},"card_choices":[{"not_picked":["Expertise","Slice"],"picked":"Terror","floor":1},{"not_picked":["Distraction","Choke","Deflect"],"picked":"SKIP","floor":3},{"not_picked":["Distraction","Choke"],"picked":"Deflect","floor":3},{"not_picked":["Quick Slash","All Out Attack"],"picked":"Infinite Blades","floor":4},{"not_picked":["Dagger Throw","Bane"],"picked":"Footwork","floor":6},{"not_picked":["Backstab","Outmaneuver"],"picked":"Well Laid Plans","floor":10},{"not_picked":["All Out Attack","Poisoned Stab"],"picked":"Dagger Throw","floor":11},{"not_picked":["Sucker Punch","Eviscerate"],"picked":"Cloak And Dagger","floor":13},{"not_picked":["Dagger Throw","Skewer","Cloak And Dagger"],"picked":"SKIP","floor":14},{"not_picked":["A Thousand Cuts","Grand Finale"],"picked":"Adrenaline","floor":16},{"not_picked":["Accuracy","Riddle With Holes"],"picked":"Dagger Throw+1","floor":18},{"not_picked":["PiercingWail","Choke"],"picked":"Prepared","floor":19},{"not_picked":["Dagger Spray","Acrobatics"],"picked":"Footwork+1","floor":22},{"not_picked":["Infinite Blades","Well Laid Plans","Backstab"],"picked":"SKIP","floor":23},{"not_picked":["Deadly Poison","Endless Agony"],"picked":"Backflip","floor":24},{"not_picked":["Poisoned Stab","Catalyst"],"picked":"Underhanded Strike","floor":27},{"not_picked":["All Out Attack+1","Dagger Spray"],"picked":"Footwork","floor":28},{"not_picked":["Blur","Cloak And Dagger"],"picked":"Malaise","floor":31},{"not_picked":["Adrenaline","Storm of Steel"],"picked":"Tools of the Trade","floor":33},{"not_picked":["Blur","Leg Sweep"],"picked":"Bouncing Flask","floor":35},{"not_picked":["Backflip","Flying Knee"],"picked":"Crippling Poison","floor":36},{"not_picked":["Deadly Poison","Quick Slash"],"picked":"Concentrate","floor":37},{"not_picked":["Tactician+1","Masterful Stab"],"picked":"Crippling Poison+1","floor":41},{"not_picked":["Dagger Spray","Blade Dance","Outmaneuver"],"picked":"SKIP","floor":44},{"not_picked":["Acrobatics","Bane+1","Expertise"],"picked":"SKIP","floor":45},{"not_picked":["Heel Hook","PiercingWail","Expertise+1"],"picked":"SKIP","floor":47},{"not_picked":["Deadly Poison","Dagger Spray+1"],"picked":"Poisoned Stab+1","floor":54}],"player_experience":405764,"relics_obtained":[{"floor":6,"key":"Bag of Marbles"},{"floor":9,"key":"White Beast Statue"},{"floor":10,"key":"Mercury Hourglass"},{"floor":23,"key":"Thread and Needle"},{"floor":26,"key":"Ice Cream"},{"floor":27,"key":"Ancient Tea Set"},{"floor":31,"key":"Lizard Tail"},{"floor":44,"key":"Nunchaku"},{"floor":47,"key":"StoneCalendar"},{"floor":54,"key":"Pocketwatch"}],"event_choices":[{"damage_healed":0,"gold_gain":0,"player_choice":"Cursed","damage_taken":0,"max_hp_gain":0,"max_hp_loss":0,"event_name":"Wheel of Change","floor":2,"gold_loss":0,"cards_obtained":["Decay"]},{"damage_healed":0,"gold_gain":0,"player_choice":"Trade","damage_taken":0,"relics_obtained":["GremlinMask"],"max_hp_gain":0,"max_hp_loss":0,"event_name":"FaceTrader","floor":20,"gold_loss":0},{"cards_removed":["Infinite Blades"],"damage_healed":0,"gold_gain":0,"player_choice":"Gave Card","damage_taken":0,"relics_obtained":["Oddly Smooth Stone"],"max_hp_gain":0,"max_hp_loss":0,"event_name":"WeMeetAgain","floor":29,"gold_loss":0},{"damage_healed":0,"gold_gain":0,"player_choice":"Bought 1 Potion","damage_taken":0,"max_hp_gain":0,"max_hp_loss":0,"event_name":"The Woman in Blue","floor":39,"gold_loss":0}],"is_beta":false,"boss_relics":[{"not_picked":["Coffee Dripper","Runic Dome"],"picked":"Runic Pyramid"},{"not_picked":["Snecko Eye","SacredBark"],"picked":"SlaversCollar"}],"items_purged_floors":[5,21,38,48],"is_endless":false,"potions_floor_spawned":[1,3,4,10,11,13,14,16,18,19,22,23,24,27,28,31,33,35,36,37,41,44,45,47,54],"killed_by":"The Heart","ascension_level":2}}