{"host":"lreod2rejfd0az5i","time":1610604270,"event":{"mods":["AchievementEnabler","Aspiration","BaseMod","Colored Powertips","Conspire","Downfall","Highlight Path","Hubris","Infinite Spire","Mad Scientist","Minty Spire (QoL Compilation)","Rare Cards Sparkle","Relic Stats","Replay The Spire","StSLib","The Bug Knight","The Jungle"],"gold_per_floor":[16,32,52,52,0,0,20,20,20,20,20,39,39,39,39,39,39],"floor_reached":16,"language":"ENG","playtime":394,"items_purged":[],"score":180,"play_id":"41725b27-dd3f-4ff6-afd8-c3b4ce04cebb","local_time":"20210113230430","is_ascension_mode":true,"campfire_choices":[{"data":"Cloak And Dagger","floor":6,"key":"SMITH"},{"data":"aspiration:Lunge","floor":10,"key":"SMITH"},{"floor":15,"key":"REST"}],"circlet_count":0,"master_deck":["AscendersBane","Strike_G","Strike_G","Strike_G","Strike_G","Strike_G","Defend_G","Defend_G","Defend_G","Defend_G","Defend_G","Survivor","Neutralize","Burst","Backflip","Cloak And Dagger+1","aspiration:Lunge+1"],"relics":["Ring of the Snake","Centennial Puzzle","Replay:Towering Pillar of Hats","hubris:Icosahedron"],"acts_visited":["Exordium"],"potions_floor_usage":[16],"damage_taken":[{"damage":1,"enemies":"Cultist","floor":1,"turns":4},{"damage":6,"enemies":"Jaw Worm","floor":2,"turns":8},{"damage":1,"enemies":"conspire:RoseBush","floor":3,"turns":6},{"damage":0,"enemies":"2 Fungi Beasts","floor":7,"turns":2},{"damage":0,"enemies":"3 Louse","floor":12,"turns":2},{"damage":71,"enemies":"Slime Boss","floor":16,"turns":10}],"seed_played":"-9059960424656657350","potions_obtained":[{"floor":1,"key":"CultistPotion"},{"floor":3,"key":"BlessingOfTheForge"}],"is_trial":false,"path_per_floor":["M","M","M","$","?","R","M","$","T","R","?","M","?","$","R","B"],"character_chosen":"THE_SILENT","items_purchased":[],"campfire_rested":1,"item_purchase_floors":[],"current_hp_per_floor":[58,52,51,51,51,51,51,51,51,51,47,47,47,47,66,0,0],"gold":39,"neow_bonus":"THREE_RARE_CARDS","is_daily":false,"chose_seed":false,"campfire_upgraded":2,"win_rate":0.0,"timestamp":1610604270,"path_taken":["M","M","M","?","?","R","?","$","T","R","?","M","?","$","R","BOSS"],"items_purchased_type":[],"build_version":"2020-12-22","purchased_purges":0,"victory":false,"max_hp_per_floor":[66,66,66,66,66,66,66,66,66,66,66,66,66,66,66,66,66],"relic_stats":{"Centennial Puzzle":[3],"counters":[6,32],"obtain_stats":[{"Centennial Puzzle":5,"hubris:Icosahedron":13,"Replay:Towering Pillar of Hats":9,"Ring of the Snake":0},{"Centennial Puzzle":3,"hubris:Icosahedron":5,"Replay:Towering Pillar of Hats":4,"Ring of the Snake":0},{"Centennial Puzzle":18,"hubris:Icosahedron":22,"Replay:Towering Pillar of Hats":20,"Ring of the Snake":0}],"Ring of the Snake":[12]},"card_choices":[{"not_picked":["Grand Finale","Malaise"],"picked":"Burst","floor":0},{"not_picked":["ReplayTheSpireMod:Exploit Weakness","Deflect"],"picked":"Backflip","floor":1},{"not_picked":["ReplayTheSpireMod:Exploit Weakness","Underhanded Strike"],"picked":"Cloak And Dagger","floor":2},{"not_picked":["Hidden Blade","hubris:Counter"],"picked":"aspiration:Lunge","floor":3},{"not_picked":["Footwork","Concentrate","Deadly Poison"],"picked":"SKIP","floor":7},{"not_picked":["ReplayTheSpireMod:Scrap Shanks","ReplayTheSpireMod:Shiv Toss","Cloak And Dagger"],"picked":"SKIP","floor":12}],"player_experience":883326,"relics_obtained":[{"floor":9,"key":"Replay:Towering Pillar of Hats"}],"event_choices":[{"damage_healed":0,"gold_gain":0,"player_choice":"Paid Gold","damage_taken":0,"relics_obtained":["Centennial Puzzle"],"max_hp_gain":0,"max_hp_loss":0,"event_name":"WeMeetAgain","floor":5,"gold_loss":52},{"damage_healed":0,"gold_gain":0,"player_choice":"Leave","damage_taken":0,"max_hp_gain":0,"max_hp_loss":0,"event_name":"conspire:Investor","floor":11,"gold_loss":0}],"is_beta":false,"boss_relics":[],"items_purged_floors":[],"is_endless":false,"potions_floor_spawned":[1,3,7],"killed_by":"Slime Boss","ascension_level":20}}