{"host":"xh3brefae6wm9kl8","time":1610609045,"event":{"mods":["AchievementEnabler","BaseMod","GifTheSpireLib","Keyboard Shortcuts","Minty Spire (QoL Compilation)","Permanent Neow","Relic Stats","StSLib","SuperFastMode"],"gold_per_floor":[119,131,148,148,148,188,212,226,253,276,276,309,309,322,322,413,413,436,201,201,151,175,175,189,189,189],"floor_reached":25,"language":"KOR","playtime":1252,"items_purged":["Strike_R"],"score":430,"play_id":"18689547-504a-4949-bdad-cae3fe96b166","local_time":"20210114162405","is_ascension_mode":true,"campfire_choices":[{"floor":11,"key":"REST"},{"data":"Rupture","floor":13,"key":"SMITH"},{"data":"Metallicize","floor":15,"key":"SMITH"},{"data":"Battle Trance","floor":23,"key":"SMITH"}],"circlet_count":0,"master_deck":["AscendersBane","Strike_R","Strike_R+1","Strike_R","Strike_R","Defend_R","Defend_R","Defend_R","Defend_R","Bash","Perfected Strike","Battle Trance+1","Metallicize+1","Flame Barrier","Hemokinesis","Rupture+1","Reaper+1","CurseOfTheBell","Shrug It Off","Sword Boomerang","Sword Boomerang+1","Limit Break"],"relics":["Burning Blood","Golden Idol","Mercury Hourglass","Boot","Strawberry","Calling Bell","Happy Flower","StrikeDummy","Ginger","Whetstone"],"acts_visited":["Exordium","TheCity"],"potions_floor_usage":[8,11,14,25],"damage_taken":[{"damage":0,"enemies":"2 Louse","floor":1,"turns":3},{"damage":4,"enemies":"Small Slimes","floor":2,"turns":4},{"damage":0,"enemies":"Cultist","floor":3,"turns":4},{"damage":38,"enemies":"3 Sentries","floor":6,"turns":9},{"damage":13,"enemies":"Lots of Slimes","floor":7,"turns":4},{"damage":5,"enemies":"Large Slime","floor":8,"turns":6},{"damage":2,"enemies":"3 Louse","floor":10,"turns":2},{"damage":33,"enemies":"Lagavulin","floor":12,"turns":6},{"damage":3,"enemies":"Lots of Slimes","floor":14,"turns":3},{"damage":47,"enemies":"Hexaghost","floor":16,"turns":11},{"damage":23,"enemies":"3 Byrds","floor":18,"turns":4},{"damage":22,"enemies":"Chosen","floor":22,"turns":4},{"damage":40,"enemies":"Centurion and Healer","floor":24,"turns":10},{"damage":29,"enemies":"Gremlin Leader","floor":25,"turns":4}],"seed_played":"6367001647653212066","potions_obtained":[{"floor":6,"key":"BlessingOfTheForge"},{"floor":7,"key":"FairyPotion"},{"floor":8,"key":"SpeedPotion"},{"floor":10,"key":"Fruit Juice"},{"floor":12,"key":"AttackPotion"},{"floor":24,"key":"SkillPotion"}],"is_trial":false,"path_per_floor":["M","M","M","?","?","E","M","M","T","M","R","E","R","M","R","B",null,"M","$","?","?","M","R","M","E"],"character_chosen":"IRONCLAD","items_purchased":["Whetstone"],"campfire_rested":1,"item_purchase_floors":[19],"current_hp_per_floor":[74,75,75,49,49,17,10,11,11,15,42,22,22,25,25,12,68,66,66,66,66,50,50,21,0,0],"gold":189,"neow_bonus":"THREE_CARDS","is_daily":false,"chose_seed":false,"campfire_upgraded":3,"win_rate":0.0,"timestamp":1610609045,"path_taken":["M","M","M","?","?","E","M","M","T","M","R","E","R","?","R","BOSS","M","?","?","?","?","R","M","E"],"items_purchased_type":["Relic"],"build_version":"2020-12-22","purchased_purges":1,"victory":false,"max_hp_per_floor":[75,75,75,75,75,75,75,75,75,75,80,87,87,87,87,87,87,87,87,87,87,87,87,87,87,87],"relic_stats":{"Happy Flower":[7],"counters":[14,73],"Golden Idol":62,"Ginger":[3],"Whetstone":["Reaper","Strike_R"],"Boot":[47],"obtain_stats":[{"Calling Bell":17,"Happy Flower":17,"Golden Idol":4,"Strawberry":12,"Ginger":17,"Whetstone":19,"Boot":9,"StrikeDummy":17,"Burning Blood":0,"Mercury Hourglass":6},{"Calling Bell":10,"Happy Flower":10,"Golden Idol":3,"Strawberry":8,"Ginger":10,"Whetstone":11,"Boot":6,"StrikeDummy":10,"Burning Blood":0,"Mercury Hourglass":4},{"Calling Bell":51,"Happy Flower":51,"Golden Idol":11,"Strawberry":37,"Ginger":51,"Whetstone":55,"Boot":29,"StrikeDummy":51,"Burning Blood":0,"Mercury Hourglass":20}],"Burning Blood":71,"Mercury Hourglass":[271]},"card_choices":[{"not_picked":["Thunderclap","Iron Wave"],"picked":"Perfected Strike","floor":0},{"not_picked":["Body Slam","Clothesline"],"picked":"Battle Trance","floor":1},{"not_picked":["Iron Wave","Barricade"],"picked":"Metallicize","floor":2},{"not_picked":["True Grit","Iron Wave"],"picked":"Flame Barrier","floor":3},{"not_picked":["Demon Form","Headbutt"],"picked":"Hemokinesis","floor":6},{"not_picked":["Whirlwind","Dual Wield","Fire Breathing"],"picked":"SKIP","floor":7},{"not_picked":["Clothesline","Thunderclap","Entrench"],"picked":"SKIP","floor":8},{"not_picked":["Sword Boomerang","Whirlwind","Clash"],"picked":"SKIP","floor":10},{"not_picked":["Dark Embrace","Combust"],"picked":"Rupture","floor":12},{"not_picked":["Perfected Strike","Thunderclap","Armaments"],"picked":"SKIP","floor":14},{"not_picked":["Impervious","Double Tap"],"picked":"Reaper","floor":16},{"not_picked":["Battle Trance","Clash"],"picked":"Shrug It Off","floor":18},{"not_picked":["Thunderclap","Heavy Blade+1"],"picked":"Sword Boomerang+1","floor":22},{"not_picked":["True Grit","Inflame"],"picked":"Limit Break","floor":24}],"player_experience":379387,"relics_obtained":[{"floor":6,"key":"Mercury Hourglass"},{"floor":9,"key":"Boot"},{"floor":12,"key":"Strawberry"},{"floor":17,"key":"Happy Flower"},{"floor":17,"key":"StrikeDummy"},{"floor":17,"key":"Ginger"}],"event_choices":[{"damage_healed":0,"gold_gain":0,"player_choice":"Take Damage","damage_taken":26,"relics_obtained":["Golden Idol"],"max_hp_gain":0,"max_hp_loss":0,"event_name":"Golden Idol","floor":4,"gold_loss":0},{"damage_healed":0,"gold_gain":0,"player_choice":"0 cards matched","damage_taken":0,"max_hp_gain":0,"max_hp_loss":0,"event_name":"Match and Keep!","floor":5,"gold_loss":0,"cards_obtained":[]},{"damage_healed":0,"gold_gain":0,"player_choice":"Read","damage_taken":0,"max_hp_gain":0,"max_hp_loss":0,"event_name":"The Library","floor":20,"gold_loss":0,"cards_obtained":["Sword Boomerang"]},{"damage_healed":0,"gold_gain":0,"player_choice":"Bet on Murderer","damage_taken":0,"max_hp_gain":0,"max_hp_loss":0,"event_name":"The Joust","floor":21,"gold_loss":50}],"is_beta":false,"boss_relics":[{"not_picked":["Astrolabe","Runic Pyramid"],"picked":"Calling Bell"}],"items_purged_floors":[19],"is_endless":false,"potions_floor_spawned":[6,7,8,10,12,24],"killed_by":"Gremlin Leader","ascension_level":20}}