{"host":"b7j598ve05halrwk","time":1610588186,"event":{"mods":["2.2 Compatiblity","BaseMod","Block Reminder","DeckTracker","Minty Spire (QoL Compilation)","Relic Stats","Slay the Relics Exporter","StSLib","ojb\u0027s Better Paths Mod","ojb\u0027s Info Mod"],"gold_per_floor":[116,116,134,99,118,144,144,175,175,175,175,175,509,529,529,603,603,623,634,651,288,288,322,247,247,247,276,290,74,87,99,99,174,174,190,190,41,66,119,119,132,161,212,247,267,296,296,296],"floor_reached":47,"language":"ENG","playtime":3126,"items_purged":["Strike_B"],"score":1442,"play_id":"d8e1ec15-6f87-4911-b2f3-8e2c0271ea3c","local_time":"20210113203626","is_ascension_mode":true,"campfire_choices":[{"data":"Barrage","floor":7.0,"key":"SMITH"},{"floor":10.0,"key":"REST"},{"data":"1","floor":12.0,"key":"LIFT"},{"floor":15.0,"key":"REST"},{"floor":25,"key":"REST"},{"data":"Heatsinks","floor":32,"key":"SMITH"},{"floor":40,"key":"REST"}],"circlet_count":0,"master_deck":["AscendersBane","Strike_B+1","Strike_B+1","Defend_B+1","Defend_B+1","Defend_B+1","Defend_B+1","Dualcast+1","Ball Lightning+1","Echo Form","Barrage+1","FTL","Doom and Gloom","Sunder","Machine Learning","Echo Form","Heatsinks+1","Hologram+1","Loop","Echo Form","Undo","Defragment","Storm+1","Storm+1","Cold Snap","Skim","Leap+1","Creative AI+1","Coolheaded","Capacitor+1","Static Discharge+1","Writhe","Defragment+1","Coolheaded","Defragment+1"],"relics":["Cracked Core","Toy Ornithopter","WingedGreaves","Mummified Hand","Girya","Old Coin","Snecko Eye","DollysMirror","Frozen Egg 2","Pear","Turnip","OrangePellets","Cursed Key","Unceasing Top","Pocketwatch","Juzu Bracelet","Pen Nib","Lantern"],"acts_visited":["Exordium","TheCity","TheBeyond"],"potions_floor_usage":[28,39,39,39,46],"damage_taken":[{"damage":0.0,"enemies":"2 Louse","floor":1.0,"turns":2.0},{"damage":2.0,"enemies":"Jaw Worm","floor":3.0,"turns":3.0},{"damage":5.0,"enemies":"Small Slimes","floor":5.0,"turns":3.0},{"damage":15.0,"enemies":"Lagavulin","floor":6.0,"turns":7.0},{"damage":30.0,"enemies":"3 Sentries","floor":8.0,"turns":5.0},{"damage":0.0,"enemies":"Lagavulin","floor":13.0,"turns":4.0},{"damage":19.0,"enemies":"Exordium Thugs","floor":14.0,"turns":4.0},{"damage":29.0,"enemies":"Hexaghost","floor":16.0,"turns":7.0},{"damage":12.0,"enemies":"3 Byrds","floor":18.0,"turns":2.0},{"damage":0.0,"enemies":"Chosen","floor":19.0,"turns":2.0},{"damage":2,"enemies":"3 Cultists","floor":20,"turns":3},{"damage":15,"enemies":"Slavers","floor":23,"turns":4},{"damage":10,"enemies":"Gremlin Leader","floor":27,"turns":3},{"damage":0,"enemies":"Centurion and Healer","floor":28,"turns":2},{"damage":0,"enemies":"Cultist and Chosen","floor":30,"turns":3},{"damage":0,"enemies":"Sentry and Sphere","floor":31,"turns":2},{"damage":0,"enemies":"Champ","floor":33,"turns":11},{"damage":18,"enemies":"3 Darklings","floor":35,"turns":3},{"damage":0,"enemies":"Mind Bloom Boss Battle","floor":38,"turns":3},{"damage":39,"enemies":"2 Orb Walkers","floor":39,"turns":3},{"damage":0,"enemies":"3 Shapes","floor":41,"turns":2},{"damage":4,"enemies":"Nemesis","floor":42,"turns":5},{"damage":0,"enemies":"Reptomancer","floor":44,"turns":4},{"damage":0,"enemies":"Maw","floor":45,"turns":3},{"damage":8,"enemies":"Giant Head","floor":46,"turns":4},{"damage":42,"enemies":"Reptomancer","floor":47,"turns":2}],"seed_played":"-5855172765779041959","potions_obtained":[{"floor":6.0,"key":"Swift Potion"},{"floor":14.0,"key":"Swift Potion"},{"floor":19.0,"key":"Block Potion"},{"floor":20,"key":"Ancient Potion"},{"floor":30,"key":"Block Potion"},{"floor":33,"key":"DuplicationPotion"},{"floor":39,"key":"Ancient Potion"},{"floor":44,"key":"SpeedPotion"}],"is_trial":false,"path_per_floor":["M","?","M","?","M","E","R","E","T","R","?","R","E","M","R","B",null,"M","M","M","$","?","E","?","R","T","E","M","$","M","M","R","B",null,"M","?","$","?","?","R","M","E","T","E","M","E","E"],"character_chosen":"DEFECT","items_purchased":["DollysMirror","Undo","Defragment","Skim","OrangePellets","Capacitor+1","EntropicBrew"],"campfire_rested":4,"item_purchase_floors":[21,21,21,29,29,37,37],"current_hp_per_floor":[64,43,41,58,53,38,38,8,8,29,29,29,29,15,36,12,56,44,44,42,42,42,27,27,48,58,48,53,53,53,53,53,53,74,56,44,44,44,20,44,44,40,40,40,40,37,0,0],"gold":296,"neow_bonus":"RANDOM_COMMON_RELIC","is_daily":false,"chose_seed":false,"campfire_upgraded":2,"win_rate":0.0,"timestamp":1610588186,"path_taken":["M","?","M","?","M","E","R","E","T","R","?","R","E","M","R","BOSS","M","M","M","$","?","E","?","R","T","E","M","$","M","M","R","BOSS","M","?","?","?","?","R","?","E","T","E","M","E","E"],"items_purchased_type":["Relic","Card","Card","Card","Relic","Card","Potion"],"build_version":"2020-12-22","purchased_purges":1,"victory":false,"max_hp_per_floor":[71,71,71,71,71,71,71,71,71,71,71,71,71,71,71,71,71,71,71,71,71,71,71,71,71,81,81,81,81,81,81,81,81,81,81,81,81,81,81,81,81,81,81,81,81,81,81,81],"relic_stats":{"OrangePellets":[15],"counters":[26,95],"Mummified Hand":[294],"Snecko Eye":[76,70,61,61],"Turnip":[13],"Pen Nib":[1],"Juzu Bracelet":0,"Cursed Key":1,"obtain_stats":[{"Girya":9,"Lantern":46,"Pear":26,"Pen Nib":44,"Juzu Bracelet":42,"Frozen Egg 2":23,"Cursed Key":34,"Old Coin":13,"OrangePellets":29,"Mummified Hand":8,"DollysMirror":21,"Snecko Eye":17,"WingedGreaves":6,"Turnip":27,"Cracked Core":0,"Toy Ornithopter":0,"Unceasing Top":38,"Pocketwatch":39},{"Girya":5,"Lantern":25,"Pear":12,"Pen Nib":23,"Juzu Bracelet":22,"Frozen Egg 2":12,"Cursed Key":17,"Old Coin":6,"OrangePellets":14,"Mummified Hand":5,"DollysMirror":11,"Snecko Eye":8,"WingedGreaves":4,"Turnip":13,"Cracked Core":0,"Toy Ornithopter":0,"Unceasing Top":19,"Pocketwatch":20},{"Girya":20,"Lantern":93,"Pear":46,"Pen Nib":86,"Juzu Bracelet":82,"Frozen Egg 2":46,"Cursed Key":67,"Old Coin":24,"OrangePellets":51,"Mummified Hand":20,"DollysMirror":42,"Snecko Eye":35,"WingedGreaves":15,"Turnip":49,"Cracked Core":0,"Toy Ornithopter":0,"Unceasing Top":73,"Pocketwatch":76}],"Toy Ornithopter":35,"Unceasing Top":[2],"Pocketwatch":[2]},"card_choices":[{"not_picked":["Compile Driver","Rebound"],"picked":"Ball Lightning","floor":1.0},{"not_picked":["Redo","Hologram"],"picked":"Echo Form","floor":3.0},{"not_picked":["Force Field","Stack","Reprogram"],"picked":"SKIP","floor":5.0},{"not_picked":["Streamline","Stack"],"picked":"Barrage","floor":6.0},{"not_picked":["Coolheaded","Reinforced Body"],"picked":"FTL","floor":8.0},{"not_picked":["Coolheaded","Turbo"],"picked":"Sunder","floor":13.0},{"not_picked":["BootSequence","Redo"],"picked":"Machine Learning","floor":14.0},{"not_picked":["Creative AI","Thunder Strike"],"picked":"Echo Form","floor":16.0},{"not_picked":["Gash","Turbo"],"picked":"Heatsinks","floor":18.0},{"not_picked":["Gash","Cold Snap"],"picked":"Hologram+1","floor":19.0},{"not_picked":["Reprogram","Gash"],"picked":"Loop","floor":20},{"not_picked":["Loop+1","Chaos"],"picked":"Storm+1","floor":23},{"not_picked":["Skim","Steam"],"picked":"Storm+1","floor":27},{"not_picked":["Turbo","Streamline"],"picked":"Cold Snap","floor":28},{"not_picked":["All For One","Redo","Streamline"],"picked":"SKIP","floor":30},{"not_picked":["Hologram","Gash"],"picked":"Leap+1","floor":31},{"not_picked":["Seek","Machine Learning+1"],"picked":"Creative AI+1","floor":33},{"not_picked":["Hologram","Static Discharge+1"],"picked":"Coolheaded","floor":35},{"not_picked":["Storm+1","Ball Lightning"],"picked":"Static Discharge+1","floor":39},{"not_picked":["Ball Lightning","Barrage","Scrape"],"picked":"SKIP","floor":41},{"not_picked":["Sweeping Beam","Compile Driver","Streamline"],"picked":"SKIP","floor":42},{"not_picked":["Recycle","Machine Learning+1"],"picked":"Defragment+1","floor":44},{"not_picked":["Leap","Steam"],"picked":"Coolheaded","floor":45},{"not_picked":["Beam Cell","Darkness"],"picked":"Defragment+1","floor":46}],"player_experience":950537,"relics_obtained":[{"floor":6.0,"key":"WingedGreaves"},{"floor":8.0,"key":"Mummified Hand"},{"floor":9.0,"key":"Girya"},{"floor":13.0,"key":"Old Coin"},{"floor":23,"key":"Frozen Egg 2"},{"floor":26,"key":"Pear"},{"floor":27,"key":"Turnip"},{"floor":38,"key":"Unceasing Top"},{"floor":39,"key":"Pocketwatch"},{"floor":42,"key":"Juzu Bracelet"},{"floor":44,"key":"Pen Nib"},{"floor":46,"key":"Lantern"}],"event_choices":[{"damage_healed":0.0,"max_hp_gain":0.0,"max_hp_loss":0.0,"gold_gain":0.0,"event_name":"Shining Light","player_choice":"Entered Light","floor":2.0,"gold_loss":0.0,"damage_taken":21.0,"cards_upgraded":["Ball Lightning","Dualcast"]},{"damage_healed":17.0,"max_hp_gain":0.0,"max_hp_loss":0.0,"gold_gain":0.0,"event_name":"The Cleric","player_choice":"Healed","floor":4.0,"gold_loss":35.0,"damage_taken":0.0},{"damage_healed":0.0,"max_hp_gain":0.0,"max_hp_loss":0.0,"gold_gain":0.0,"cards_transformed":["Strike_B"],"event_name":"Living Wall","player_choice":"Change","floor":11.0,"gold_loss":0.0,"damage_taken":0.0,"cards_obtained":["Doom and Gloom"]},{"damage_healed":0,"gold_gain":0,"player_choice":"Simplicity","damage_taken":0,"max_hp_gain":0,"max_hp_loss":0,"event_name":"Back to Basics","floor":22,"gold_loss":0,"cards_upgraded":["Strike_B","Strike_B","Defend_B","Defend_B","Defend_B","Defend_B"]},{"cards_removed":["Zap"],"damage_healed":0,"gold_gain":0,"player_choice":"Gave Gold","damage_taken":0,"max_hp_gain":0,"max_hp_loss":0,"event_name":"Beggar","floor":24,"gold_loss":75},{"damage_healed":0,"gold_gain":0,"player_choice":"Damaged","damage_taken":12,"max_hp_gain":0,"max_hp_loss":0,"event_name":"Wheel of Change","floor":36,"gold_loss":0},{"damage_healed":0,"gold_gain":0,"player_choice":"Fight","damage_taken":0,"max_hp_gain":0,"max_hp_loss":0,"event_name":"MindBloom","floor":38,"gold_loss":0},{"damage_healed":0,"gold_gain":0,"player_choice":"Fight","damage_taken":0,"max_hp_gain":0,"max_hp_loss":0,"event_name":"Mysterious Sphere","floor":39,"gold_loss":0}],"is_beta":false,"boss_relics":[{"not_picked":["Fusion Hammer","Black Star"],"picked":"Snecko Eye"},{"not_picked":["Calling Bell","Runic Dome"],"picked":"Cursed Key"}],"items_purged_floors":[21],"is_endless":false,"potions_floor_spawned":[6,14,19,20,30,33,35,38,39,44],"killed_by":"Reptomancer","ascension_level":20}}