{"host":"x21cvmfdo17nyhii","time":1610654653,"event":{"mods":["AchievementEnabler","BaseMod","Colored Map","Colored Powertips","DeckTracker","Highlight Path","Minty Spire (QoL Compilation)","Quick Restart","Rare Cards Sparkle","SuperFastMode"],"gold_per_floor":[112,43,43,59,71,106,116,136,136,136,61,61,86,86,86,184,234,250,250,265,265,265,265,279,306,360,360,275,52,78,97,97,201,201,219,73,73,128,148,148,67,67,138,170,0,0,0],"floor_reached":46,"language":"ENG","playtime":2372,"items_purged":[],"score":690,"play_id":"0b2bee11-7f17-44e8-93af-ee82b6f7a3f6","local_time":"20210114120413","is_ascension_mode":true,"campfire_choices":[{"floor":12,"key":"REST"},{"floor":15,"key":"REST"},{"data":"After Image","floor":23,"key":"SMITH"},{"data":"Bouncing Flask","floor":27,"key":"SMITH"},{"data":"Catalyst","floor":32,"key":"SMITH"},{"floor":40,"key":"REST"}],"circlet_count":0,"master_deck":["Survivor","Neutralize","Cloak And Dagger","Flying Knee","Dash","Quick Slash+1","Die Die Die","Acrobatics","Deflect+1","Distraction","After Image+1","All Out Attack","Burst+1","Bouncing Flask+1","Predator+1","Calculated Gamble","Reflex","Catalyst+1","Calculated Gamble","Dodge and Roll+1","Tools of the Trade","Calculated Gamble","PiercingWail","Burst","Sucker Punch","Footwork","Poisoned Stab","After Image","Crippling Poison","Escape Plan+1","Flying Knee+1","Cloak And Dagger+1","Blur","Madness","Madness","Well Laid Plans+1"],"relics":["Runic Dome","Anchor","Turnip","Question Card","Tiny House","The Specimen","War Paint","Calipers","Vajra","Bottled Lightning","Pandora\u0027s Box","Lee\u0027s Waffle","Mango","Toxic Egg 2","Pen Nib","Red Mask"],"acts_visited":["Exordium","TheCity","TheBeyond","TheBeyond"],"potions_floor_usage":[13,16,16,31,33],"damage_taken":[{"damage":0,"enemies":"Small Slimes","floor":1,"turns":4},{"damage":5,"enemies":"Cultist","floor":4,"turns":4},{"damage":0,"enemies":"2 Louse","floor":5,"turns":3},{"damage":17,"enemies":"Lagavulin","floor":6,"turns":10},{"damage":3,"enemies":"Exordium Thugs","floor":7,"turns":5},{"damage":3,"enemies":"Large Slime","floor":8,"turns":5},{"damage":35,"enemies":"Gremlin Nob","floor":13,"turns":5},{"damage":38,"enemies":"Hexaghost","floor":16,"turns":12},{"damage":0,"enemies":"Shell Parasite","floor":18,"turns":5},{"damage":2,"enemies":"Chosen","floor":20,"turns":4},{"damage":3,"enemies":"Snake Plant","floor":24,"turns":4},{"damage":5,"enemies":"Gremlin Leader","floor":25,"turns":9},{"damage":3,"enemies":"Book of Stabbing","floor":30,"turns":3},{"damage":0,"enemies":"Cultist and Chosen","floor":31,"turns":4},{"damage":50,"enemies":"Automaton","floor":33,"turns":12},{"damage":15,"enemies":"3 Shapes","floor":35,"turns":4},{"damage":46,"enemies":"2 Orb Walkers","floor":38,"turns":5},{"damage":9,"enemies":"3 Darklings","floor":39,"turns":4},{"damage":24,"enemies":"Nemesis","floor":44,"turns":5},{"damage":41,"enemies":"Spire Growth","floor":46,"turns":5}],"seed_played":"-3726118700282443","potions_obtained":[{"floor":6,"key":"Block Potion"},{"floor":7,"key":"Regen Potion"},{"floor":13,"key":"PowerPotion"},{"floor":17,"key":"LiquidMemories"},{"floor":18,"key":"Ancient Potion"},{"floor":25,"key":"SkillPotion"},{"floor":33,"key":"FearPotion"},{"floor":35,"key":"SpeedPotion"},{"floor":44,"key":"Fire Potion"}],"is_trial":false,"path_per_floor":["M","$","?","M","M","E","M","M","T","?","$","R","E","?","R","B",null,"M","?","M","?","?","R","M","E","T","R","?","$","E","M","R","B",null,"M","$","?","?","M","R","$","?","T","E","?","M"],"character_chosen":"THE_SILENT","items_purchased":["Cloak And Dagger","Flying Knee","All Out Attack","Catalyst","Vajra","Lee\u0027s Waffle","Blur"],"campfire_rested":3,"item_purchase_floors":[2,2,11,29,29,36,41],"current_hp_per_floor":[70,70,70,65,65,48,45,42,42,42,42,63,28,14,35,12,75,75,75,73,59,80,80,77,72,72,72,72,72,69,69,69,19,80,65,87,87,55,46,76,76,63,63,39,39,0,0],"gold":0,"neow_bonus":"BOSS_RELIC","is_daily":false,"chose_seed":false,"campfire_upgraded":3,"win_rate":0.0,"timestamp":1610654653,"path_taken":["M","$","?","M","M","E","M","?","T","?","?","R","E","?","R","BOSS","M","?","?","?","?","R","?","E","T","R","?","$","E","M","R","BOSS","M","$","?","?","M","R","?","?","T","E","?","M"],"items_purchased_type":["Card","Card","Card","Card","Relic","Relic","Card"],"build_version":"2020-12-22","purchased_purges":0,"victory":false,"max_hp_per_floor":[70,70,70,70,70,70,70,70,70,70,70,70,70,70,70,70,75,75,75,75,80,80,80,80,80,80,80,80,80,80,80,80,80,80,80,87,87,101,101,101,101,101,101,101,101,101,101],"card_choices":[{"not_picked":["Dodge and Roll","Quick Slash","Sucker Punch"],"picked":"SKIP","floor":1},{"not_picked":["Endless Agony","Bane"],"picked":"Dash","floor":4},{"not_picked":["Eviscerate","Concentrate"],"picked":"Quick Slash","floor":5},{"not_picked":["Terror","Dagger Spray"],"picked":"Die Die Die","floor":6},{"not_picked":["Slice","Infinite Blades","Eviscerate"],"picked":"SKIP","floor":7},{"not_picked":["Poisoned Stab","Terror"],"picked":"Acrobatics","floor":8},{"not_picked":["Skewer","Underhanded Strike","Caltrops"],"picked":"SKIP","floor":13},{"not_picked":["After Image","Glass Knife","Envenom"],"picked":"Burst","floor":16},{"not_picked":["Dodge and Roll","Bane","Deflect"],"picked":"Bouncing Flask","floor":17},{"not_picked":["Quick Slash","Cloak And Dagger","Underhanded Strike"],"picked":"Predator+1","floor":18},{"not_picked":["Poisoned Stab+1","Flying Knee","Outmaneuver"],"picked":"Calculated Gamble","floor":20},{"not_picked":["Caltrops","Leg Sweep","Choke+1"],"picked":"Reflex","floor":24},{"not_picked":["Glass Knife","Eviscerate","Dagger Throw"],"picked":"Poisoned Stab","floor":25},{"not_picked":["Sucker Punch","Dodge and Roll","Quick Slash"],"picked":"Calculated Gamble","floor":30},{"not_picked":["Caltrops","Acrobatics","Predator"],"picked":"Dodge and Roll+1","floor":31},{"not_picked":["Die Die Die","After Image","Grand Finale"],"picked":"Tools of the Trade","floor":33},{"not_picked":["Dagger Spray+1","Dodge and Roll","Concentrate+1"],"picked":"Escape Plan+1","floor":35},{"not_picked":["Accuracy+1","Cloak And Dagger+1","Setup"],"picked":"Flying Knee+1","floor":38},{"not_picked":["Blade Dance+1","Finisher+1","Dagger Spray+1"],"picked":"Cloak And Dagger+1","floor":39},{"not_picked":["Dagger Throw+1","Dodge and Roll+1","Backstab+1"],"picked":"Well Laid Plans+1","floor":44}],"player_experience":378476,"relics_obtained":[{"floor":6,"key":"Anchor"},{"floor":9,"key":"Turnip"},{"floor":13,"key":"Question Card"},{"floor":25,"key":"The Specimen"},{"floor":26,"key":"War Paint"},{"floor":30,"key":"Bottled Lightning"},{"floor":38,"key":"Mango"},{"floor":43,"key":"Toxic Egg 2"},{"floor":44,"key":"Pen Nib"}],"event_choices":[{"damage_healed":0,"gold_gain":0,"cards_transformed":["Strike_G"],"player_choice":"Transformed","damage_taken":0,"max_hp_gain":0,"max_hp_loss":0,"event_name":"Transmorgrifier","floor":3,"gold_loss":0,"cards_obtained":["Concentrate"]},{"damage_healed":0,"gold_gain":0,"player_choice":"3 cards matched","damage_taken":0,"max_hp_gain":0,"max_hp_loss":0,"event_name":"Match and Keep!","floor":10,"gold_loss":0,"cards_obtained":["Deflect","Distraction","After Image"]},{"damage_healed":0,"gold_gain":0,"player_choice":"Entered Light","damage_taken":14,"max_hp_gain":0,"max_hp_loss":0,"event_name":"Shining Light","floor":14,"gold_loss":0,"cards_upgraded":["Defend_G","Strike_G"]},{"cards_removed":["Strike_G"],"damage_healed":0,"gold_gain":0,"player_choice":"Purged","damage_taken":0,"max_hp_gain":0,"max_hp_loss":0,"event_name":"Purifier","floor":19,"gold_loss":0},{"damage_healed":0,"gold_gain":0,"player_choice":"Shed Blood","damage_taken":19,"max_hp_gain":5,"max_hp_loss":0,"event_name":"Forgotten Altar","floor":21,"gold_loss":0},{"cards_removed":["Concentrate"],"damage_healed":21,"gold_gain":0,"player_choice":"Offered Uncommon","damage_taken":0,"max_hp_gain":0,"max_hp_loss":0,"event_name":"Bonfire Elementals","floor":22,"gold_loss":0},{"damage_healed":0,"gold_gain":0,"player_choice":"Obtained Relic","damage_taken":0,"relics_obtained":["Calipers"],"max_hp_gain":0,"max_hp_loss":0,"event_name":"Addict","floor":28,"gold_loss":85},{"cards_removed":["Poisoned Stab"],"damage_healed":0,"gold_gain":0,"player_choice":"Removed Attack","damage_taken":0,"max_hp_gain":0,"max_hp_loss":0,"event_name":"Falling","floor":37,"gold_loss":0},{"damage_healed":0,"gold_gain":0,"player_choice":"Fight","damage_taken":0,"max_hp_gain":0,"max_hp_loss":0,"event_name":"Mysterious Sphere","floor":38,"gold_loss":0},{"damage_healed":0,"gold_gain":0,"player_choice":"Embrace Madness","damage_taken":13,"max_hp_gain":0,"max_hp_loss":0,"event_name":"Winding Halls","floor":42,"gold_loss":0,"cards_obtained":["Madness","Madness"]},{"damage_healed":0,"gold_gain":0,"player_choice":"Paid","damage_taken":0,"relics_obtained":["Red Mask"],"max_hp_gain":0,"max_hp_loss":0,"event_name":"Tomb of Lord Red Mask","floor":45,"gold_loss":170}],"is_beta":false,"boss_relics":[{"not_picked":["Sozu","Calling Bell"],"picked":"Tiny House"},{"not_picked":["SacredBark","Philosopher\u0027s Stone"],"picked":"Pandora\u0027s Box"}],"items_purged_floors":[],"is_endless":false,"potions_floor_spawned":[6,7,13,18,25,33,35,44],"killed_by":"Spire Growth","ascension_level":4}}