{"host":"2qpilcmj89x3pncz","time":1610589235,"event":{"mods":["100% Spire Juice","2.2 Compatiblity","Act Like it!","Aspiration","BaseMod","Beaked The Cultist","BetterRewards","Colored Map","Colored Powertips","Conjunction","Conspire","Dota2Spire","Downfall","Faster Ascension Climbing","GifTheSpireLib","Grow up Mod","Halation","Hubris","Infinite Spire","Jedi Mod","Marisa????????","Mimic Mod","Minty Spire (QoL Compilation)","Pale of the Ancients","Poem Panic","Quick Restart","Shop Mod","Small Relic Pack","Spicy Shops","Spikes Relics","StSLib","Stuff the Spire","SuperFastMode","Synergy Search","The Servant 0.9.4","Wandering Minibosses","vexMod"],"gold_per_floor":[0,12,24,9,29,14,54,86,100,0,26,83,83,99,111,206,206,6,24,35,51,36,53,53,74,76,78,108,139,158,198,221,338,338,338,368,398,423,425,49,87,106,106,106,106,26,59,59,79,81,81,125,125,125,149,163],"floor_reached":57,"language":"ENG","playtime":3067,"items_purged":["Parasite"],"score":1270,"play_id":"1f334c17-6a21-4585-8ce9-b6b3b5fb5021","local_time":"20210114015355","is_ascension_mode":false,"campfire_choices":[{"data":"hexamod:Float","floor":1.0,"key":"SMITH"},{"floor":10.0,"key":"RECALL"},{"data":"hexamod:FastForward","floor":13.0,"key":"SMITH"},{"floor":18.0,"key":"REST"},{"floor":35.0,"key":"REST"},{"floor":43.0,"key":"REST"},{"floor":54,"key":"REST"}],"circlet_count":0,"master_deck":["hexamod:Strike+1","hexamod:Strike+1","hexamod:Strike+1","hexamod:Strike+1","hexamod:Defend+1","hexamod:Defend+1","hexamod:Defend+1","hexamod:Defend+1","hexamod:Sear+1","hexamod:Float+1","hexamod:EmpoweringStance+1","hexamod:InspiringFlames+1","hexamod:FastForward+1","hexamod:EmpoweredFlame+1","hexamod:EmpoweredFlame+1","hexamod:VolcanoVisage+1","hexamod:ExtraCrispy+1","hexamod:FastForward+1","StuffTheSpire:Vigor+1","hexamod:EmpoweredFlame+1","hexamod:ExtraCrispy+1","infinitespire:UltimateForm","hexamod:GhostOfSpirePresent","expansioncontent:PolyBeam","hexamod:ThirdSeal","hexamod:FirstSeal","hexamod:FourthSeal","hexamod:RadiantFlame+1","hexamod:SecondSeal","hexamod:Toasty"],"relics":["hexamod:SpiritBrand","TungstenRod","downfall:HeartBlessingBlue","CrustySpines","MiniBlackHole","Fusion Hammer","downfall:HeartBlessingRed","downfall:HeartBlessingGreen","infinitespire:Midas Blood","relicPack:DSword","wanderingMiniBosses:AbyssPearl","Gambling Chip","Cursed Key","hexamod:TheBrokenSeal","Dota2Spire:MantaStyle","vexMod:RedPlottingStone","infinitespire:Magic Flask","CosmicIsotope","halation:EternalFortune","Dota2Spire:OctarineCore","hubris:FunFungus"],"acts_visited":["Exordium","TheCity","TheBeyond","TheEnding"],"potions_floor_usage":[49],"damage_taken":[{"damage":0.0,"enemies":"Cultist","floor":2.0,"turns":3.0},{"damage":8.0,"enemies":"2 Louse","floor":3.0,"turns":3.0},{"damage":0.0,"enemies":"downfall:FleeingMerchant","floor":4.0,"turns":4.0},{"damage":25.0,"enemies":"Small Slimes","floor":5.0,"turns":7.0},{"damage":18.0,"enemies":"downfall:FleeingMerchant","floor":6.0,"turns":6.0},{"damage":0.0,"enemies":"Blue Slaver","floor":7.0,"turns":9.0},{"damage":32.0,"enemies":"3 Sentries","floor":8.0,"turns":11.0},{"damage":6.0,"enemies":"Blue Slaver","floor":9.0,"turns":3.0},{"damage":10.0,"enemies":"Lagavulin","floor":11.0,"turns":6.0},{"damage":29.0,"enemies":"3 Sentries","floor":12.0,"turns":11.0},{"damage":26.0,"enemies":"2 Fungi Beasts","floor":14.0,"turns":7.0},{"damage":5.0,"enemies":"Exordium Wildlife","floor":15.0,"turns":6.0},{"damage":50.0,"enemies":"ArchetypeAct1Statuses","floor":16.0,"turns":10.0},{"damage":0.0,"enemies":"Shell Parasite","floor":19.0,"turns":6.0},{"damage":14.0,"enemies":"Chosen","floor":20.0,"turns":5.0},{"damage":30.0,"enemies":"conspire:HollyBat","floor":21.0,"turns":7.0},{"damage":0.0,"enemies":"downfall:FleeingMerchant","floor":22.0,"turns":4.0},{"damage":20.0,"enemies":"Shelled Parasite and Fungi","floor":23.0,"turns":6.0},{"damage":28.0,"enemies":"Snecko","floor":25.0,"turns":6.0},{"damage":73.0,"enemies":"3 Cultists","floor":28.0,"turns":7.0},{"damage":8.0,"enemies":"Snake Plant","floor":29.0,"turns":4.0},{"damage":0.0,"enemies":"Centurion and Healer","floor":30.0,"turns":6.0},{"damage":17.0,"enemies":"Nightmare","floor":31.0,"turns":6.0},{"damage":0.0,"enemies":"conspire:HollyBat","floor":32.0,"turns":6.0},{"damage":29.0,"enemies":"downfall:Defect","floor":33.0,"turns":8.0},{"damage":10.0,"enemies":"Orb Walker","floor":36.0,"turns":5.0},{"damage":7.0,"enemies":"3 Darklings","floor":37.0,"turns":6.0},{"damage":15.0,"enemies":"Writhing Mass","floor":38.0,"turns":7.0},{"damage":0.0,"enemies":"downfall:FleeingMerchant","floor":40.0,"turns":4.0},{"damage":0.0,"enemies":"Maw","floor":41.0,"turns":9.0},{"damage":0.0,"enemies":"Maw","floor":42.0,"turns":6.0},{"damage":28,"enemies":"Nightmare","floor":47,"turns":8},{"damage":0,"enemies":"Sphere and 2 Shapes","floor":49,"turns":7},{"damage":13,"enemies":"downfall:Watcher","floor":50,"turns":7},{"damage":30,"enemies":"downfall:CharBossMerchant","floor":52,"turns":7},{"damage":173,"enemies":"downfall:NeowBoss","floor":55,"turns":17},{"damage":58,"enemies":"downfall:NeowBossFinal","floor":56,"turns":10}],"seed_played":"-5955226728549066915","potions_obtained":[{"floor":2.0,"key":"PowerPotion"},{"floor":5.0,"key":"infinitespire:BlackPotion"},{"floor":8.0,"key":"jedi:mysterypotion"},{"floor":11.0,"key":"Dota2Spire:HealingSalve"},{"floor":16.0,"key":"FearPotion"},{"floor":19.0,"key":"Conjunction:LightningMarble"},{"floor":23.0,"key":"FearPotion"},{"floor":25.0,"key":"Dexterity Potion"},{"floor":28.0,"key":"Fruit Juice"},{"floor":29.0,"key":"SkillPotion"},{"floor":29.0,"key":"EntropicBrew"},{"floor":30.0,"key":"jedi:hoardpotion"},{"floor":31.0,"key":"SkillPotion"},{"floor":31.0,"key":"PowerPotion"},{"floor":32.0,"key":"Explosive Potion"},{"floor":32.0,"key":"BlessingOfTheForge"},{"floor":33.0,"key":"jedi:holywater"},{"floor":36.0,"key":"LiquidMemories"},{"floor":38.0,"key":"Fruit Juice"},{"floor":38.0,"key":"DuplicationPotion"},{"floor":42.0,"key":"hexamod:DoubleChargePotion"},{"floor":49,"key":"Fruit Juice"}],"is_trial":false,"path_per_floor":["R","M","M","$","M","$","MIM","E","M","R","E","?","R","M","M","B",null,"R","M","M","M","$","M","T","M","?","?","M","M","M","NM","M","B",null,"R","M","M","M","?","$","MIM","M","R","AVR","?","$","NM","$","M","B",null,"E","$","R","B","B",null],"character_chosen":"THE_SPIRIT","items_purchased":["Dota2Spire:MantaStyle","vexMod:RedPlottingStone","expansioncontent:PolyBeam","hexamod:FourthSeal"],"campfire_rested":4,"item_purchase_floors":[40,40,40,46],"current_hp_per_floor":[90,100,102,112,97,89,99,77,81,101,101,94,104,88,93,103,260,270,280,276,256,266,256,266,248,224,179,171,173,183,176,186,167,435,445,445,448,490,382,397,407,417,537,547,560,570,559,569,591,595,625,612,622,655,547,523],"gold":163,"neow_bonus":"THREE_RARE_CARDS","is_daily":false,"chose_seed":false,"campfire_upgraded":2,"win_rate":0.0,"timestamp":1610589235,"path_taken":["R","M","M","$","M","?","MIM","E","M","R","E","?","R","M","M","BOSS","R","M","M","M","$","M","T","M","?","?","?","M","M","NM","M","BOSS","R","M","M","M","?","$","MIM","?","R","AVR","?","$","NM","?","M","BOSS","E","$","R","BOSS","BOSS"],"items_purchased_type":["Relic","Relic","Card","Card"],"build_version":"2020-12-22","purchased_purges":1,"victory":true,"max_hp_per_floor":[90,100,110,120,130,140,150,160,170,190,200,210,220,230,240,250,260,270,280,290,300,310,320,330,340,350,360,375,385,395,405,415,425,435,445,455,465,490,500,507,517,527,537,547,560,570,580,590,605,615,625,635,645,655,675,695],"card_choices":[{"not_picked":["hexamod:GhostflameInferno","hexamod:ApocalypticArmor"],"picked":"hexamod:EmpoweringStance","floor":0.0},{"not_picked":["hexamod:NightmareGuise","hexamod:HeatMetal"],"picked":"hexamod:InspiringFlames","floor":2.0},{"not_picked":["hexamod:GhostShield","hexamod:NightmareStrike","hexamod:FlamesFromBeyond"],"picked":"SKIP","floor":3.0},{"not_picked":["hexamod:ApocalypseNow","hexamod:RecurringNightmare"],"picked":"hexamod:FastForward","floor":4.0},{"not_picked":["hexamod:PhantomFireball","hexamod:NightmareGuise"],"picked":"hexamod:EmpoweredFlame","floor":5.0},{"not_picked":["hexamod:SwordOfDarkness","hexamod:SpectersWail"],"picked":"hexamod:EmpoweredFlame","floor":6.0},{"not_picked":["hexamod:GhostLash","hexamod:AdvancingGuard","hexamod:Hexaguard"],"picked":"SKIP","floor":8.0},{"not_picked":["hexamod:SwordOfDarkness","hexamod:GhostLash","hexamod:BurningTouch"],"picked":"SKIP","floor":9.0},{"not_picked":["hexamod:CrushingStance","hexamod:GhostOfSpirePresent"],"picked":"hexamod:SixthSeal","floor":11.0},{"not_picked":["hexamod:SpectersWail","hexamod:NecessarySacrifice","hexamod:FlamesFromBeyond"],"picked":"SKIP","floor":14.0},{"not_picked":["hexamod:SwordOfDarkness","hexamod:SpectersWail","hexamod:RetreatToShadows"],"picked":"SKIP","floor":15.0},{"not_picked":["hexamod:GiftsFromTheDead","hexamod:ParanormalForm"],"picked":"hexamod:VolcanoVisage","floor":16.0},{"not_picked":["hexamod:NightmareStrike+1","hexamod:BacktrackSmack","hexamod:PhantomCloak"],"picked":"SKIP","floor":19.0},{"not_picked":["hexamod:NightmareGuise","hexamod:ThermalTransfer"],"picked":"hexamod:ExtraCrispy","floor":20.0},{"not_picked":["hexamod:AdvancingGuard","hexamod:ShieldOfDarkness"],"picked":"hexamod:FastForward","floor":21.0},{"not_picked":["hexamod:BacktrackSmack+1","hexamod:ParanormalForm","hexamod:ThermalTransfer"],"picked":"SKIP","floor":22.0},{"not_picked":["hexamod:NecessarySacrifice","hexamod:AdvancingGuard"],"picked":"hexamod:FourthSeal","floor":23.0},{"not_picked":["hexamod:ThermalTransfer","hexamod:NecessarySacrifice"],"picked":"hexamod:SecondSeal","floor":25.0},{"not_picked":["hexamod:FlamesFromBeyond","hexamod:EtherealExpedition","hexamod:GhostflameBarrier+1"],"picked":"SKIP","floor":28.0},{"not_picked":["hexamod:HeatShield","hexamod:ShieldOfDarkness"],"picked":"hexamod:EmpoweredFlame","floor":29.0},{"not_picked":["hexamod:RecurringNightmare+1","hexamod:SecondSeal","hexamod:ChargedBarrage"],"picked":"SKIP","floor":30.0},{"not_picked":["hexamod:DynamicBlow+1","hexamod:ParanormalForm","hexamod:NightmareGuise"],"picked":"SKIP","floor":31.0},{"not_picked":["hexamod:SwordOfDarkness","hexamod:NightmareStrike+1","hexamod:HauntingEcho+1"],"picked":"SKIP","floor":32.0},{"not_picked":["hexamod:GhostflameInferno","hexamod:Toasty"],"picked":"hexamod:FifthSeal","floor":33.0},{"not_picked":["hexamod:SecondSeal","hexamod:FirstSeal"],"picked":"hexamod:ThirdSeal","floor":36.0},{"not_picked":["hexamod:SwordOfDarkness+1","hexamod:EtherealExpedition+1","hexamod:ThermalTransfer"],"picked":"SKIP","floor":36.0},{"not_picked":["hexamod:GhostLash+1","hexamod:AdvancingGuard"],"picked":"hexamod:ExtraCrispy+1","floor":37.0},{"not_picked":["hexamod:SecondSeal","hexamod:SixthSeal"],"picked":"hexamod:FirstSeal","floor":37.0},{"not_picked":["hexamod:HeatMetal+1","hexamod:NightmareGuise","hexamod:SwordOfDarkness"],"picked":"SKIP","floor":37.0},{"not_picked":["hexamod:RecurringNightmare","hexamod:HeatCrush","hexamod:ShieldOfDarkness+1"],"picked":"SKIP","floor":38.0},{"not_picked":["infinitespire:DeathsTouch","infinitespire:FinalStrike"],"picked":"infinitespire:UltimateForm","floor":39.0},{"not_picked":["hexamod:GhostLash","hexamod:SwordOfDarkness"],"picked":"hexamod:GhostOfSpirePresent","floor":40.0},{"not_picked":["hexamod:FastForward","hexamod:BurningTouch+1"],"picked":"hexamod:ThirdSeal","floor":41.0},{"not_picked":["hexamod:HeatMetal","hexamod:RainOfEmbers"],"picked":"hexamod:FirstSeal","floor":42.0},{"not_picked":["hexamod:AdvancingGuard","hexamod:ThermalTransfer+1","hexamod:SpectersWail+1"],"picked":"SKIP","floor":42.0},{"not_picked":["hexamod:ThermalTransfer+1","hexamod:NightmareGuise+1"],"picked":"hexamod:RadiantFlame+1","floor":47},{"not_picked":["hexamod:BurningTouch+1","hexamod:InspiringFlames","hexamod:CrushingStance"],"picked":"SKIP","floor":47},{"not_picked":["hexamod:SpectersWail","hexamod:SwordOfDarkness+1"],"picked":"hexamod:SecondSeal","floor":49},{"not_picked":["hexamod:DynamicBlow+1","hexamod:RetreatToShadows+1","hexamod:SpectralSpark"],"picked":"SKIP","floor":49},{"not_picked":["hexamod:GhostOfSpirePast","hexamod:BurningTouch+1"],"picked":"hexamod:Toasty","floor":52},{"not_picked":["hexamod:SwordOfDarkness+1","hexamod:RetreatToShadows","hexamod:SpectersWail"],"picked":"SKIP","floor":52}],"player_experience":269637,"relics_obtained":[{"floor":8.0,"key":"TungstenRod"},{"floor":11.0,"key":"CrustySpines"},{"floor":12.0,"key":"MiniBlackHole"},{"floor":24.0,"key":"infinitespire:Midas Blood"},{"floor":28.0,"key":"wanderingMiniBosses:AbyssPearl"},{"floor":31.0,"key":"Gambling Chip"},{"floor":41.0,"key":"infinitespire:Magic Flask"},{"floor":47,"key":"Dota2Spire:OctarineCore"},{"floor":52,"key":"hubris:FunFungus"}],"event_choices":[],"is_beta":false,"boss_relics":[{"not_picked":["hubris:RunicObelisk","aspiration:SecretTechniqueScroll"],"picked":"Fusion Hammer"},{"not_picked":["Astrolabe","aspiration:WatcherSkillbook"],"picked":"Cursed Key"}],"items_purged_floors":[40],"is_endless":false,"potions_floor_spawned":[2,5,8,11,16,19,20,23,29,31,32,33,38,42,47],"ascension_level":0}}