{"host":"52jmisti11ysmja4","time":1610592197,"event":{"mods":["Aspiration","BaseMod","Better Third Choice","Minty Spire (QoL Compilation)","Remove Card Discount Mod","StSLib","The Bladedancer"],"gold_per_floor":[118,138,43,143,154,187,202,235,235,253,268,268,268],"floor_reached":12,"language":"ENG","playtime":2245,"items_purged":["blademaster:Defend","blademaster:Defend","blademaster:Defend","blademaster:Defend","blademaster:Strike","blademaster:Strike","blademaster:Strike","blademaster:Strike"],"score":147,"play_id":"59957665-6b06-45fe-9eb7-7c5856e7606a","local_time":"20210113184317","is_ascension_mode":true,"campfire_choices":[],"circlet_count":0,"master_deck":["AscendersBane","blademaster:RagingBlow","blademaster:HighVoltage","blademaster:RollingTyphoon","blademaster:BloodyBlow","blademaster:ThunderSlash","blademaster:Havoc","blademaster:Safeguard","blademaster:Flurry","blademaster:Momentum","blademaster:Flurry","blademaster:CombatPrep","blademaster:FuriousStrike"],"relics":["blademaster:DancersAmulet","Omamori","Frozen Egg 2","Pantograph"],"acts_visited":["Exordium"],"potions_floor_usage":[5,6,12],"damage_taken":[{"damage":12,"enemies":"Small Slimes","floor":1,"turns":4},{"damage":1,"enemies":"Cultist","floor":2,"turns":3},{"damage":13,"enemies":"2 Louse","floor":5,"turns":2},{"damage":20,"enemies":"3 Sentries","floor":6,"turns":8},{"damage":0,"enemies":"Blue Slaver","floor":7,"turns":2},{"damage":9,"enemies":"Gremlin Nob","floor":8,"turns":3},{"damage":1,"enemies":"Exordium Wildlife","floor":10,"turns":3},{"damage":0,"enemies":"Exordium Thugs","floor":11,"turns":3},{"damage":10,"enemies":"3 Sentries","floor":12,"turns":1}],"seed_played":"-8216896226676661186","potions_obtained":[{"floor":2,"key":"Fruit Juice"},{"floor":5,"key":"Block Potion"},{"floor":8,"key":"Explosive Potion"}],"is_trial":false,"path_per_floor":["M","M","$","?","M","E","M","E","T","M","M","E"],"character_chosen":"THE_BLADEMASTER","items_purchased":["blademaster:Havoc"],"campfire_rested":0,"item_purchase_floors":[3],"current_hp_per_floor":[56,55,55,55,47,27,27,18,18,17,17,7,7],"gold":268,"neow_bonus":"ONE_RANDOM_RARE_CARD","is_daily":false,"chose_seed":false,"campfire_upgraded":0,"win_rate":0.0,"timestamp":1610592197,"path_taken":["M","M","$","?","M","E","M","E","T","M","M","E"],"items_purchased_type":["Card"],"build_version":"2020-12-22","purchased_purges":8,"victory":false,"max_hp_per_floor":[75,75,75,75,80,80,80,80,80,80,80,80,80],"card_choices":[{"not_picked":["blademaster:LeechingStrike","blademaster:LightningCrash"],"picked":"blademaster:BloodyBlow","floor":1},{"not_picked":["blademaster:Hailwind","blademaster:Quickness"],"picked":"blademaster:ThunderSlash","floor":2},{"not_picked":["blademaster:CombatPrep","blademaster:Quickstep"],"picked":"blademaster:Safeguard","floor":5},{"not_picked":["blademaster:SlyStabs","blademaster:AwakeningStrike"],"picked":"blademaster:Flurry","floor":6},{"not_picked":["blademaster:ChargingUp","blademaster:AirSlash"],"picked":"blademaster:Momentum","floor":7},{"not_picked":["blademaster:DeadlyDance","blademaster:Reversal"],"picked":"blademaster:Flurry","floor":8},{"not_picked":["blademaster:AncestralHealing","blademaster:ParryingStrike"],"picked":"blademaster:CombatPrep","floor":10},{"not_picked":["blademaster:Rupture","blademaster:ParryingStrike"],"picked":"blademaster:FuriousStrike","floor":11}],"player_experience":566390,"relics_obtained":[{"floor":6,"key":"Omamori"},{"floor":6,"key":"blademaster:FuryEveryTurnPerk"},{"floor":8,"key":"Frozen Egg 2"},{"floor":8,"key":"blademaster:RandomStancePerk"},{"floor":9,"key":"Pantograph"}],"event_choices":[{"damage_healed":0,"gold_gain":100,"player_choice":"Pray","damage_taken":0,"max_hp_gain":0,"max_hp_loss":0,"event_name":"Golden Shrine","floor":4,"gold_loss":0}],"is_beta":false,"boss_relics":[],"items_purged_floors":[3,3,3,3,3,3,3,3],"is_endless":false,"potions_floor_spawned":[2,5,8],"killed_by":"3 Sentries","ascension_level":12}}