{"host":"r53pw7z744tg3fxg","time":1610640944,"event":{"mods":["AchievementEnabler","BaseMod","Colored Map","Colored Powertips","Highlight Path","Minty Spire (QoL Compilation)","Quick Restart","Transform Curses"],"gold_per_floor":[117,127,147,200,30,59,59,59,59,86,104,104,6,35,35,108,108,127,29,29,29,41,41,41,41],"floor_reached":24,"language":"ENG","playtime":1012,"items_purged":[],"score":350,"play_id":"4cc0472b-7456-49c2-b83f-7717791183ff","local_time":"20210114091544","is_ascension_mode":true,"campfire_choices":[{"floor":7.0,"key":"REST"},{"floor":12,"key":"REST"},{"data":"Eruption","floor":15,"key":"SMITH"},{"data":"ForeignInfluence","floor":23,"key":"SMITH"}],"circlet_count":0,"master_deck":["AscendersBane","Strike_P","Strike_P","Strike_P","Strike_P","Defend_P+1","Defend_P+1","Defend_P","Defend_P","Eruption+1","Vigilance","ReachHeaven","PathToVictory","WheelKick","FearNoEvil","ThirdEye","Halt","Judgement","Blind","CutThroughFate","Evaluate","BattleHymn","Finesse","Consecrate","LessonLearned","CarveReality","Panacea","ForeignInfluence+1"],"relics":["HolyWater","Akabeko","InkBottle","Pantograph","War Paint","Blue Candle","Nilry\u0027s Codex"],"acts_visited":["Exordium","TheCity"],"potions_floor_usage":[14,16,24,24],"damage_taken":[{"damage":6.0,"enemies":"Small Slimes","floor":1.0,"turns":3.0},{"damage":2.0,"enemies":"Jaw Worm","floor":2.0,"turns":3.0},{"damage":5.0,"enemies":"Cultist","floor":3.0,"turns":4.0},{"damage":10.0,"enemies":"Gremlin Nob","floor":6.0,"turns":3.0},{"damage":17,"enemies":"3 Sentries","floor":10,"turns":8},{"damage":0,"enemies":"Red Slaver","floor":11,"turns":4},{"damage":12,"enemies":"Lagavulin","floor":14,"turns":4},{"damage":29,"enemies":"The Guardian","floor":16,"turns":10},{"damage":20,"enemies":"Shell Parasite","floor":18,"turns":6},{"damage":0,"enemies":"Chosen","floor":22,"turns":4},{"damage":54,"enemies":"Gremlin Leader","floor":24,"turns":5}],"seed_played":"3682927203463270756","potions_obtained":[{"floor":6.0,"key":"SpeedPotion"},{"floor":10,"key":"AttackPotion"},{"floor":11,"key":"LiquidBronze"},{"floor":16,"key":"AttackPotion"},{"floor":22,"key":"LiquidBronze"}],"is_trial":false,"path_per_floor":["M","M","M","?","$","E","R","?","T","E","M","R","$","E","R","B",null,"M","$","?","?","M","R","E"],"character_chosen":"WATCHER","items_purchased":["Akabeko","ThirdEye","Finesse","Panacea"],"campfire_rested":2,"item_purchase_floors":[5,5,13,19],"current_hp_per_floor":[59,57,52,52,52,42,63,63,63,46,46,67,67,55,55,43,65,45,45,29,53,53,53,0,0],"gold":41,"neow_bonus":"THREE_CARDS","is_daily":false,"chose_seed":false,"campfire_upgraded":2,"win_rate":0.0,"timestamp":1610640944,"path_taken":["M","M","M","?","$","E","R","?","T","E","?","R","?","E","R","BOSS","M","$","?","?","M","R","E"],"items_purchased_type":["Relic","Card","Card","Card"],"build_version":"2020-12-22","purchased_purges":0,"victory":false,"max_hp_per_floor":[72,72,72,72,72,72,72,72,72,72,72,72,72,72,72,72,72,72,72,72,72,72,72,72,72],"card_choices":[{"not_picked":["Consecrate","WindmillStrike"],"picked":"ReachHeaven","floor":0.0},{"not_picked":["Prostrate","JustLucky"],"picked":"PathToVictory","floor":1.0},{"not_picked":["Halt","Crescendo"],"picked":"WheelKick","floor":2.0},{"not_picked":["Weave","FollowUp"],"picked":"FearNoEvil","floor":3.0},{"not_picked":["ReachHeaven","PathToVictory"],"picked":"Halt","floor":6.0},{"not_picked":["JustLucky","WaveOfTheHand"],"picked":"Evaluate","floor":10},{"not_picked":["Vengeance","Study"],"picked":"BattleHymn","floor":11},{"not_picked":["Nirvana","Omniscience"],"picked":"Consecrate","floor":14},{"not_picked":["MasterReality","Vault"],"picked":"LessonLearned","floor":16},{"not_picked":["PathToVictory","Consecrate+1"],"picked":"CarveReality","floor":18},{"not_picked":["FlyingSleeves","FollowUp"],"picked":"ForeignInfluence","floor":22}],"player_experience":1250331,"relics_obtained":[{"floor":6.0,"key":"InkBottle"},{"floor":9,"key":"Pantograph"},{"floor":10,"key":"War Paint"},{"floor":14,"key":"Blue Candle"},{"floor":20,"key":"Nilry\u0027s Codex"}],"event_choices":[{"damage_healed":0.0,"max_hp_gain":0.0,"max_hp_loss":0.0,"gold_gain":53.0,"event_name":"Golden Wing","player_choice":"Gained Gold","floor":4.0,"gold_loss":0.0,"damage_taken":0.0},{"damage_healed":0,"gold_gain":0,"player_choice":"3 cards matched","damage_taken":0,"max_hp_gain":0,"max_hp_loss":0,"event_name":"Match and Keep!","floor":8,"gold_loss":0,"cards_obtained":["Judgement","Blind","CutThroughFate"]},{"damage_healed":0,"gold_gain":0,"player_choice":"Obtained Book","damage_taken":16,"max_hp_gain":0,"max_hp_loss":0,"event_name":"Cursed Tome","floor":20,"gold_loss":0},{"damage_healed":24,"gold_gain":0,"player_choice":"Heal","damage_taken":0,"max_hp_gain":0,"max_hp_loss":0,"event_name":"The Library","floor":21,"gold_loss":0}],"is_beta":false,"boss_relics":[{"not_picked":["Coffee Dripper","Velvet Choker"],"picked":"HolyWater"}],"items_purged_floors":[],"is_endless":false,"potions_floor_spawned":[6,10,11,16,22],"killed_by":"Gremlin Leader","ascension_level":13}}