{"host":"kmq7aw60w430zvtx","time":1610617926,"event":{"mods":["BaseMod","Downfall","GifTheSpireLib","Hermit","Hubris","Minty Spire (QoL Compilation)","Replay The Spire","StSLib","The Construct","The Cursed","The Hierophant","The Jungle","The Necromancer","The Runesmith"],"gold_per_floor":[109,109,122,139,159,188,188,53,53,23,41,41,72,83,83,83,83],"floor_reached":16,"language":"ENG","playtime":826,"items_purged":[],"score":112,"play_id":"06150856-d7a3-4b68-8c67-e55b32ffff94","local_time":"20210114105206","is_ascension_mode":false,"campfire_choices":[{"floor":7,"key":"RECALL"},{"floor":12,"key":"REST"},{"floor":15,"key":"REST"}],"circlet_count":0,"master_deck":["Strike_G","Strike_G","Strike_G","Strike_G","Strike_G","Defend_G","Defend_G","Defend_G","Defend_G","Defend_G","Survivor","Neutralize","Masterful Stab","Sucker Punch","Caltrops","Hidden Blade","Blur","Infinite Blades","Cloak And Dagger","PiercingWail","Well Laid Plans","hermit:Determination"],"relics":["Ring of the Snake","Replay:Bottled Flurry","hubris:DisguiseKit"],"acts_visited":["Exordium"],"potions_floor_usage":[6,11,13,16,16,16],"damage_taken":[{"damage":5,"enemies":"Jaw Worm","floor":1,"turns":7},{"damage":0,"enemies":"Cultist","floor":3,"turns":4},{"damage":0,"enemies":"Small Slimes","floor":4,"turns":3},{"damage":3,"enemies":"2 Fungi Beasts","floor":5,"turns":4},{"damage":28,"enemies":"Lagavulin","floor":6,"turns":8},{"damage":9,"enemies":"Gremlin Gang","floor":11,"turns":4},{"damage":41,"enemies":"Gremlin Nob","floor":13,"turns":6},{"damage":2,"enemies":"3 Louse","floor":14,"turns":3},{"damage":47,"enemies":"Hexaghost","floor":16,"turns":14}],"seed_played":"7717925080171375762","potions_obtained":[{"floor":4,"key":"SteroidPotion"},{"floor":6,"key":"SkillPotion"},{"floor":10,"key":"CunningPotion"},{"floor":10,"key":"sneckomod:MuddlingPotion"},{"floor":11,"key":"champ:CounterPotion"},{"floor":13,"key":"Weak Potion"}],"is_trial":false,"path_per_floor":["M","?","M","M","M","E","R","$","T","?","M","R","E","M","R","B"],"character_chosen":"THE_SILENT","items_purchased":["Infinite Blades","Cloak And Dagger"],"campfire_rested":2,"item_purchase_floors":[8,8],"current_hp_per_floor":[65,80,80,80,77,49,49,49,49,49,40,64,23,21,45,0,0],"gold":83,"neow_bonus":"ONE_RANDOM_RARE_CARD","is_daily":false,"chose_seed":false,"campfire_upgraded":0,"win_rate":0.0,"timestamp":1610617926,"path_taken":["M","?","M","M","?","E","R","?","T","?","M","R","E","M","R","BOSS"],"items_purchased_type":["Card","Card"],"build_version":"2020-12-22","purchased_purges":0,"victory":false,"max_hp_per_floor":[70,80,80,80,80,80,80,80,80,80,80,80,80,80,80,80,80],"card_choices":[{"not_picked":["Hidden Blade","hubris:Counter"],"picked":"Masterful Stab","floor":1},{"not_picked":["Deflect","hubris:SlightOfHand"],"picked":"Sucker Punch","floor":3},{"not_picked":["Blade Dance","Deflect"],"picked":"Caltrops","floor":4},{"not_picked":["Atom Bomb","hubris:TrickCloak"],"picked":"Hidden Blade","floor":5},{"not_picked":["Night Terror","Prepared"],"picked":"Blur","floor":6},{"not_picked":["Outmaneuver","hubris:Counter"],"picked":"PiercingWail","floor":11},{"not_picked":["Acrobatics","Draining Mist"],"picked":"Well Laid Plans","floor":13},{"not_picked":["Blade Dance","Replay:Poison Smokescreen","ReplayTheSpireMod:Exploit Weakness"],"picked":"hermit:Determination","floor":14}],"player_experience":290694,"relics_obtained":[{"floor":6,"key":"Replay:Bottled Flurry"},{"floor":13,"key":"hubris:DisguiseKit"}],"event_choices":[{"cards_removed":["Atom Bomb"],"damage_healed":5,"gold_gain":0,"player_choice":"Offered Rare","damage_taken":0,"max_hp_gain":10,"max_hp_loss":0,"event_name":"Bonfire Elementals","floor":2,"gold_loss":0},{"damage_healed":0,"gold_gain":0,"player_choice":"Bought 2 Potions","damage_taken":0,"max_hp_gain":0,"max_hp_loss":0,"event_name":"The Woman in Blue","floor":10,"gold_loss":0}],"is_beta":false,"boss_relics":[],"items_purged_floors":[],"is_endless":false,"potions_floor_spawned":[4,6,11,13],"killed_by":"Hexaghost","ascension_level":0}}