{"host":"j4g6ia6asvpyu2b0","time":1610662059,"event":{"mods":["BaseMod","Colored Map","Minty Spire (QoL Compilation)","Permanent Neow","Quick Restart","Relic Stats","StSLib","Unceasing Turn Reminder"],"gold_per_floor":[111,124,140,156,57,57,90,90,90,101,276,276,288,320,320,419,419,433,433,443,456,473,473,473,473],"floor_reached":24,"language":"ENG","playtime":1020,"items_purged":["Strike_B"],"score":326,"play_id":"4eee17bb-90cc-4bf2-b6fa-b5187e496969","local_time":"20210114150739","is_ascension_mode":true,"campfire_choices":[{"data":"Zap","floor":6,"key":"SMITH"},{"floor":8,"key":"REST"},{"data":"Dualcast","floor":12,"key":"SMITH"},{"data":"Beam Cell","floor":15,"key":"SMITH"},{"data":"Self Repair","floor":23,"key":"SMITH"}],"circlet_count":0,"master_deck":["AscendersBane","Strike_B","Strike_B","Strike_B","Defend_B","Defend_B","Defend_B","Defend_B","Zap+1","Dualcast+1","All For One","Compile Driver","Sweeping Beam","Cold Snap","Self Repair","Conserve Battery","Gash","Self Repair+1","Beam Cell+1","All For One","Barrage+1","Ball Lightning","Ball Lightning","Loop+1"],"relics":["Cracked Core","Symbiotic Virus","Ornamental Fan","Coffee Dripper"],"acts_visited":["Exordium","TheCity"],"potions_floor_usage":[13,20],"damage_taken":[{"damage":0,"enemies":"Small Slimes","floor":1,"turns":3},{"damage":3,"enemies":"2 Louse","floor":2,"turns":2},{"damage":1,"enemies":"Cultist","floor":3,"turns":3},{"damage":10,"enemies":"Blue Slaver","floor":4,"turns":5},{"damage":33,"enemies":"Lagavulin","floor":7,"turns":8},{"damage":6,"enemies":"Looter","floor":10,"turns":2},{"damage":16,"enemies":"Exordium Thugs","floor":13,"turns":4},{"damage":31,"enemies":"3 Sentries","floor":14,"turns":7},{"damage":18,"enemies":"Hexaghost","floor":16,"turns":8},{"damage":20,"enemies":"2 Thieves","floor":18,"turns":3},{"damage":0,"enemies":"Chosen","floor":20,"turns":3},{"damage":33,"enemies":"Snake Plant","floor":21,"turns":4},{"damage":47,"enemies":"Shelled Parasite and Fungi","floor":22,"turns":4},{"damage":22,"enemies":"Gremlin Leader","floor":24,"turns":5}],"seed_played":"-2371729118691031586","potions_obtained":[{"floor":4,"key":"AttackPotion"},{"floor":13,"key":"Ancient Potion"},{"floor":14,"key":"GamblersBrew"},{"floor":16,"key":"LiquidMemories"},{"floor":20,"key":"FairyPotion"}],"is_trial":false,"path_per_floor":["M","M","M","M","$","R","E","R","T","M","?","R","M","E","R","B",null,"M","?","M","M","M","R","E"],"character_chosen":"DEFECT","items_purchased":["Conserve Battery"],"campfire_rested":1,"item_purchase_floors":[5],"current_hp_per_floor":[68,65,64,54,54,54,28,50,50,51,51,51,49,25,25,21,62,56,56,56,37,21,21,0,0],"gold":473,"neow_bonus":"ONE_RANDOM_RARE_CARD","is_daily":false,"chose_seed":false,"campfire_upgraded":4,"win_rate":0.0,"timestamp":1610662059,"path_taken":["M","M","M","M","$","R","E","R","T","M","?","R","M","E","R","BOSS","M","?","?","M","M","R","E"],"items_purchased_type":["Card"],"build_version":"2020-12-22","purchased_purges":1,"victory":false,"max_hp_per_floor":[75,75,75,75,75,75,75,75,75,75,75,75,75,75,75,75,75,75,75,75,75,75,75,75,75],"relic_stats":{"counters":[14,61],"Ornamental Fan":[60],"obtain_stats":[{"Ornamental Fan":14,"Coffee Dripper":17,"Cracked Core":0,"Symbiotic Virus":7},{"Ornamental Fan":8,"Coffee Dripper":9,"Cracked Core":0,"Symbiotic Virus":5},{"Ornamental Fan":34,"Coffee Dripper":42,"Cracked Core":0,"Symbiotic Virus":21}]},"card_choices":[{"not_picked":["Rebound","Redo"],"picked":"Compile Driver","floor":1},{"not_picked":["Barrage","Redo"],"picked":"Sweeping Beam","floor":2},{"not_picked":["Reprogram","Coolheaded"],"picked":"Cold Snap","floor":3},{"not_picked":["Rebound","Aggregate"],"picked":"Self Repair","floor":4},{"not_picked":["Streamline","Reboot"],"picked":"Gash","floor":7},{"not_picked":["Steam","Sweeping Beam"],"picked":"Self Repair","floor":10},{"not_picked":["Stack","Rebound","Recycle"],"picked":"SKIP","floor":13},{"not_picked":["Hyperbeam","Leap"],"picked":"Beam Cell","floor":14},{"not_picked":["Electrodynamics","Creative AI"],"picked":"All For One","floor":16},{"not_picked":["Hello World","Stack"],"picked":"Barrage+1","floor":18},{"not_picked":["Double Energy+1","Sweeping Beam"],"picked":"Ball Lightning","floor":20},{"not_picked":["Coolheaded","Compile Driver"],"picked":"Ball Lightning","floor":21},{"not_picked":["FTL","Streamline+1"],"picked":"Loop+1","floor":22}],"player_experience":844667,"relics_obtained":[{"floor":7,"key":"Symbiotic Virus"},{"floor":14,"key":"Ornamental Fan"}],"event_choices":[{"damage_healed":0,"gold_gain":175,"player_choice":"AGREE","damage_taken":0,"max_hp_gain":0,"max_hp_loss":0,"event_name":"Liars Game","floor":11,"gold_loss":0,"cards_obtained":["Doubt"]},{"cards_removed":["Doubt"],"damage_healed":0,"gold_gain":0,"player_choice":"Removed Curses","damage_taken":0,"max_hp_gain":0,"max_hp_loss":0,"event_name":"Fountain of Cleansing","floor":19,"gold_loss":0}],"is_beta":false,"boss_relics":[{"not_picked":["Fusion Hammer","Empty Cage"],"picked":"Coffee Dripper"}],"items_purged_floors":[5],"is_endless":false,"potions_floor_spawned":[4,13,14,16,20],"killed_by":"Gremlin Leader","ascension_level":11}}