{"host":"tom9euzqew4po1rs","time":1610657475,"event":{"mods":["BaseMod","Curses Come First","Downfall","Minty Spire (QoL Compilation)","Quick Restart","Rare Cards Sparkle","Replay The Spire","StSLib"],"gold_per_floor":[191,203,223,242,242,255,255,274,284,303,331,348,64,64,64,75,94,94,94,94],"floor_reached":18,"language":"ENG","playtime":1103,"items_purged":[],"score":120,"play_id":"ac9c84f6-e6fd-4f75-b142-cc3ac57991b6","local_time":"20210114155115","is_ascension_mode":false,"campfire_choices":[],"circlet_count":0,"master_deck":["Guardian:Strike_Guardian","Guardian:Strike_Guardian","Guardian:Strike_Guardian","Guardian:Strike_Guardian","Guardian:Defend_Guardian","Guardian:Defend_Guardian","Guardian:Defend_Guardian","Guardian:Defend_Guardian","Guardian:CurlUp","Guardian:TwinSlam","Guardian:Gem_Cyan","Guardian:Planning","Guardian:CrystalBeam","Guardian:Suspension","Guardian:Reroute+1","Guardian:TemporalStrike+1","Guardian:RollAttack+1","Guardian:HyperBeam_Guardian+1","Guardian:TimeCapacitor","Guardian:Gem_Crimson","Guardian:Gem_Lightblue","Guardian:ChargeCore+1","Guardian:Reroute+1","Guardian:Suspension","Guardian:Harden"],"relics":["Busted Crown","Molten Egg 2","Snack Pack"],"acts_visited":["Exordium"],"potions_floor_usage":[6,6,6,9,11,11,13,18],"damage_taken":[{"damage":0,"enemies":"Cultist","floor":2,"turns":4},{"damage":0,"enemies":"2 Louse","floor":3,"turns":2},{"damage":9,"enemies":"Jaw Worm","floor":4,"turns":4},{"damage":0,"enemies":"2 Fungi Beasts","floor":6,"turns":2},{"damage":6,"enemies":"Exordium Wildlife","floor":8,"turns":5},{"damage":4,"enemies":"Exordium Thugs","floor":9,"turns":4},{"damage":2,"enemies":"Large Slime","floor":10,"turns":9},{"damage":30,"enemies":"3 Sentries","floor":11,"turns":10},{"damage":5,"enemies":"2 Fungi Beasts","floor":12,"turns":4},{"damage":7,"enemies":"downfall:FleeingMerchant","floor":13,"turns":4},{"damage":21,"enemies":"Exordium Thugs","floor":16,"turns":3},{"damage":2,"enemies":"3 Louse","floor":17,"turns":3},{"damage":53,"enemies":"downfall:Ironclad","floor":18,"turns":7}],"seed_played":"-6507899022770824209","potions_obtained":[{"floor":3,"key":"Explosive Potion"},{"floor":5,"key":"FairyPotion"},{"floor":5,"key":"EntropicBrew"},{"floor":9,"key":"EssenceOfSteel"},{"floor":10,"key":"Elixir"},{"floor":12,"key":"SteroidPotion"},{"floor":17,"key":"Venom Potion"}],"is_trial":false,"path_per_floor":["R","M","M","M","?","M","T","M","M","M","E","M","$","PTL","PTL","M","M","B"],"character_chosen":"GUARDIAN","items_purchased":["Guardian:TimeCapacitor","Guardian:Gem_Crimson","Guardian:Gem_Lightblue","Guardian:ChargeCore+1","Guardian:Reroute+1"],"campfire_rested":0,"item_purchase_floors":[13,13,13,13,13],"current_hp_per_floor":[80,80,80,71,71,71,71,65,61,59,29,26,25,25,25,6,4,0,0,0],"gold":94,"neow_bonus":"BOSS_RELIC","is_daily":false,"chose_seed":false,"campfire_upgraded":0,"win_rate":0.0,"timestamp":1610657475,"path_taken":["R","M","M","?","?","?","T","M","M","M","E","M","$","PTL","PTL","M","M","BOSS"],"items_purchased_type":["Card","Card","Card","Card","Card"],"build_version":"2020-12-22","purchased_purges":0,"victory":false,"max_hp_per_floor":[80,80,80,80,80,80,80,80,80,80,80,80,80,80,80,80,80,80,80,80],"card_choices":[{"not_picked":[],"picked":"Guardian:Gem_Cyan","floor":2},{"not_picked":["Guardian:PrimingBeam"],"picked":"SKIP","floor":3},{"not_picked":[],"picked":"Guardian:Planning","floor":4},{"not_picked":[],"picked":"Guardian:CrystalBeam","floor":6},{"not_picked":["Guardian:Recover"],"picked":"SKIP","floor":8},{"not_picked":[],"picked":"Guardian:Suspension","floor":9},{"not_picked":[],"picked":"Guardian:Reroute+1","floor":10},{"not_picked":[],"picked":"Guardian:TemporalStrike+1","floor":11},{"not_picked":[],"picked":"Guardian:RollAttack+1","floor":12},{"not_picked":[],"picked":"Guardian:HyperBeam_Guardian+1","floor":13},{"not_picked":[],"picked":"Guardian:Suspension","floor":16},{"not_picked":[],"picked":"Guardian:Harden","floor":17}],"player_experience":127921,"relics_obtained":[{"floor":7,"key":"Molten Egg 2"},{"floor":11,"key":"Snack Pack"}],"event_choices":[{"damage_healed":0,"gold_gain":0,"player_choice":"Got Potions","damage_taken":0,"max_hp_gain":0,"max_hp_loss":0,"event_name":"Lab","floor":5,"gold_loss":0}],"is_beta":false,"boss_relics":[],"items_purged_floors":[],"is_endless":false,"potions_floor_spawned":[3,9,10,12,17],"killed_by":"downfall:Ironclad","ascension_level":0}}