{"host":"2jftgrhdogeeegvp","time":1610610739,"event":{"mods":["Act Like it!","Arknights The Spire","BaseMod","Colored Map","Downfall","Gensokyo","Marisa£®ÏF”Í°°ƒß¿Ì…≥£©","Minty Spire (QoL Compilation)","READ ME - Guardian Mod","Reimu£®≤©¿ˆ¡È√Œ£©","StSLib","SuperFastMode","The Cursed","The Gatherer","The Mystic"],"gold_per_floor":[99,113,126,126,12,32,103,28,63,77,77,109,119,119,138,239,239,164,174,174,174,174],"floor_reached":20,"language":"ZHS","playtime":1451,"items_purged":["hexamod:Strike"],"score":184,"play_id":"cb8e12a9-95e4-4930-8371-5cc40f92bad4","local_time":"20210113235219","is_ascension_mode":false,"campfire_choices":[{"floor":1,"key":"RECALL"},{"data":"hexamod:SearingWound","floor":8,"key":"SMITH"},{"floor":11,"key":"REST"},{"data":"1","floor":18,"key":"LIFT"}],"circlet_count":0,"master_deck":["hexamod:Strike","hexamod:Strike","hexamod:Strike","hexamod:Defend","hexamod:Defend","hexamod:Defend","hexamod:Sear","hexamod:Float","hexamod:StepThrough+1","hexamod:EmpoweredFlame","hexamod:SearingWound+1","hexamod:Hexaguard","hexamod:ChargedBarrage","hexamod:SpectersWail","hexamod:ThirdSeal","hexamod:ParanormalForm","hexamod:FourthSeal","Regret","hexamod:ExtraCrispy","hexamod:EmpoweredFlame","hexamod:SixthSeal","hexamod:FifthSeal","CurseOfTheBell","hexamod:SearingWound"],"relics":["hexamod:SpiritBrand","Matryoshka","downfall:HeartBlessingRed","Ancient Tea Set","Lantern","Orichalcum","Calling Bell","Smiling Mask","Blue Candle","Girya","downfall:HeartBlessingGreen"],"acts_visited":["Exordium","TheCity"],"potions_floor_usage":[9,10,12,13,15,16,19],"damage_taken":[{"damage":2,"enemies":"2 Louse","floor":2,"turns":3},{"damage":0,"enemies":"Cultist","floor":3,"turns":3},{"damage":5,"enemies":"downfall:FleeingMerchant","floor":5,"turns":4},{"damage":0,"enemies":"Jaw Worm","floor":6,"turns":3},{"damage":18,"enemies":"Lagavulin","floor":9,"turns":5},{"damage":10,"enemies":"Large Slime","floor":10,"turns":5},{"damage":3,"enemies":"3 Sentries","floor":12,"turns":6},{"damage":1,"enemies":"Blue Slaver","floor":13,"turns":3},{"damage":0,"enemies":"Exordium Thugs","floor":15,"turns":3},{"damage":28,"enemies":"downfall:Ironclad","floor":16,"turns":5},{"damage":21,"enemies":"Spheric Guardian","floor":19,"turns":5},{"damage":52,"enemies":"3 Cultists","floor":20,"turns":5}],"seed_played":"-1946412556619835941","potions_obtained":[{"floor":4,"key":"PowerPotion"},{"floor":4,"key":"Block Potion"},{"floor":4,"key":"Guardian:BlockOnCardUsePotion"},{"floor":6,"key":"ColorlessPotion"},{"floor":9,"key":"SneckoOil"},{"floor":10,"key":"AttackPotion"},{"floor":12,"key":"Swift Potion"},{"floor":13,"key":"Fire Potion"},{"floor":15,"key":"SmokeBomb"},{"floor":16,"key":"Strength Potion"},{"floor":19,"key":"BlessingOfTheForge"}],"is_trial":false,"path_per_floor":["R","M","M","?","$","M","T","R","E","M","R","E","M","?","M","B",null,"R","M","M"],"character_chosen":"THE_SPIRIT","items_purchased":["hexamod:Hexaguard"],"campfire_rested":1,"item_purchase_floors":[5],"current_hp_per_floor":[70,68,68,68,63,63,63,63,45,35,56,53,52,52,52,24,70,70,49,0,0,0],"gold":174,"neow_bonus":"REMOVE_CARD","is_daily":false,"chose_seed":false,"campfire_upgraded":1,"win_rate":0.0,"timestamp":1610610739,"path_taken":["R","M","M","?","$","M","T","R","E","M","R","E","?","?","M","BOSS","R","M","M"],"items_purchased_type":["Card"],"build_version":"2020-12-22","purchased_purges":1,"victory":false,"max_hp_per_floor":[70,70,70,70,70,70,70,70,70,70,70,70,70,70,70,70,70,70,70,70,70,70],"card_choices":[{"not_picked":["hexamod:SpectersWail","hexamod:EtherealExpedition"],"picked":"hexamod:StepThrough","floor":2},{"not_picked":["hexamod:AdvancingGuard","hexamod:HeatCrush"],"picked":"hexamod:EmpoweredFlame","floor":3},{"not_picked":["hexamod:BurningTouch","hexamod:RainOfEmbers"],"picked":"hexamod:SearingWound","floor":5},{"not_picked":["hexamod:BacktrackSmack","hexamod:FastForward","hexamod:SkipABeat"],"picked":"SKIP","floor":6},{"not_picked":["hexamod:AdvancingGuard","hexamod:GhostLash"],"picked":"hexamod:ChargedBarrage","floor":9},{"not_picked":["hexamod:GhostShield","hexamod:AdvancingGuard"],"picked":"hexamod:SpectersWail","floor":10},{"not_picked":["hexamod:AdvancingGuard","hexamod:RainOfEmbers"],"picked":"hexamod:ThirdSeal","floor":12},{"not_picked":["hexamod:EtherealExpedition","hexamod:NecessarySacrifice"],"picked":"hexamod:ParanormalForm","floor":13},{"not_picked":["hexamod:RainOfEmbers","hexamod:HauntingEcho"],"picked":"hexamod:FourthSeal","floor":13},{"not_picked":["hexamod:GhostShield","hexamod:SpectralAdrenaline"],"picked":"hexamod:ExtraCrispy","floor":15},{"not_picked":["hexamod:SpectersWail","hexamod:AdvancingGuard"],"picked":"hexamod:EmpoweredFlame","floor":15},{"not_picked":["hexamod:SearingWound","hexamod:UnleashSpirits"],"picked":"hexamod:SixthSeal","floor":16},{"not_picked":["hexamod:TimeOfNeed","hexamod:UnleashSpirits"],"picked":"hexamod:FifthSeal","floor":16},{"not_picked":["hexamod:InspiringFlames","hexamod:FourthSeal"],"picked":"hexamod:SearingWound","floor":19}],"player_experience":418905,"relics_obtained":[{"floor":7,"key":"Matryoshka"},{"floor":9,"key":"Ancient Tea Set"},{"floor":12,"key":"Lantern"},{"floor":17,"key":"Smiling Mask"},{"floor":17,"key":"Blue Candle"},{"floor":17,"key":"Girya"}],"event_choices":[{"damage_healed":0,"gold_gain":0,"player_choice":"Got Potions","damage_taken":0,"max_hp_gain":0,"max_hp_loss":0,"event_name":"Lab","floor":4,"gold_loss":0},{"damage_healed":0,"gold_gain":0,"player_choice":"Box","damage_taken":0,"relics_obtained":["Orichalcum"],"max_hp_gain":0,"max_hp_loss":0,"event_name":"Big Fish","floor":14,"gold_loss":0,"cards_obtained":["Regret"]}],"is_beta":false,"boss_relics":[{"not_picked":["RedLine:ReiMu","Runic Dome"],"picked":"Calling Bell"}],"items_purged_floors":[5],"is_endless":false,"potions_floor_spawned":[6,9,10,12,13],"killed_by":"3 Cultists","ascension_level":0}}