{"host":"konjmgczbcns2r3g","time":1610597397,"event":{"mods":["AchievementEnabler","BaseMod","Chen","Colored Powertips","Hermit","Infinite Spire","Koishi","Marisa????????","Minty Spire (QoL Compilation)","Replay The Spire","StSLib","The Cursed","The Gatherer","The Necromancer","The Servant 0.9.4"],"gold_per_floor":[116,16,96,111,91,117,132,146,146,160,12,31,31,47,47,145,145,129,148,162,162,60,60,60,79,102,102,117,117,134,134,134],"floor_reached":31,"language":"ENG","playtime":1939,"items_purged":[],"score":266,"play_id":"5bcddd3c-7d0f-46cc-bbc6-dbb1b7f019d7","local_time":"20210113230957","is_ascension_mode":false,"campfire_choices":[{"data":"Chen:Frivolous","floor":13,"key":"SMITH"},{"floor":15,"key":"REST"},{"floor":23,"key":"REST"}],"circlet_count":0,"master_deck":["Chen:Strike","Chen:Strike","Chen:Strike","Chen:Strike","Chen:Strike","Chen:Defend","Chen:Defend+1","Chen:Defend","Chen:Defend","Chen:PounceTurnTail","Chen:GlitterPoke","Chen:Instinct+1","Chen:Sidestep","Chen:StudySharpen","Chen:Panic","Chen:SurpriseAttack","Chen:Scratch","Chen:CatPunch","Chen:Deceitful","Chen:Frivolous+1","Chen:StudySharpen","Chen:Salvo+1","Chen:Nimbleness","Chen:Adaptability","Chen:Copycat","Chen:UnstableBoundary","Injury","Chen:Scratch+1","Chen:Shot+1","Chen:Recuperate+1","Chen:Scratch+1","Chen:CatPunch+1"],"relics":["Chen:Catnip","NeowsBlessing","The Courier","Molten Egg 2","War Paint","ChewingGum","ReplayTheSpireMod:CursedCoin","StrikeDummy","MealTicket","ReplayTheSpireMod:Shallot"],"acts_visited":["Exordium","TheCity"],"potions_floor_usage":[8,14,14,16,16,20,28,30],"damage_taken":[{"damage":0,"enemies":"Jaw Worm","floor":1,"turns":1},{"damage":0,"enemies":"Cultist","floor":4,"turns":1},{"damage":0,"enemies":"Lagavulin","floor":6,"turns":1},{"damage":1,"enemies":"2 Louse","floor":7,"turns":3},{"damage":5,"enemies":"2 Fungi Beasts","floor":8,"turns":3},{"damage":0,"enemies":"Exordium Wildlife","floor":10,"turns":3},{"damage":0,"enemies":"Blue Slaver","floor":12,"turns":4},{"damage":21,"enemies":"Lots of Slimes","floor":14,"turns":4},{"damage":45,"enemies":"Slime Boss","floor":16,"turns":8},{"damage":14,"enemies":"2 Thieves","floor":18,"turns":4},{"damage":20,"enemies":"Spheric Guardian","floor":19,"turns":5},{"damage":22,"enemies":"Shelled Parasite and Fungi","floor":20,"turns":6},{"damage":33,"enemies":"Centurion and Healer","floor":25,"turns":5},{"damage":8,"enemies":"3 Cultists","floor":28,"turns":6},{"damage":17,"enemies":"Snake Plant","floor":30,"turns":5},{"damage":7,"enemies":"Snecko","floor":31,"turns":3}],"seed_played":"-3379972938863558944","potions_obtained":[{"floor":4,"key":"FearPotion"},{"floor":5,"key":"LiquidMemories"},{"floor":8,"key":"ColorlessPotion"},{"floor":14,"key":"Swift Potion"},{"floor":16,"key":"Elixir"},{"floor":25,"key":"LifebloodPotion"},{"floor":28,"key":"Regen Potion"}],"is_trial":false,"path_per_floor":["M","$","?","M","?","E","M","M","T","M","$","M","R","M","R","B",null,"M","M","M","?","$","R","?","M","T","$","M","T","M","M"],"character_chosen":"CHEN","items_purchased":["Chen:Sidestep","Chen:StudySharpen","War Paint","Chen:Frivolous","ReplayTheSpireMod:CursedCoin","StrikeDummy","Chen:Scratch+1","Chen:Shot+1"],"campfire_rested":2,"item_purchase_floors":[2,2,11,11,22,22,22,22],"current_hp_per_floor":[70,70,70,70,70,70,69,64,64,64,64,64,64,43,64,19,70,56,36,14,14,14,35,35,2,2,17,9,9,6,0,0],"gold":134,"neow_bonus":"THREE_ENEMY_KILL","is_daily":false,"chose_seed":false,"campfire_upgraded":1,"win_rate":0.0,"timestamp":1610597397,"path_taken":["M","$","?","M","?","E","?","M","T","M","$","M","R","M","R","BOSS","M","M","M","?","$","R","?","M","T","?","M","?","M","M"],"items_purchased_type":["Card","Card","Relic","Card","Relic","Relic","Card","Card"],"build_version":"2020-12-22","purchased_purges":0,"victory":false,"max_hp_per_floor":[70,70,70,70,70,70,70,70,70,70,70,70,70,70,70,70,70,70,70,70,70,70,70,70,70,70,70,70,70,70,70,70],"card_choices":[{"not_picked":["Chen:Flicker","Chen:PentagramFlight"],"picked":"Chen:Instinct","floor":1},{"not_picked":["Chen:Flit","Chen:Adaptability"],"picked":"Chen:Panic","floor":4},{"not_picked":["Chen:ResistTemptation","Chen:Mixup"],"picked":"Chen:SurpriseAttack","floor":6},{"not_picked":["Chen:Impale","Chen:Flicker"],"picked":"Chen:Scratch","floor":7},{"not_picked":["Chen:Sidestep","Chen:PentagramFlight"],"picked":"Chen:CatPunch","floor":8},{"not_picked":["Chen:SelfControl","Chen:Exploit"],"picked":"Chen:Deceitful","floor":10},{"not_picked":["Chen:ResistTemptation","Chen:Shot+1"],"picked":"Chen:StudySharpen","floor":12},{"not_picked":["Chen:SelfConfidence","Chen:Rush"],"picked":"Chen:Salvo+1","floor":14},{"not_picked":["Chen:PhoenixEgg+1","Chen:PhoenixWings+1"],"picked":"Chen:Nimbleness","floor":16},{"not_picked":["Chen:Panic","Chen:MisdirectSwipe"],"picked":"Chen:Adaptability","floor":18},{"not_picked":["Chen:Flicker+1","Chen:ResistTemptation"],"picked":"Chen:Copycat","floor":19},{"not_picked":["Chen:Instinct","Chen:BlueOniRedOni"],"picked":"Chen:UnstableBoundary","floor":20},{"not_picked":["Chen:Sneak","Chen:Impale+1"],"picked":"Chen:Recuperate+1","floor":25},{"not_picked":["Chen:CatPunch+1","Chen:Deceitful+1"],"picked":"Chen:Scratch+1","floor":28},{"not_picked":["Chen:Knockout+1","Chen:Instinct"],"picked":"Chen:CatPunch+1","floor":30}],"player_experience":325687,"relics_obtained":[{"floor":6,"key":"The Courier"},{"floor":9,"key":"Molten Egg 2"},{"floor":26,"key":"MealTicket"},{"floor":29,"key":"ReplayTheSpireMod:Shallot"}],"event_choices":[{"damage_healed":0,"gold_gain":0,"player_choice":"Bought 1 Potion","damage_taken":0,"max_hp_gain":0,"max_hp_loss":0,"event_name":"The Woman in Blue","floor":5,"gold_loss":0}],"is_beta":false,"boss_relics":[{"not_picked":["Empty Cage","Kintsugi"],"picked":"ChewingGum"}],"items_purged_floors":[],"is_endless":false,"potions_floor_spawned":[4,8,14,16,25,28],"killed_by":"Snecko","ascension_level":0}}