{"host":"tvwbxqry54t86y0v","time":1610620174,"event":{"mods":["2.2 Compatiblity","A Magickal Journey","Arknights The Spire","Astrologer","BaseMod","Beaked The Cultist","BetterRewards","Block Reminder","Clockwork Mod","Colored Powertips","DeckTracker","Downfall","Fiend Mod","GungeonMod","Hermit","Hubris","Infinite Spire","Ironclad Rager","Marked Mod","Mimic Mod","Minty Spire (QoL Compilation)","Potionbrewer","Replay The Spire","Shade Mod","Somnambulant","StSLib","The Bug Knight","The Cursed","The Druid","The Elementalist","The Exalted","The Forsaken","The Hierophant","The Jungle","The Marked","The Mystic","The Problem Sleuth","The Runesmith","The Senshi","The Spell Scribe","The Valiant","The Wild Card","TheFirefly","TheHeartMod","Unceasing Turn Reminder","thorton"],"gold_per_floor":[118,118,118,118,138,154,154,183,220,220,336,346,379,391,391,495,495,511,480,480,480,499,499,533,543,543,553,3,3,16,16,16,118,118,134,134,144,194,209,209,209,239,239,239,239,199,218,236,236,236],"floor_reached":51,"language":"ENG","playtime":4451,"items_purged":[],"score":717,"play_id":"b74692b1-6005-46c5-8344-82b94d49232f","local_time":"20210114212934","is_ascension_mode":true,"campfire_choices":[{"data":"ats:Emotion Absorption","floor":7,"key":"SMITH"},{"data":"ats:Shell Defense","floor":10,"key":"SMITH"},{"floor":15,"key":"REST"},{"floor":23,"key":"REST"},{"data":"ats:Disruption Kick","floor":32,"key":"SMITH"},{"data":"ats:Neurotoxin","floor":40,"key":"SMITH"},{"data":"ats:Rapid Magazine","floor":44,"key":"SMITH"},{"data":"ats:Calcification","floor":49,"key":"SMITH"}],"circlet_count":0,"master_deck":["ats:Strike C","ats:Strike G","ats:Strike S","ats:Strike V","ats:Armor Crushing Shot","ats:Defend","ats:Defend","ats:Defend","ats:Emotion Absorption+1","ats:Nebulous Foxfire","ats:Wolf Pack+1","theForsaken:PlagueCurse","ats:Consecutive Shot Auto","ats:Neurotoxin+1","ats:Shell Defense+1","ats:Poison Spread","ats:Poison Spread","ats:Poison Spread","ats:Disruption Kick+1","ats:Explosion Area Strengthen+1","infinitespire:NeuralNetwork+1","Shame","ats:Overload","ats:Shell Defense","ats:Shell Defense+1","ats:Revitalization","ats:Rapid Magazine+1","ats:Shell Defense","ats:Revitalization","ats:Calcification+1"],"relics":["ats:Sanity","NeowsBlessing","hubris:Icosahedron","theForsaken:PlagueMask","ats:Originium","Prayer Beads","theSenshi:SailorFukuRelic","ats:Bonebreaker","Black Star","Durian","theJungle:PaperFaux","infinitespire:Beetle Shell","Iron Hammer","Dream Catcher","Pondfish Scales","Regal Pillow","Busted Crown","Blue Doll","ReplayTheSpireMod:Shallot","hubris:64BitClover","Winged Necklace","SacredBark"],"acts_visited":["Exordium","theJungle:Jungle","TheBeyond"],"potions_floor_usage":[8,22,24,27,27,35,39,42,50,50],"damage_taken":[{"damage":0,"enemies":"2 Louse","floor":1,"turns":1},{"damage":0,"enemies":"Jaw Worm","floor":5,"turns":1},{"damage":0,"enemies":"Cultist","floor":6,"turns":1},{"damage":19,"enemies":"Replay:BlueRogue","floor":8,"turns":5},{"damage":6,"enemies":"3 Louse","floor":9,"turns":7},{"damage":0,"enemies":"3 Louse","floor":11,"turns":3},{"damage":5,"enemies":"Red Slaver","floor":12,"turns":4},{"damage":20,"enemies":"3 Sentries","floor":13,"turns":6},{"damage":3,"enemies":"Looter","floor":14,"turns":3},{"damage":52,"enemies":"Hexaghost","floor":16,"turns":10},{"damage":38,"enemies":"theJungle:Flameango_and_Byrd","floor":18,"turns":8},{"damage":15,"enemies":"theJungle:MUSHROOMGANG","floor":19,"turns":6},{"damage":51,"enemies":"theJungle:2_Flameangoes","floor":22,"turns":8},{"damage":16,"enemies":"theJungle:2_Phrogs","floor":24,"turns":8},{"damage":0,"enemies":"theJungle:2_Snecko_Cultists","floor":25,"turns":2},{"damage":25,"enemies":"theJungle:Snecko_Cultist_And_Trap","floor":27,"turns":9},{"damage":28,"enemies":"Snake Plant","floor":30,"turns":9},{"damage":18,"enemies":"theJungle:QueenSpyder","floor":33,"turns":13},{"damage":32,"enemies":"Orb Walker","floor":35,"turns":6},{"damage":32,"enemies":"3 Darklings","floor":37,"turns":4},{"damage":30,"enemies":"2 Orb Walkers","floor":38,"turns":8},{"damage":47,"enemies":"Writhing Mass","floor":39,"turns":8},{"damage":101,"enemies":"Giant Head","floor":42,"turns":11},{"damage":24,"enemies":"Jaw Worm Horde","floor":47,"turns":5},{"damage":26,"enemies":"4 Shapes","floor":48,"turns":7},{"damage":113,"enemies":"Donu and Deca","floor":50,"turns":12}],"seed_played":"7598158253750615183","potions_obtained":[{"floor":1,"key":"AttackPotion"},{"floor":6,"key":"potionbrewer:CleansingPotion"},{"floor":11,"key":"sneckomod:MuddlingPotion"},{"floor":12,"key":"Weak Potion"},{"floor":22,"key":"Weak Potion"},{"floor":30,"key":"AttackPotion"},{"floor":33,"key":"Elixir"},{"floor":37,"key":"potionbrewer:DiscountPotion"},{"floor":38,"key":"potionbrewer:AcidPotion"},{"floor":39,"key":"LiquidMemories"},{"floor":42,"key":"EssenceOfSteel"}],"is_trial":false,"path_per_floor":["M","?","?","?","M","M","R","E","MIM","R","M","M","E","M","R","B",null,"M","M","AVR","?","M","R","E","M","T","M","$","?","M","?","R","B",null,"M","$","M","?","M","R","$","E","T","R","AVR","?","M","M","R","B",null],"character_chosen":"DOCTOR_CLASS","items_purchased":["Pondfish Scales","Regal Pillow","ats:Revitalization","ats:Rapid Magazine"],"campfire_rested":2,"item_purchase_floors":[28,28,28,28],"current_hp_per_floor":[72,72,72,72,72,72,72,56,60,60,60,57,45,42,63,27,72,42,43,48,48,9,32,21,23,23,27,27,27,52,52,52,77,77,61,61,43,69,58,58,58,75,75,75,75,75,77,77,77,63],"gold":236,"neow_bonus":"THREE_ENEMY_KILL","is_daily":false,"chose_seed":false,"campfire_upgraded":6,"win_rate":0.0,"timestamp":1610620174,"path_taken":["M","?","?","?","M","?","R","E","MIM","R","M","M","E","M","R","BOSS","M","M","AVR","?","M","R","E","M","T","M","$","?","M","?","R","BOSS","M","$","?","?","M","R","?","E","T","R","AVR","?","M","?","R","BOSS"],"items_purchased_type":["Relic","Relic","Card","Card"],"build_version":"2020-12-22","purchased_purges":0,"victory":true,"max_hp_per_floor":[72,72,72,72,72,72,72,72,72,72,72,72,72,72,72,72,72,72,72,77,77,77,77,77,77,77,77,77,77,77,77,77,77,77,77,77,77,77,77,77,77,77,77,77,77,77,77,77,77,77],"card_choices":[{"not_picked":["ats:Childhood Dance","ats:Poison Spread"],"picked":"ats:Nebulous Foxfire","floor":1},{"not_picked":["ats:Childhood Dance","ats:Ignite"],"picked":"ats:Consecutive Shot Auto","floor":5},{"not_picked":["ats:Apocalypse","ats:Flexible Camouflage"],"picked":"ats:Neurotoxin","floor":6},{"not_picked":["ats:Very Hot Blade","ats:Cat Scratch","ats:Defend Order"],"picked":"SKIP","floor":8},{"not_picked":["ats:Closed Bolt Burst Fire","ats:Flexible Camouflage"],"picked":"ats:Shell Defense","floor":9},{"not_picked":["ats:Sword Rain","ats:Cat Scratch"],"picked":"ats:Poison Spread","floor":11},{"not_picked":["ats:Beaten Up","ats:Childhood Dance"],"picked":"ats:Poison Spread","floor":12},{"not_picked":["ats:Very Hot Blade","ats:Chain Hook"],"picked":"ats:Poison Spread","floor":13},{"not_picked":["ats:Collapsing Strike","ats:Echo Reverb","ats:Powerful Strike"],"picked":"SKIP","floor":14},{"not_picked":["ats:Nebulous Foxfire","ats:Soul Rend"],"picked":"ats:Disruption Kick","floor":16},{"not_picked":["ats:Leaping Hammer","ats:Shadow Raid"],"picked":"ats:Explosion Area Strengthen+1","floor":18},{"not_picked":["ats:Childhood Dance","ats:Poison Spread+1","ats:Leaping Hammer"],"picked":"SKIP","floor":19},{"not_picked":["ats:Consecutive Shot Auto","ats:Powerful Strike","ats:Composite Medical Shells"],"picked":"SKIP","floor":22},{"not_picked":["ats:Assault Order","ats:Chain Hook"],"picked":"ats:Overload","floor":24},{"not_picked":["ats:Spore Proliferation","ats:Powerful Strike"],"picked":"ats:Shell Defense","floor":25},{"not_picked":["ats:Apocalypse","ats:Shadow Assault"],"picked":"ats:Shell Defense+1","floor":27},{"not_picked":["ats:Revitalization","ats:Red Shift","ats:Hammer On+1"],"picked":"SKIP","floor":30},{"not_picked":["ats:Blood Oath"],"picked":"SKIP","floor":35},{"not_picked":["ats:Flexible Camouflage"],"picked":"SKIP","floor":37},{"not_picked":["ats:Overload+1"],"picked":"SKIP","floor":39},{"not_picked":["ats:Mental Burst+1"],"picked":"SKIP","floor":42},{"not_picked":["ats:Thermite Blade"],"picked":"SKIP","floor":47},{"not_picked":["ats:Shell Defense"],"picked":"SKIP","floor":48}],"player_experience":1104780,"relics_obtained":[{"floor":8,"key":"ats:Originium"},{"floor":8,"key":"Prayer Beads"},{"floor":9,"key":"theSenshi:SailorFukuRelic"},{"floor":13,"key":"ats:Originium"},{"floor":13,"key":"ats:Bonebreaker"},{"floor":24,"key":"ats:Originium"},{"floor":24,"key":"infinitespire:Beetle Shell"},{"floor":24,"key":"Iron Hammer"},{"floor":26,"key":"Dream Catcher"},{"floor":42,"key":"Blue Doll"},{"floor":42,"key":"ReplayTheSpireMod:Shallot"},{"floor":43,"key":"hubris:64BitClover"}],"event_choices":[{"damage_healed":0,"gold_gain":0,"player_choice":"Obtain Plague Curse","damage_taken":0,"max_hp_gain":0,"max_hp_loss":0,"event_name":"Plague Doctor","floor":4,"gold_loss":0,"cards_obtained":["theForsaken:PlagueCurse"]},{"damage_healed":0,"gold_gain":0,"player_choice":"2 cards matched","damage_taken":0,"max_hp_gain":0,"max_hp_loss":0,"event_name":"Match and Keep!","floor":31,"gold_loss":0,"cards_obtained":["ats:Revitalization","ats:Calcification"]},{"damage_healed":0,"gold_gain":0,"player_choice":"Fight","damage_taken":0,"max_hp_gain":0,"max_hp_loss":0,"event_name":"Mysterious Sphere","floor":38,"gold_loss":0},{"damage_healed":0,"gold_gain":0,"player_choice":"Upgrade","damage_taken":0,"max_hp_gain":0,"max_hp_loss":0,"event_name":"Designer","floor":46,"gold_loss":40,"cards_upgraded":["infinitespire:NeuralNetwork"]}],"is_beta":false,"boss_relics":[{"not_picked":["Replay:Ancient Bell","theForsaken:PaleLantern"],"picked":"Black Star"},{"not_picked":["Snecko Eye","hubris:Stopwatch"],"picked":"Busted Crown"}],"items_purged_floors":[],"is_endless":false,"potions_floor_spawned":[1,6,11,12,13,22,30,33,37,38,39,42],"ascension_level":1}}