{"host":"dlqyscxstsnu98l1","time":1610614637,"event":{"mods":["AchievementEnabler","BaseMod","Bestiary","Colored Map","Colored Powertips","Conspire","GifTheSpireLib","Highlight Path","Minty Spire (QoL Compilation)","Random Character Button","Replay The Spire","SacredBarkPlus","StSLib"],"gold_per_floor":[109,109,124,124,134,161,161,180,180,207,207,240,255,272,272,376,376,346,346,12,12,12,12,12],"floor_reached":23,"language":"ENG","playtime":1190,"items_purged":["Strike_G"],"score":209,"play_id":"0ff3e607-18b3-4d92-b2b8-32a496d793f2","local_time":"20210114025717","is_ascension_mode":true,"campfire_choices":[{"data":"Noxious Fumes","floor":7,"key":"SMITH"},{"floor":15,"key":"REST"}],"circlet_count":0,"master_deck":["Strike_G","Defend_G","Defend_G","Defend_G","Defend_G","Defend_G","Survivor","Neutralize","Backflip+1","Leg Sweep","Poisoned Stab","Deadly Poison","Decay"],"relics":["Ring of the Snake","NeowsBlessing","conspire:Flyswatter","Sundial","Lizard Tail","Replay:Mystery Machine","Replay:Drink Me","Ninja Scroll"],"acts_visited":["Exordium","TheCity"],"potions_floor_usage":[16,23],"damage_taken":[{"damage":0,"enemies":"Small Slimes","floor":1,"turns":1},{"damage":0,"enemies":"Cultist","floor":3,"turns":1},{"damage":0,"enemies":"2 Louse","floor":5,"turns":1},{"damage":11,"enemies":"Lagavulin","floor":6,"turns":11},{"damage":0,"enemies":"Blue Slaver","floor":8,"turns":6},{"damage":6,"enemies":"conspire:MimicChest","floor":10,"turns":9},{"damage":20,"enemies":"3 Sentries","floor":12,"turns":8},{"damage":9,"enemies":"Looter","floor":13,"turns":4},{"damage":20,"enemies":"Large Slime","floor":14,"turns":7},{"damage":12,"enemies":"Fading Forest","floor":16,"turns":11},{"damage":22,"enemies":"2 Thieves","floor":18,"turns":5},{"damage":51,"enemies":"Gremlin Leader","floor":23,"turns":7}],"seed_played":"8453122686171010598","potions_obtained":[{"floor":1,"key":"LiquidBronze"},{"floor":10,"key":"Doom Potion"},{"floor":12,"key":"SpeedPotion"},{"floor":14,"key":"Poison Potion"}],"is_trial":false,"path_per_floor":["M","?","M","T","M","E","R","M","T","?","?","E","M","M","R","B",null,"M","?","$","?","?","E"],"character_chosen":"THE_SILENT","items_purchased":["Ninja Scroll"],"campfire_rested":1,"item_purchase_floors":[20],"current_hp_per_floor":[70,70,70,70,70,59,59,59,59,53,53,33,24,4,25,23,53,31,31,31,31,53,2,2],"gold":12,"neow_bonus":"THREE_ENEMY_KILL","is_daily":false,"chose_seed":false,"campfire_upgraded":1,"win_rate":0.0,"timestamp":1610614637,"path_taken":["M","?","M","?","?","E","R","M","T","?","?","E","M","M","R","BOSS","M","?","$","?","?","E"],"items_purchased_type":["Relic"],"build_version":"2020-12-22","purchased_purges":1,"victory":false,"max_hp_per_floor":[70,70,70,70,70,70,70,70,70,70,70,70,70,70,70,70,53,53,53,53,53,53,53,53],"card_choices":[{"not_picked":["Skewer","Dagger Throw"],"picked":"Backflip","floor":1},{"not_picked":["Quick Slash","Calculated Gamble"],"picked":"Noxious Fumes","floor":3},{"not_picked":["ReplayTheSpireMod:Exploit Weakness","Backflip"],"picked":"Leg Sweep","floor":5},{"not_picked":["Dagger Throw","PiercingWail","Prepared"],"picked":"SKIP","floor":6},{"not_picked":["Dodge and Roll","Acrobatics","Outmaneuver"],"picked":"SKIP","floor":8},{"not_picked":["Skewer","Replay:Poison Smokescreen"],"picked":"Poisoned Stab","floor":12},{"not_picked":["Acrobatics","Underhanded Strike","conspire:DoublingDagger"],"picked":"SKIP","floor":13},{"not_picked":["Sucker Punch","Poisoned Stab"],"picked":"Deadly Poison","floor":14},{"not_picked":["Flying Knee","Deflect+1","ReplayTheSpireMod:Tripwire"],"picked":"SKIP","floor":18}],"player_experience":36459,"relics_obtained":[{"floor":4,"key":"conspire:Flyswatter"},{"floor":6,"key":"Sundial"},{"floor":10,"key":"Lizard Tail"},{"floor":12,"key":"Replay:Mystery Machine"}],"event_choices":[{"damage_healed":0,"gold_gain":0,"player_choice":"Disagree","damage_taken":0,"max_hp_gain":0,"max_hp_loss":0,"event_name":"conspire:LoneGhost","floor":2,"gold_loss":0},{"damage_healed":0,"gold_gain":0,"player_choice":"Smashed Altar","damage_taken":0,"max_hp_gain":0,"max_hp_loss":0,"event_name":"Forgotten Altar","floor":19,"gold_loss":0,"cards_obtained":["Decay"]},{"cards_removed":["Noxious Fumes"],"damage_healed":22,"gold_gain":0,"player_choice":"Offered Uncommon","damage_taken":0,"max_hp_gain":0,"max_hp_loss":0,"event_name":"Bonfire Elementals","floor":22,"gold_loss":0}],"is_beta":false,"boss_relics":[{"not_picked":["conspire:SlowCooker","Painkiller Herb"],"picked":"Replay:Drink Me"}],"items_purged_floors":[20],"is_endless":false,"potions_floor_spawned":[1,10,12,14],"killed_by":"Gremlin Leader","ascension_level":1}}