{"host":"n7mxhpjy89lltbhc","time":1610616614,"event":{"mods":["2.2 Compatiblity","Act Like it!","Bard","BaseMod","Better Match","Better Sensory Stone","Better Synergies","Better Vampires","BetterRewards","Colored Map","Colored Powertips","Downfall","Exacting","Gensokyo","Hubris","Infinite Spire","Jedi Mod","Marisa????????","Minty Spire (QoL Compilation)","Permanent Neow","Rare Cards Sparkle","Relic Sorter","Relic Stats","Replay The Spire","Shop Mod","Small Relic Pack","Spicy Shops","StSLib","Strawberry Spire","Td1madao Mod","The Blue Laboratory","The Marked","The Servant 0.9.4","Waifu the Spire","Wandering Minibosses"],"gold_per_floor":[132,132,132,150,163,190,190,219,242,268,279,43,59,71,71,145,145,161,51,71,71,88,113,123,152,175,205,221,241,255,273,273,366,366,403,448,492,492,574,642,642,711,758,840,918,930,942,954,1015,1123,1135,1147],"floor_reached":53,"language":"ENG","playtime":1891,"items_purged":["Strike_S","Strike_S"],"score":2054,"play_id":"31932e3c-ecfa-42ed-91ba-719df9ca6d65","local_time":"25640114163014","is_ascension_mode":true,"campfire_choices":[{"data":"LightFlow","floor":7,"key":"SMITH"},{"data":"Spin","floor":15,"key":"SMITH"},{"data":"FloweringNight","floor":32,"key":"SMITH"},{"data":"infinitespire:TheBestDefense","floor":41,"key":"SMITH"},{"data":"wanderingMiniBosses:FinaleOfPromise","floor":48,"key":"SMITH"},{"floor":51,"key":"DIG"}],"circlet_count":0,"master_deck":["AscendersBane","Strike_S","Defend_S","Defend_S","Defend_S","Defend_S","KidneyShot","Exchange","LightFlow+1","TimeTheft","InstantArmor","Alleviate+1","Unruled","SpecialFormula","Spin+1","Potential","FloweringNight+1","MoonPhase","Unruled","ShatteredReality+1","infinitespire:TheBestDefense+1","Reset","Advance+1","BottledTime","MoonPhase+1","TimeWarp","Moondial","DoubleEdge","wanderingMiniBosses:FinaleOfPromise+1","BottledTime","ShiftingGears+1"],"relics":["Uniform","strawberrySpire:Treaders","jedi:kaleidoscope","Tiny Chest","infinitespire:Golems Mask","relicPack:SpireResearchBook","hubris:VirtuousBlindfold","ReplayTheSpireMod:Lightbulb","Oddly Smooth Stone","jedi:angrymask","Bag of Marbles","infinitespire:EvilPickle","Coffee Dripper","Gremlin Horn","strawberrySpire:DirtyLipstick","InkBottle","MawBank","wanderingMiniBosses:Blackblade","jedi:bottledfury","strawberrySpire:KineticCharger","Bag of Preparation"],"acts_visited":["Exordium","TheCity","TheBeyond"],"potions_floor_usage":[10,16,33,40,52],"damage_taken":[{"damage":0,"enemies":"2 Louse","floor":1,"turns":3},{"damage":2,"enemies":"Jaw Worm","floor":4,"turns":3},{"damage":0,"enemies":"Cultist","floor":5,"turns":2},{"damage":39,"enemies":"Replay:BlueRogue","floor":6,"turns":9},{"damage":0,"enemies":"Lagavulin","floor":8,"turns":4},{"damage":0,"enemies":"Gremlin Nob","floor":10,"turns":2},{"damage":0,"enemies":"Large Slime","floor":11,"turns":2},{"damage":0,"enemies":"Gremlin Gang","floor":13,"turns":2},{"damage":6,"enemies":"Exordium Thugs","floor":14,"turns":3},{"damage":15,"enemies":"The Guardian","floor":16,"turns":7},{"damage":0,"enemies":"Chosen","floor":18,"turns":3},{"damage":9,"enemies":"Shell Parasite","floor":20,"turns":2},{"damage":0,"enemies":"3 Cultists","floor":22,"turns":3},{"damage":7,"enemies":"Nightmare","floor":23,"turns":7},{"damage":0,"enemies":"Snake Plant","floor":24,"turns":3},{"damage":0,"enemies":"Slavers","floor":25,"turns":2},{"damage":0,"enemies":"Cultist and Chosen","floor":27,"turns":3},{"damage":0,"enemies":"3 Cultists","floor":28,"turns":3},{"damage":0,"enemies":"Snake Plant","floor":29,"turns":2},{"damage":0,"enemies":"Centurion and Healer","floor":30,"turns":2},{"damage":0,"enemies":"Shelled Parasite and Fungi","floor":31,"turns":1},{"damage":0,"enemies":"Pondfish","floor":33,"turns":3},{"damage":11,"enemies":"3 Darklings","floor":35,"turns":2},{"damage":0,"enemies":"Orb Walker","floor":36,"turns":1},{"damage":4,"enemies":"Jaw Worm Horde","floor":37,"turns":2},{"damage":13,"enemies":"strawberrySpire:EssenceStones","floor":40,"turns":3},{"damage":0,"enemies":"R_Hoarder","floor":42,"turns":5},{"damage":0,"enemies":"Spire Growth","floor":44,"turns":2},{"damage":0,"enemies":"3 Darklings","floor":45,"turns":3},{"damage":0,"enemies":"strawberrySpire:EssenceStones","floor":50,"turns":1},{"damage":0,"enemies":"Donu and Deca","floor":52,"turns":2}],"seed_played":"5688317002537373598","potions_obtained":[{"floor":6,"key":"Fruit Juice"},{"floor":8,"key":"blueLaboratory:HorrorPotion"},{"floor":10,"key":"Venom Potion"},{"floor":11,"key":"Cursed Concoction"},{"floor":13,"key":"EssenceOfSteel"},{"floor":22,"key":"blueLaboratory:HorrorPotion"},{"floor":35,"key":"blueLaboratory:BubblePotion"},{"floor":37,"key":"Adrenaline Potion"},{"floor":40,"key":"blueLaboratory:Moonshine"},{"floor":45,"key":"PowerPotion"}],"is_trial":false,"path_per_floor":["M","?","$","M","M","E","R","E","T","E","M","$","M","M","R","B",null,"M","?","M","AVR","M","NM","M","E","T","M","M","M","M","M","R_BF","B",null,"M","M","M","?","T","E","R","E","T","M","M","PTL","PTL","R","?","E","R_BF","B",null],"character_chosen":"THE_SERVANT","items_purchased":["relicPack:SpireResearchBook"],"campfire_rested":0,"item_purchase_floors":[12],"current_hp_per_floor":[54,54,54,60,60,21,21,21,21,26,31,31,31,30,30,20,54,54,54,50,50,55,53,58,58,58,63,65,65,65,65,65,65,65,54,59,55,55,55,47,47,60,60,65,65,65,65,65,39,44,44,49],"gold":1159,"neow_bonus":"ONE_RANDOM_RARE_CARD","is_daily":false,"chose_seed":false,"campfire_upgraded":5,"win_rate":0.0,"timestamp":1610616614,"path_taken":["M","?","?","M","?","E","R","E","T","E","M","$","M","M","R","BOSS","M","?","?","AVR","M","NM","M","E","T","M","M","M","M","M","R_BF","BOSS","M","M","M","?","?","E","R","E","T","M","M","PTL","PTL","R","?","E","R_BF","BOSS"],"items_purchased_type":["Relic"],"build_version":"2020-12-22","purchased_purges":2,"victory":true,"max_hp_per_floor":[60,60,60,60,60,60,60,60,60,65,65,65,65,65,65,65,65,65,65,65,65,65,65,65,65,65,65,65,65,65,65,65,65,65,65,65,65,65,65,65,65,65,65,65,65,65,65,65,65,65,65,65],"relic_stats":{"Gremlin Horn":[12,15],"counters":[31,92],"Tiny Chest":1,"Bag of Preparation":[2],"MawBank":120,"obtain_stats":[{"jedi:angrymask":25,"Gremlin Horn":39,"hubris:VirtuousBlindfold":17,"Oddly Smooth Stone":23,"Uniform":0,"Bag of Preparation":51,"jedi:bottledfury":49,"strawberrySpire:DirtyLipstick":40,"MawBank":43,"relicPack:SpireResearchBook":12,"infinitespire:EvilPickle":33,"jedi:kaleidoscope":8,"strawberrySpire:Treaders":6,"wanderingMiniBosses:Blackblade":45,"strawberrySpire:KineticCharger":50,"Tiny Chest":9,"infinitespire:Golems Mask":10,"Bag of Marbles":26,"Coffee Dripper":34,"ReplayTheSpireMod:Lightbulb":21,"InkBottle":42},{"jedi:angrymask":16,"Gremlin Horn":25,"hubris:VirtuousBlindfold":10,"Oddly Smooth Stone":14,"Uniform":0,"Bag of Preparation":30,"jedi:bottledfury":29,"strawberrySpire:DirtyLipstick":26,"MawBank":27,"relicPack:SpireResearchBook":7,"infinitespire:EvilPickle":22,"jedi:kaleidoscope":5,"strawberrySpire:Treaders":4,"wanderingMiniBosses:Blackblade":29,"strawberrySpire:KineticCharger":30,"Tiny Chest":5,"infinitespire:Golems Mask":6,"Bag of Marbles":16,"Coffee Dripper":22,"ReplayTheSpireMod:Lightbulb":12,"InkBottle":27},{"jedi:angrymask":57,"Gremlin Horn":76,"hubris:VirtuousBlindfold":37,"Oddly Smooth Stone":52,"Uniform":0,"Bag of Preparation":90,"jedi:bottledfury":89,"strawberrySpire:DirtyLipstick":79,"MawBank":84,"relicPack:SpireResearchBook":25,"infinitespire:EvilPickle":71,"jedi:kaleidoscope":21,"strawberrySpire:Treaders":17,"wanderingMiniBosses:Blackblade":89,"strawberrySpire:KineticCharger":90,"Tiny Chest":21,"infinitespire:Golems Mask":23,"Bag of Marbles":57,"Coffee Dripper":71,"ReplayTheSpireMod:Lightbulb":42,"InkBottle":84}],"InkBottle":[7]},"card_choices":[{"not_picked":["Alleviate","Snipe"],"picked":"TimeTheft","floor":1},{"not_picked":["FastForward","TimeWarp"],"picked":"InstantArmor","floor":4},{"not_picked":["Starlight","Defy","GearUp"],"picked":"SKIP","floor":5},{"not_picked":["Hightail","SurpressingFire"],"picked":"Alleviate","floor":6},{"not_picked":["Rewind","Starlight"],"picked":"Unruled","floor":8},{"not_picked":["Starlight","ForgedInTime"],"picked":"SpecialFormula","floor":10},{"not_picked":["Collapse","SurpressingFire"],"picked":"Spin","floor":11},{"not_picked":["DoubleEdge","Revamp","Misdirection"],"picked":"SKIP","floor":13},{"not_picked":["GearUp","Replace"],"picked":"Potential","floor":14},{"not_picked":["ForgedInTime","KillingDoll"],"picked":"FloweringNight","floor":16},{"not_picked":["FastForward","Defy"],"picked":"MoonPhase","floor":18},{"not_picked":["SilverBlades","Shuttle","Snipe"],"picked":"SKIP","floor":20},{"not_picked":["Unruled","Comet","Revamp"],"picked":"SKIP","floor":22},{"not_picked":["Comet","Revamp"],"picked":"Unruled","floor":22},{"not_picked":["Unruled+1","SurpressingFire"],"picked":"ShatteredReality+1","floor":23},{"not_picked":["infinitespire:FinalStrike","ReplayTheSpireMod:Echoes of Time"],"picked":"infinitespire:TheBestDefense","floor":23},{"not_picked":["SurpressingFire","DoubleEdge"],"picked":"Reset","floor":24},{"not_picked":["Reset","Sunlight","Alleviate"],"picked":"SKIP","floor":25},{"not_picked":["StarChef","RealityMarble"],"picked":"Advance+1","floor":27},{"not_picked":["GearUp","FanOfKnives"],"picked":"BottledTime","floor":28},{"not_picked":["ShatteredReality","BottledTime"],"picked":"MoonPhase+1","floor":29},{"not_picked":["BottledTime","GearUp"],"picked":"TimeWarp","floor":30},{"not_picked":["RealityMarble+1","ShatteredReality","FloweringNight"],"picked":"SKIP","floor":31},{"not_picked":["Rearm","Misdirection","Ricochet"],"picked":"SKIP","floor":35},{"not_picked":["Revamp","SpecialFormula","Replace+1"],"picked":"SKIP","floor":36},{"not_picked":["Unruled","RealityMarble"],"picked":"Moondial","floor":37},{"not_picked":["Misdirection","WasteNot+1","InstantArmor+1"],"picked":"SKIP","floor":37},{"not_picked":["Misdirection","WasteNot+1","InstantArmor+1"],"picked":"SKIP","floor":37},{"not_picked":["BestPractice","TimeTheft","BottledTime"],"picked":"SKIP","floor":40},{"not_picked":["StarChef","Starlight+1","KillingDoll"],"picked":"SKIP","floor":42},{"not_picked":["Unruled","Revamp"],"picked":"DoubleEdge","floor":44},{"not_picked":["ShatteredReality","Unruled"],"picked":"Luminosity","floor":45},{"not_picked":[],"picked":"wanderingMiniBosses:FinaleOfPromise","floor":45},{"not_picked":["BestPractice","RealityMarble"],"picked":"BottledTime","floor":49},{"not_picked":["GearUp","Alleviate"],"picked":"ShiftingGears+1","floor":50}],"player_experience":1078356,"relics_obtained":[{"floor":6,"key":"strawberrySpire:Treaders"},{"floor":8,"key":"jedi:kaleidoscope"},{"floor":9,"key":"Tiny Chest"},{"floor":10,"key":"infinitespire:Golems Mask"},{"floor":23,"key":"Oddly Smooth Stone"},{"floor":25,"key":"jedi:angrymask"},{"floor":26,"key":"Bag of Marbles"},{"floor":39,"key":"Gremlin Horn"},{"floor":40,"key":"strawberrySpire:DirtyLipstick"},{"floor":42,"key":"InkBottle"},{"floor":43,"key":"MawBank"},{"floor":45,"key":"wanderingMiniBosses:Blackblade"},{"floor":49,"key":"jedi:bottledfury"},{"floor":50,"key":"strawberrySpire:KineticCharger"},{"floor":51,"key":"Bag of Preparation"}],"event_choices":[{"damage_healed":0,"gold_gain":0,"player_choice":"Ignored","damage_taken":0,"max_hp_gain":0,"max_hp_loss":0,"event_name":"Liars Game","floor":2,"gold_loss":0},{"cards_removed":["Strike_S"],"damage_healed":0,"gold_gain":0,"player_choice":"Upgrade and Remove","damage_taken":0,"max_hp_gain":0,"max_hp_loss":0,"event_name":"Designer","floor":19,"gold_loss":110,"cards_upgraded":["Alleviate"]},{"damage_healed":0,"gold_gain":0,"player_choice":"Ignored","damage_taken":0,"max_hp_gain":0,"max_hp_loss":0,"event_name":"SecretPortal","floor":38,"gold_loss":0}],"is_beta":false,"boss_relics":[{"not_picked":["Painkiller Herb","Snecko Heart"],"picked":"hubris:VirtuousBlindfold"},{"not_picked":["Fusion Hammer","Philosopher\u0027s Stone"],"picked":"Coffee Dripper"}],"items_purged_floors":[12,21],"is_endless":false,"potions_floor_spawned":[6,8,10,11,13,22,25,27,28,31,35,45,50],"ascension_level":19}}