{"host":"5h7tnviy6ct1qpjn","time":1610624628,"event":{"mods":["AchievementEnabler","BaseMod","BetterRewards","Colored Powertips","Minty Spire (QoL Compilation)","Shop Mod","StSLib"],"gold_per_floor":[113,288,302,377,98,129,145,145,145,145,164,179,191,206,206,306,306,296,296,310,330,330,330],"floor_reached":22,"language":"ENG","playtime":1283,"items_purged":["Doubt"],"score":290,"play_id":"ea55d59d-c21a-420e-815a-98ac7cfa9b54","local_time":"20210114124348","is_ascension_mode":false,"campfire_choices":[{"floor":8,"key":"REST"},{"floor":10,"key":"RECALL"},{"data":"Evolve","floor":15,"key":"SMITH"}],"circlet_count":0,"master_deck":["Strike_R","Strike_R","Strike_R","Strike_R","Strike_R","Defend_R","Defend_R","Defend_R","Defend_R","Bash","Wild Strike","Infernal Blade","Armaments","Evolve+1","Blind","Demon Form+1","Thunderclap","Wild Strike","Iron Wave","Impervious","Entrench","Shrug It Off"],"relics":["Black Blood","Matryoshka","Pear","Shuriken","Lantern"],"acts_visited":["Exordium","TheCity"],"potions_floor_usage":[11,16,20],"damage_taken":[{"damage":4,"enemies":"2 Louse","floor":1,"turns":3},{"damage":4,"enemies":"Small Slimes","floor":3,"turns":3},{"damage":52,"enemies":"Gremlin Nob","floor":6,"turns":6},{"damage":0,"enemies":"Cultist","floor":7,"turns":3},{"damage":4,"enemies":"Exordium Wildlife","floor":11,"turns":2},{"damage":12,"enemies":"Lots of Slimes","floor":12,"turns":6},{"damage":11,"enemies":"Red Slaver","floor":13,"turns":4},{"damage":1,"enemies":"3 Louse","floor":14,"turns":2},{"damage":47,"enemies":"The Guardian","floor":16,"turns":9},{"damage":24,"enemies":"2 Thieves","floor":18,"turns":4},{"damage":25,"enemies":"3 Byrds","floor":20,"turns":3},{"damage":20,"enemies":"Centurion and Healer","floor":21,"turns":5},{"damage":60,"enemies":"3 Cultists","floor":22,"turns":5}],"seed_played":"5416662156355820672","potions_obtained":[{"floor":3,"key":"LiquidBronze"},{"floor":7,"key":"DuplicationPotion"},{"floor":13,"key":"LiquidBronze"},{"floor":16,"key":"SteroidPotion"}],"is_trial":false,"path_per_floor":["M","?","M","?","$","E","M","R","T","R","M","M","M","M","R","B",null,"M","?","M","M","M"],"character_chosen":"IRONCLAD","items_purchased":["Matryoshka","Armaments","Evolve","Blind"],"campfire_rested":1,"item_purchase_floors":[0,5,5,5],"current_hp_per_floor":[80,80,80,72,72,36,42,69,69,69,71,65,60,65,65,24,90,78,78,65,57,0,0],"gold":330,"neow_bonus":"","is_daily":false,"chose_seed":false,"campfire_upgraded":1,"win_rate":0.0,"timestamp":1610624628,"path_taken":["M","?","M","?","$","E","M","R","T","R","M","M","M","?","R","BOSS","M","?","M","M","M"],"items_purchased_type":["Relic","Card","Card","Card"],"build_version":"2020-12-22","purchased_purges":1,"victory":false,"max_hp_per_floor":[80,80,80,80,80,90,90,90,90,90,90,90,90,90,90,90,90,90,90,90,90,90,90],"card_choices":[{"not_picked":["Sword Boomerang","Bloodletting"],"picked":"Wild Strike","floor":1},{"not_picked":["Heavy Blade","Headbutt"],"picked":"Infernal Blade","floor":3},{"not_picked":["Twin Strike","Warcry"],"picked":"Demon Form","floor":6},{"not_picked":["Sword Boomerang","Perfected Strike"],"picked":"Thunderclap","floor":7},{"not_picked":["True Grit","Rage","Body Slam"],"picked":"SKIP","floor":11},{"not_picked":["Body Slam","Havoc"],"picked":"Wild Strike","floor":12},{"not_picked":["Warcry","Rage","Headbutt"],"picked":"SKIP","floor":13},{"not_picked":["Dual Wield","Twin Strike"],"picked":"Iron Wave","floor":14},{"not_picked":["Feed","Demon Form"],"picked":"Impervious","floor":16},{"not_picked":["Carnage","Body Slam","Uppercut"],"picked":"SKIP","floor":18},{"not_picked":["Sword Boomerang","Hemokinesis+1"],"picked":"Entrench","floor":20},{"not_picked":["Fire Breathing","Metallicize"],"picked":"Shrug It Off","floor":21}],"player_experience":77717,"relics_obtained":[{"floor":6,"key":"Pear"},{"floor":9,"key":"Shuriken"},{"floor":9,"key":"Lantern"}],"event_choices":[{"damage_healed":0,"gold_gain":175,"player_choice":"AGREE","damage_taken":0,"max_hp_gain":0,"max_hp_loss":0,"event_name":"Liars Game","floor":2,"gold_loss":0,"cards_obtained":["Doubt"]},{"damage_healed":0,"gold_gain":75,"player_choice":"Touch","damage_taken":8,"max_hp_gain":0,"max_hp_loss":0,"event_name":"FaceTrader","floor":4,"gold_loss":0},{"damage_healed":0,"gold_gain":0,"player_choice":"Upgraded","damage_taken":0,"max_hp_gain":0,"max_hp_loss":0,"event_name":"Upgrade Shrine","floor":19,"gold_loss":0,"cards_upgraded":["Demon Form"]}],"is_beta":false,"boss_relics":[{"not_picked":["Tiny House","Black Star"],"picked":"Black Blood"}],"items_purged_floors":[5],"is_endless":false,"potions_floor_spawned":[3,7,13,16],"killed_by":"3 Cultists","ascension_level":0}}