{"host":"Á¤±Û¸µ","time":1610643080,"event":{"mods":["AchievementEnabler","BaseMod","Colored Map","DeckTracker","Highlight Path","Keyboard Shortcuts","Minty Spire (QoL Compilation)","Permanent Neow","Quick Restart","Rare Cards Sparkle","everything is the same but u backflip on backflip"],"gold_per_floor":[118,118,134,134,154,154,187,187,210,224,224,267,282,71,71,155,155,167,167,186,86,86,117,117,117],"floor_reached":24,"language":"KOR","playtime":917,"items_purged":["Strike_P","Defend_P"],"score":403,"play_id":"b6fc16e7-e079-4143-9ba6-b94c0210d910","local_time":"20210115015120","is_ascension_mode":true,"campfire_choices":[{"data":"Eruption","floor":6.0,"key":"SMITH"},{"data":"CarveReality","floor":8.0,"key":"SMITH"},{"data":"Vigilance","floor":11.0,"key":"SMITH"},{"data":"Adaptation","floor":15.0,"key":"SMITH"}],"circlet_count":0,"master_deck":["AscendersBane","Strike_P+1","Strike_P","Defend_P","Defend_P","Eruption+1","Vigilance+1","Judgement+1","CarveReality+1","Consecrate","ConjureBlade","Adaptation+1","FearNoEvil","Blasphemy","Halt+1"],"relics":["PureWater","CeramicFish","Bottled Flame","Black Star","Girya","Bottled Lightning","Question Card","StoneCalendar"],"acts_visited":["Exordium","TheCity"],"potions_floor_usage":[23],"damage_taken":[{"damage":2.0,"enemies":"Jaw Worm","floor":1.0,"turns":3.0},{"damage":4.0,"enemies":"Small Slimes","floor":3.0,"turns":2.0},{"damage":0.0,"enemies":"Cultist","floor":5.0,"turns":2.0},{"damage":2.0,"enemies":"3 Sentries","floor":7.0,"turns":4.0},{"damage":7.0,"enemies":"Gremlin Gang","floor":10.0,"turns":3.0},{"damage":18.0,"enemies":"Lagavulin","floor":12.0,"turns":4.0},{"damage":0.0,"enemies":"Looter","floor":13.0,"turns":2.0},{"damage":1.0,"enemies":"Slime Boss","floor":16.0,"turns":6.0},{"damage":12.0,"enemies":"Shell Parasite","floor":18.0,"turns":3.0},{"damage":10.0,"enemies":"3 Byrds","floor":20.0,"turns":4.0},{"damage":30,"enemies":"Gremlin Leader","floor":23,"turns":5},{"damage":0,"enemies":"3 Cultists","floor":24,"turns":2}],"seed_played":"4911150531115019623","potions_obtained":[{"floor":5.0,"key":"Regen Potion"},{"floor":7.0,"key":"LiquidMemories"},{"floor":16.0,"key":"Explosive Potion"},{"floor":23,"key":"LiquidMemories"}],"is_trial":false,"path_per_floor":["M","?","M","?","M","R","E","R","T","M","R","E","M","$","R","B",null,"M","?","M","$","T","E","M"],"character_chosen":"WATCHER","items_purchased":["Adaptation","FearNoEvil"],"campfire_rested":0,"item_purchase_floors":[14,14],"current_hp_per_floor":[59,64,60,40,40,40,38,38,38,40,40,22,22,22,22,21,56,44,44,34,34,34,4,4,4],"gold":117,"neow_bonus":"TRANSFORM_TWO_CARDS","is_daily":false,"chose_seed":false,"campfire_upgraded":4,"win_rate":0.0,"timestamp":1610643080,"path_taken":["M","?","M","?","M","R","E","R","T","M","R","E","M","$","R","BOSS","M","?","M","$","?","E","M"],"items_purchased_type":["Card","Card"],"build_version":"2020-12-18","purchased_purges":2,"victory":false,"max_hp_per_floor":[62,67,67,67,67,67,67,67,67,67,67,67,67,67,67,67,67,67,67,67,67,67,67,67,67],"card_choices":[{"not_picked":["EmptyBody","BowlingBash"],"picked":"EmptyFist","floor":1.0},{"not_picked":["FollowUp","SashWhip","FlyingSleeves"],"picked":"SKIP","floor":3.0},{"not_picked":["SignatureMove","BowlingBash"],"picked":"Consecrate","floor":5.0},{"not_picked":["ClearTheMind","EmptyFist","CrushJoints"],"picked":"SKIP","floor":7.0},{"not_picked":["CrushJoints","Prostrate","Pray"],"picked":"SKIP","floor":10.0},{"not_picked":["ForeignInfluence","Sanctity"],"picked":"ConjureBlade","floor":12.0},{"not_picked":["Wallop","Conclude","FlurryOfBlows"],"picked":"SKIP","floor":13.0},{"not_picked":["MasterReality","ConjureBlade"],"picked":"Blasphemy","floor":16.0},{"not_picked":["SashWhip","ForeignInfluence","FollowUp"],"picked":"SKIP","floor":18.0},{"not_picked":["WheelKick","ReachHeaven"],"picked":"Halt+1","floor":20.0},{"not_picked":["BowlingBash","Consecrate","SashWhip"],"picked":"SKIP","floor":23}],"player_experience":487465,"relics_obtained":[{"floor":7.0,"key":"CeramicFish"},{"floor":12.0,"key":"Bottled Flame"},{"floor":22.0,"key":"Bottled Lightning"},{"floor":23,"key":"Question Card"},{"floor":23,"key":"StoneCalendar"}],"event_choices":[{"damage_healed":0.0,"max_hp_gain":5.0,"max_hp_loss":0.0,"gold_gain":0.0,"event_name":"Big Fish","player_choice":"Donut","floor":2.0,"gold_loss":0.0,"damage_taken":0.0},{"damage_healed":0.0,"max_hp_gain":0.0,"max_hp_loss":0.0,"gold_gain":0.0,"event_name":"Shining Light","player_choice":"Entered Light","floor":4.0,"gold_loss":0.0,"damage_taken":20.0,"cards_upgraded":["Judgement","Strike_P"]},{"cards_removed":["EmptyFist"],"damage_healed":0.0,"max_hp_gain":0.0,"max_hp_loss":0.0,"gold_gain":0.0,"event_name":"WeMeetAgain","player_choice":"Gave Card","floor":19.0,"gold_loss":0.0,"damage_taken":0.0,"relics_obtained":["Girya"]}],"is_beta":true,"boss_relics":[{"not_picked":["Sozu","SacredBark"],"picked":"Black Star"}],"items_purged_floors":[14,21],"is_endless":false,"potions_floor_spawned":[5,7,16,23],"killed_by":"3 Cultists","ascension_level":16}}