{"host":"e4wnmsyty9uvvtwf","time":1610635077,"event":{"mods":["Act Like it!","BaseMod","Colored Map","Colored Powertips","Gensokyo","Koishi","Minty Spire (QoL Compilation)","Rare Cards Sparkle","StSLib"],"gold_per_floor":[115,45,55,55,5,5,33,33,60,11,46,357,357,357,357,357,357],"floor_reached":16,"language":"ZHS","playtime":551,"items_purged":[],"score":128,"play_id":"be0f30e2-01f1-444b-aa15-fd6fa63c08f1","local_time":"20210114223757","is_ascension_mode":true,"campfire_choices":[{"data":"Koishi:CatchAndRose","floor":6,"key":"SMITH"},{"data":"Koishi:Provoke","floor":8,"key":"SMITH"},{"data":"Koishi:ReleaseOfTheId","floor":13,"key":"SMITH"},{"data":"Koishi:HeartfeltFancy","floor":15,"key":"SMITH"}],"circlet_count":0,"master_deck":["Koishi:BasicStrike+1","Koishi:BasicStrike","Koishi:BasicStrike+1","Koishi:BasicStrike","Koishi:BasicDefend","Koishi:BasicDefend","Koishi:BasicDefend","Koishi:BasicDefend","Koishi:Provoke+1","Koishi:HauntingSlash+1","Koishi:CatchAndRose+1","Koishi:ParalyzingFear","Koishi:SilentAndRestless","Koishi:ReleaseOfTheId+1","Koishi:FreudianInstinct","Koishi:HeartfeltFancy+1"],"relics":["Koishi:ImaginaryFriend","Strawberry","Gensokyo:OccultBall","Eternal Feather","Whetstone","Pen Nib","Koishi:AHoleWhereASisterShouldBe"],"acts_visited":["Exordium"],"potions_floor_usage":[7],"damage_taken":[{"damage":3,"enemies":"Gensokyo:Gryphon","floor":1,"turns":4},{"damage":0,"enemies":"Gensokyo:Python","floor":3,"turns":5},{"damage":8,"enemies":"Gensokyo:Cirno","floor":7,"turns":6},{"damage":11,"enemies":"Gensokyo:Aya","floor":11,"turns":9},{"damage":37,"enemies":"Gensokyo:2_Kodama","floor":12,"turns":3},{"damage":36,"enemies":"Gensokyo:Kokoro","floor":16,"turns":13}],"seed_played":"6912131111517790619","potions_obtained":[{"floor":3,"key":"PowerPotion"},{"floor":7,"key":"EssenceOfSteel"}],"is_trial":false,"path_per_floor":["M","?","M","?","COS","R","E","R","T","$","E","M","R","?","R","B"],"character_chosen":"KOISHI","items_purchased":["Koishi:ParalyzingFear"],"campfire_rested":0,"item_purchase_floors":[10],"current_hp_per_floor":[60,67,67,67,67,67,61,67,67,67,60,25,31,31,40,4,4],"gold":357,"neow_bonus":"UPGRADE_CARD","is_daily":false,"chose_seed":false,"campfire_upgraded":4,"win_rate":0.0,"timestamp":1610635077,"path_taken":["M","?","M","?","COS","R","E","R","T","?","E","M","R","?","R","BOSS"],"items_purchased_type":["Card"],"build_version":"2020-12-22","purchased_purges":0,"victory":false,"max_hp_per_floor":[60,67,67,67,67,67,67,67,67,67,67,67,67,67,67,67,67],"card_choices":[{"not_picked":["Koishi:DreadfulBlow","Koishi:UnansweredLove"],"picked":"Koishi:DanmakuParanoia","floor":1},{"not_picked":["Koishi:BramblyRoseGarden","Koishi:RorschachInDanmaku"],"picked":"Koishi:CatchAndRose","floor":3},{"not_picked":["Koishi:SubconsciousSweep","Koishi:Vanish","Koishi:GhostParty"],"picked":"SKIP","floor":7},{"not_picked":["Koishi:HeartfeltFancy","Koishi:SubterraneanRose"],"picked":"Koishi:SilentAndRestless","floor":11},{"not_picked":["Koishi:FleetingPhantom","Koishi:VengefulSpirit"],"picked":"Koishi:ReleaseOfTheId","floor":12},{"not_picked":["Koishi:UnconsciousUprising","Koishi:Jaunt"],"picked":"Koishi:FreudianInstinct","floor":14},{"not_picked":["Koishi:HeartAttack","Koishi:FleetingPhantom"],"picked":"Koishi:HeartfeltFancy","floor":14}],"player_experience":533209,"relics_obtained":[{"floor":7,"key":"Eternal Feather"},{"floor":9,"key":"Whetstone"},{"floor":11,"key":"Pen Nib"}],"event_choices":[],"is_beta":false,"boss_relics":[],"items_purged_floors":[],"is_endless":false,"potions_floor_spawned":[3,7],"killed_by":"Gensokyo:Kokoro","ascension_level":5}}