{"host":"91ruqvp7hiryodqd","time":1610585162,"event":{"mods":["AchievementEnabler","BaseMod","Colored Map","Colored Powertips","Filter the Spire","Minty Spire (QoL Compilation)","Relic Stats","StSLib"],"gold_per_floor":[111,111,127,52,52,83,102,138,138,38,58,82,82,82,82,201,201,220,220,240,115,131,131,46,77,132,132,157,157,200,200,200,200,200],"floor_reached":33,"language":"ENG","playtime":1549,"items_purged":["Strike_P","Defend_P","Defend_P"],"score":334,"play_id":"9b6963eb-1264-4834-81b3-6ea27ecb5895","local_time":"20210114074602","is_ascension_mode":true,"campfire_choices":[{"floor":13.0,"key":"REST"},{"data":"TalkToTheHand","floor":15.0,"key":"SMITH"},{"data":"Eruption","floor":23.0,"key":"SMITH"},{"floor":27.0,"key":"REST"},{"floor":29,"key":"REST"},{"data":"Vigilance","floor":32,"key":"SMITH"}],"circlet_count":0,"master_deck":["Defend_P","Eruption+1","Vigilance+1","EmptyFist","TalkToTheHand+1","FearNoEvil","Prostrate","MentalFortress+1","Brilliance","FlurryOfBlows+1","CrushJoints+1","Wireheading+1","Indignation","EmptyBody+1","LessonLearned"],"relics":["PureWater","NeowsBlessing","Golden Idol","Frozen Egg 2","StoneCalendar","Torii","Astrolabe","Ice Cream","Mercury Hourglass","Nunchaku","Pear"],"acts_visited":["Exordium","TheCity"],"potions_floor_usage":[30],"damage_taken":[{"damage":0.0,"enemies":"Jaw Worm","floor":1.0,"turns":1.0},{"damage":0.0,"enemies":"Cultist","floor":3.0,"turns":1.0},{"damage":0.0,"enemies":"3 Sentries","floor":6.0,"turns":1.0},{"damage":0.0,"enemies":"Small Slimes","floor":7.0,"turns":3.0},{"damage":11.0,"enemies":"Lagavulin","floor":8.0,"turns":6.0},{"damage":28.0,"enemies":"Gremlin Gang","floor":11.0,"turns":6.0},{"damage":1.0,"enemies":"3 Louse","floor":12.0,"turns":3.0},{"damage":53.0,"enemies":"The Guardian","floor":16.0,"turns":13.0},{"damage":6.0,"enemies":"Spheric Guardian","floor":18.0,"turns":3.0},{"damage":18.0,"enemies":"2 Thieves","floor":20.0,"turns":4.0},{"damage":0.0,"enemies":"3 Cultists","floor":22.0,"turns":5.0},{"damage":44.0,"enemies":"Slavers","floor":25.0,"turns":7.0},{"damage":8,"enemies":"Snake Plant","floor":28,"turns":5},{"damage":1,"enemies":"Book of Stabbing","floor":30,"turns":5},{"damage":6,"enemies":"Champ","floor":33,"turns":5}],"seed_played":"-3225701310342887880","potions_obtained":[{"floor":1.0,"key":"FearPotion"},{"floor":3.0,"key":"GamblersBrew"},{"floor":12.0,"key":"FairyPotion"},{"floor":16.0,"key":"DistilledChaos"},{"floor":18.0,"key":"SpeedPotion"},{"floor":20.0,"key":"Weak Potion"}],"is_trial":false,"path_per_floor":["M","?","M","$","?","E","M","E","T","$","M","M","R","$","R","B",null,"M","?","M","$","M","R","?","E","T","R","M","R","E","?","R","B"],"character_chosen":"WATCHER","items_purchased":[],"campfire_rested":3,"item_purchase_floors":[],"current_hp_per_floor":[72,54,54,54,54,54,54,43,43,43,15,14,35,35,35,19,72,66,72,54,54,54,54,54,10,10,31,23,44,53,53,53,47,47],"gold":200,"neow_bonus":"THREE_ENEMY_KILL","is_daily":false,"chose_seed":false,"campfire_upgraded":3,"win_rate":0.0,"timestamp":1610585162,"path_taken":["M","?","M","$","?","E","M","E","T","?","M","M","R","?","R","BOSS","M","?","?","$","M","R","?","E","T","R","M","R","E","?","R","BOSS"],"items_purchased_type":[],"build_version":"2020-12-22","purchased_purges":3,"victory":false,"max_hp_per_floor":[72,72,72,72,72,72,72,72,72,72,72,72,72,72,72,72,72,72,72,72,72,72,72,72,72,72,72,72,72,82,82,82,82,82],"relic_stats":{"Nunchaku":[3],"Torii":22,"counters":[15,68],"Golden Idol":84,"Astrolabe":["SandsOfTime","FlurryOfBlows","CrushJoints"],"StoneCalendar":[52],"obtain_stats":[{"Ice Cream":24,"Nunchaku":26,"Pear":30,"NeowsBlessing":0,"Torii":9,"Golden Idol":2,"Astrolabe":17,"StoneCalendar":8,"PureWater":0,"Frozen Egg 2":6,"Mercury Hourglass":25},{"Ice Cream":11,"Nunchaku":12,"Pear":14,"NeowsBlessing":0,"Torii":5,"Golden Idol":1,"Astrolabe":8,"StoneCalendar":5,"PureWater":0,"Frozen Egg 2":3,"Mercury Hourglass":12},{"Ice Cream":46,"Nunchaku":53,"Pear":63,"NeowsBlessing":0,"Torii":12,"Golden Idol":1,"Astrolabe":34,"StoneCalendar":12,"PureWater":0,"Frozen Egg 2":3,"Mercury Hourglass":53}],"Mercury Hourglass":[45]},"card_choices":[{"not_picked":["Sanctity","Wallop"],"picked":"EmptyFist","floor":1.0},{"not_picked":["ThirdEye","FlyingSleeves"],"picked":"TalkToTheHand","floor":3.0},{"not_picked":["Evaluate","FollowUp","CarveReality"],"picked":"SKIP","floor":6.0},{"not_picked":["Evaluate","EmptyBody"],"picked":"Prostrate","floor":7.0},{"not_picked":["FlurryOfBlows","FearNoEvil","WheelKick"],"picked":"SKIP","floor":8.0},{"not_picked":["WheelKick","EmptyFist"],"picked":"MentalFortress+1","floor":11.0},{"not_picked":["WheelKick","Weave","EmptyFist"],"picked":"SKIP","floor":12.0},{"not_picked":["DeusExMachina","SpiritShield"],"picked":"Brilliance","floor":16.0},{"not_picked":["BowlingBash","PathToVictory","SashWhip"],"picked":"SKIP","floor":18.0},{"not_picked":["JustLucky","Swivel"],"picked":"Wireheading+1","floor":20.0},{"not_picked":["ForeignInfluence","WindmillStrike"],"picked":"Indignation","floor":22.0},{"not_picked":["Consecrate","PathToVictory+1"],"picked":"EmptyBody+1","floor":25.0},{"not_picked":["EmptyBody","Consecrate","Crescendo"],"picked":"SKIP","floor":28},{"not_picked":["Protect","Indignation"],"picked":"LessonLearned","floor":30}],"player_experience":54485,"relics_obtained":[{"floor":6.0,"key":"Frozen Egg 2"},{"floor":8.0,"key":"StoneCalendar"},{"floor":9.0,"key":"Torii"},{"floor":25.0,"key":"Mercury Hourglass"},{"floor":26.0,"key":"Nunchaku"},{"floor":30,"key":"Pear"}],"event_choices":[{"damage_healed":0.0,"max_hp_gain":0.0,"max_hp_loss":0.0,"gold_gain":0.0,"event_name":"Golden Idol","player_choice":"Take Damage","floor":2.0,"gold_loss":0.0,"damage_taken":18.0,"relics_obtained":["Golden Idol"]},{"damage_healed":0.0,"max_hp_gain":0.0,"max_hp_loss":0.0,"gold_gain":0.0,"cards_transformed":["Strike_P"],"event_name":"Living Wall","player_choice":"Change","floor":5.0,"gold_loss":0.0,"damage_taken":0.0,"cards_obtained":["FearNoEvil"]},{"cards_removed":["SandsOfTime"],"damage_healed":6.0,"max_hp_gain":0.0,"max_hp_loss":0.0,"gold_gain":0.0,"event_name":"Bonfire Elementals","player_choice":"Offered Uncommon","floor":19.0,"gold_loss":0.0,"damage_taken":0.0},{"damage_healed":0.0,"max_hp_gain":0.0,"max_hp_loss":0.0,"gold_gain":0.0,"event_name":"Addict","player_choice":"Obtained Relic","floor":24.0,"gold_loss":85.0,"damage_taken":0.0,"relics_obtained":["Ice Cream"]},{"damage_healed":0,"gold_gain":0,"player_choice":"0 cards matched","damage_taken":0,"max_hp_gain":0,"max_hp_loss":0,"event_name":"Match and Keep!","floor":31,"gold_loss":0,"cards_obtained":[]}],"is_beta":false,"boss_relics":[{"not_picked":["Busted Crown","Pandora\u0027s Box"],"picked":"Astrolabe"}],"items_purged_floors":[4,10,21],"is_endless":false,"potions_floor_spawned":[1,3,12,16,18,20,28],"killed_by":"Champ","ascension_level":1}}