{"host":"pn0n58vrtcysp2am","time":1610609973,"event":{"mods":["100% Spire Juice","ATMod(∞¢Ë™Mod)","Act Like it!","Arknights The Spire","BaseMod","CapriCore","Friendly Minions","Minty Spire (QoL Compilation)","READ ME - Guardian Mod","Remilia£®¿Ÿ√◊¿Ú—«£©","StSLib","The Immortal","WarShipGirlsR/’ΩΩ¢…Ÿ≈ÆR mod","Youmu£®ªÍ∆«—˝√Œ£©","°æ“≈ŒÔø®≈∆°øREMEMod"],"gold_per_floor":[119,49,49,63,83,83,108,139,139,139,153,168,59,59,59,189,189,213,488,229,212,212,212],"floor_reached":22,"language":"ZHS","playtime":1001,"items_purged":["ats:Strike G","Regret"],"score":186,"play_id":"264204d0-8826-4f01-9442-9983049014c1","local_time":"20210114153933","is_ascension_mode":false,"campfire_choices":[{"data":"ats:Part Time Job","floor":6.0,"key":"SMITH"},{"data":"ats:Strike V","floor":10.0,"key":"PURGE"},{"data":"ats:Thorns","floor":15.0,"key":"SMITH"}],"circlet_count":0,"master_deck":["ats:Strike C","ats:Strike S","ats:Armor Crushing Shot","ats:Defend","ats:Defend","ats:Defend","ats:Defend","ats:Emotion Absorption","ats:Part Time Job+1","AT_Desolate","ats:Automatic Cover","ats:Healing Strengthening","ats:Shadow Raid","ats:Hook Shot","ats:Hammer On","ats:Overload","ats:Shell Defense","ats:Apocalypse","ats:Thorns+1","ats:Soul Rend","ats:Part Time Job+1","ats:Dogmatic Field","ats:Revitalization+1"],"relics":["ats:Sanity","REME_ComplimentaryCards","AT_ATBox","Golden Idol","ats:Originium","Girya","Peace Pipe","Cursed Key"],"acts_visited":["Exordium","TheCity"],"potions_floor_usage":[],"damage_taken":[{"damage":0.0,"enemies":"Small Slimes","floor":1.0,"turns":3.0},{"damage":7.0,"enemies":"Jaw Worm","floor":4.0,"turns":5.0},{"damage":1.0,"enemies":"Cultist","floor":5.0,"turns":3.0},{"damage":33.0,"enemies":"Gremlin Gang","floor":7.0,"turns":13.0},{"damage":9.0,"enemies":"3 Sentries","floor":8.0,"turns":7.0},{"damage":23.0,"enemies":"Large Slime","floor":11.0,"turns":8.0},{"damage":11.0,"enemies":"Lots of Slimes","floor":12.0,"turns":6.0},{"damage":40.0,"enemies":"Slime Boss","floor":16.0,"turns":10.0},{"damage":21.0,"enemies":"Spheric Guardian","floor":18.0,"turns":6.0},{"damage":11,"enemies":"2 Thieves","floor":21,"turns":5},{"damage":67,"enemies":"Cultist and Chosen","floor":22,"turns":6}],"seed_played":"3815809439129859483","potions_obtained":[{"floor":4.0,"key":"EntropicBrew"},{"floor":8.0,"key":"SpeedPotion"},{"floor":16.0,"key":"REME_GoldPotion"},{"floor":18.0,"key":"EssenceOfSteel"}],"is_trial":false,"path_per_floor":["M","$","?","M","M","R","M","E","T","R","M","M","$","?","R","B",null,"M","?","$","M","M"],"character_chosen":"DOCTOR_CLASS","items_purchased":["ats:Healing Strengthening","ats:Thorns","ats:Dogmatic Field"],"campfire_rested":0,"item_purchase_floors":[2,13,20],"current_hp_per_floor":[72,72,54,55,59,59,72,72,72,72,70,72,72,72,72,68,72,62,62,62,62,26,26],"gold":212,"neow_bonus":"THREE_CARDS","is_daily":false,"chose_seed":false,"campfire_upgraded":2,"win_rate":0.0,"timestamp":1610609973,"path_taken":["M","$","?","M","M","R","M","E","T","R","M","M","$","?","R","BOSS","M","?","?","?","M"],"items_purchased_type":["Card","Card","Card"],"build_version":"2020-12-22","purchased_purges":2,"victory":false,"max_hp_per_floor":[72,72,72,72,72,72,72,72,72,72,72,72,72,72,72,72,72,72,72,72,72,72,72],"card_choices":[{"not_picked":["ats:Neurotoxin","ats:Consecutive Shot Auto"],"picked":"ats:Part Time Job","floor":0.0},{"not_picked":["ats:Childhood Dance","ats:Cat Scratch"],"picked":"ats:Automatic Cover","floor":1.0},{"not_picked":["ats:Explosion Area Strengthen","ats:Leaping Hammer"],"picked":"ats:Shadow Raid","floor":4.0},{"not_picked":["ats:Leaping Hammer","ats:Explosion Area Strengthen"],"picked":"ats:Hook Shot","floor":5.0},{"not_picked":["ats:Leaping Hammer","ats:Encircling Forest"],"picked":"ats:Hammer On","floor":7.0},{"not_picked":["ats:True Silver Slash","ats:Ignite"],"picked":"ats:Overload","floor":8.0},{"not_picked":["ats:Revitalization","ats:Leaping Hammer"],"picked":"ats:Shell Defense","floor":11.0},{"not_picked":["ats:Assault Order","ats:Cat Scratch"],"picked":"ats:Apocalypse","floor":12.0},{"not_picked":["ats:Roar Of Ursus","ats:Nebulous Foxfire"],"picked":"ats:Soul Rend","floor":16.0},{"not_picked":["ats:Explosion Area Strengthen","ats:Charging Defense"],"picked":"ats:Part Time Job+1","floor":18.0},{"not_picked":["ats:Thorns","ats:Childhood Dance"],"picked":"ats:Revitalization+1","floor":21}],"player_experience":23372,"relics_obtained":[{"floor":8.0,"key":"ats:Originium"},{"floor":8.0,"key":"Girya"},{"floor":9.0,"key":"Peace Pipe"}],"event_choices":[{"damage_healed":0.0,"max_hp_gain":0.0,"max_hp_loss":0.0,"gold_gain":0.0,"event_name":"Golden Idol","player_choice":"Take Damage","floor":3.0,"gold_loss":0.0,"damage_taken":18.0,"relics_obtained":["Golden Idol"]},{"damage_healed":0.0,"max_hp_gain":0.0,"max_hp_loss":0.0,"gold_gain":275.0,"event_name":"Golden Shrine","player_choice":"Desecrate","floor":19.0,"gold_loss":0.0,"damage_taken":0.0,"cards_obtained":["Regret"]}],"is_beta":false,"boss_relics":[{"not_picked":["REME_DemonsWealth","Philosopher\u0027s Stone"],"picked":"Cursed Key"}],"items_purged_floors":[13,20],"is_endless":false,"potions_floor_spawned":[4,8,16,18],"killed_by":"Cultist and Chosen","ascension_level":0}}