{"host":"Planeswalker","time":1610599950,"event":{"mods":["Act Like it!","Astrologer","BaseMod","Downfall","Friendly Minions","GifTheSpireLib","Halation","Hermit","Hubris","Jorbs\u0027s Wanderer Trilogy","Minty Spire (QoL Compilation)","Replay The Spire","SOS???????","Shop Mod","Somnambulant","StSLib","The Bladedancer","The Cursed","The Elementalist","The Hierophant","The Jungle","The Mystic","The Necromancer"],"gold_per_floor":[117,130,130,15,15,15,26,53,53,72,83,83,83],"floor_reached":12,"language":"ENG","playtime":673,"items_purged":[],"score":80,"play_id":"58662706-df0c-4703-8e64-b4b31c0f262f","local_time":"20210113215230","is_ascension_mode":false,"campfire_choices":[{"data":"mysticmod:Dedication","floor":6,"key":"SMITH"}],"circlet_count":0,"master_deck":["mysticmod:Strike_Mystic","mysticmod:Strike_Mystic","mysticmod:Strike_Mystic","mysticmod:Strike_Mystic","mysticmod:Defend_Mystic","mysticmod:Defend_Mystic","mysticmod:Defend_Mystic","mysticmod:Defend_Mystic","mysticmod:ArcaneDodge","mysticmod:ShockingGrasp","mysticmod:HunkerDown","mysticmod:StyleChange","mysticmod:Dedication+1","mysticmod:HunkerDown","ReplayTheSpireMod:Scrap Shanks","mysticmod:Shield","Acrobatics","mysticmod:Riposte"],"relics":["hubris:Icosahedron","m_BookOfShivs","Nunchaku","Gremlin Food"],"acts_visited":["Exordium"],"potions_floor_usage":[10,12],"damage_taken":[{"damage":17,"enemies":"Jaw Worm","floor":1,"turns":6},{"damage":2,"enemies":"Small Slimes","floor":2,"turns":3},{"damage":0,"enemies":"2 Louse","floor":7,"turns":3},{"damage":6,"enemies":"Lagavulin","floor":8,"turns":8},{"damage":31,"enemies":"Gremlin Gang","floor":10,"turns":10},{"damage":7,"enemies":"2 Fungi Beasts","floor":11,"turns":5},{"damage":44,"enemies":"Gremlin Nob","floor":12,"turns":5}],"seed_played":"-655625703762074332","potions_obtained":[{"floor":1,"key":"SmokeBomb"},{"floor":2,"key":"Weak Potion"},{"floor":10,"key":"DuplicationPotion"}],"is_trial":false,"path_per_floor":["M","M","?","$","?","R","M","E","T","M","M","E"],"character_chosen":"MYSTIC_CLASS","items_purchased":["mysticmod:Dedication","mysticmod:HunkerDown"],"campfire_rested":0,"item_purchase_floors":[4,4],"current_hp_per_floor":[67,65,65,65,65,65,65,59,59,28,21,0,0],"gold":83,"neow_bonus":"TEN_PERCENT_HP_BONUS","is_daily":false,"chose_seed":false,"campfire_upgraded":1,"win_rate":0.0,"timestamp":1610599950,"path_taken":["M","M","?","$","?","R","M","E","T","?","M","E"],"items_purchased_type":["Card","Card"],"build_version":"2020-11-17","purchased_purges":0,"victory":false,"max_hp_per_floor":[84,84,84,84,84,84,84,84,84,84,84,84,84],"card_choices":[{"not_picked":["mysticmod:VorpalThrust","mysticmod:Probe"],"picked":"mysticmod:HunkerDown","floor":1},{"not_picked":["mysticmod:PureInstinct","mysticmod:VorpalThrust"],"picked":"mysticmod:StyleChange","floor":2},{"not_picked":["mysticmod:Dedication","mysticmod:EarthenWall"],"picked":"ReplayTheSpireMod:Scrap Shanks","floor":7},{"not_picked":["mysticmod:Grapple","mysticmod:PureInstinct"],"picked":"mysticmod:Shield","floor":8},{"not_picked":["Expertise","Escape Plan"],"picked":"Acrobatics","floor":10},{"not_picked":["mysticmod:KeenEdge","mysticmod:Sideswipe"],"picked":"mysticmod:Riposte","floor":11}],"player_experience":19454,"relics_obtained":[{"floor":8,"key":"Nunchaku"},{"floor":9,"key":"Gremlin Food"}],"event_choices":[],"is_beta":true,"boss_relics":[],"items_purged_floors":[],"is_endless":false,"potions_floor_spawned":[1,2,10],"killed_by":"Gremlin Nob","ascension_level":0}}