{"host":"7koe0iw0zllko92h","time":1610668722,"event":{"mods":["Act Like it!","BaseMod","Colored Powertips","Hermit","Hubris","Infinite Spire","Minty Spire (QoL Compilation)","Replay The Spire","StSLib","The Cursed","The Dragon Tamer"],"gold_per_floor":[216,230,230,246,257,285,296,311,334,334,351,376,376,394,394,491,491,508,518,37,51,51,51,67,78,129,229,255,255,215,235,235,331,331,346,17,32,52,65,100,100,126,152,182,182,211,211,211],"floor_reached":47,"language":"ENG","playtime":6742,"items_purged":[],"score":547,"play_id":"41c271b6-6992-410e-a882-2d5e36f054c8","local_time":"20210114185842","is_ascension_mode":false,"campfire_choices":[{"data":"1","floor":10,"key":"LIFT"},{"floor":13,"key":"REST"},{"data":"2","floor":15,"key":"LIFT"},{"data":"3","floor":23,"key":"LIFT"},{"floor":29,"key":"REST"},{"floor":32,"key":"REST"},{"floor":41,"key":"REST"}],"circlet_count":0,"master_deck":["hermit:Strike_Hermit","hermit:Strike_Hermit","hermit:Strike_Hermit","hermit:Strike_Hermit","hermit:Defend_Hermit","hermit:Defend_Hermit","hermit:Snapshot","hermit:Covet","hermit:Shortfuse","hermit:GoldenBullet","hermit:Dive","hermit:Ricochet","hermit:Vantage","hermit:Ricochet","hermit:Gestalt","hermit:Showdown","hermit:Quickdraw","hermit:Maintenance","hermit:HighNoon","hermit:WideOpen","hermit:Deadeye+1","hermit:Determination","hermit:CalledShot+1","hermit:Virtue","hermit:RoundhouseKick","hermit:Virtue","hermit:Misfire+1","hermit:Combo","hermit:Gambit","hermit:Dive+1","Discovery","hermit:BigShot","hermit:Dive","hermit:Brawl","hermit:DeadOrAlive","hermit:EyeOfTheStorm+1","hermit:GhostlyPresence+1","hermit:TakeAim","Parasite","hermit:Quickdraw+1","hermit:ItchyTrigger+1"],"relics":["hermit:Momento","Girya","Happy Flower","Pen Nib","Sozu","Replay:WaspNest","Lantern","Simple Rune","hubris:FunFungus","Bottled Tornado","infinitespire:Satchel","Painkiller Herb","OrangePellets","CeramicFish","Bag of Marbles"],"acts_visited":["Exordium","TheCity","TheBeyond"],"potions_floor_usage":[6,6,8,16,16],"damage_taken":[{"damage":0,"enemies":"Small Slimes","floor":1,"turns":3},{"damage":0,"enemies":"Cultist","floor":2,"turns":2},{"damage":5,"enemies":"2 Louse","floor":4,"turns":2},{"damage":0,"enemies":"2 Fungi Beasts","floor":5,"turns":2},{"damage":0,"enemies":"Gremlin Nob","floor":6,"turns":3},{"damage":8,"enemies":"Red Slaver","floor":7,"turns":2},{"damage":0,"enemies":"Large Slime","floor":8,"turns":3},{"damage":11,"enemies":"Blue Slaver","floor":11,"turns":3},{"damage":13,"enemies":"Lagavulin","floor":12,"turns":4},{"damage":3,"enemies":"Gremlin Gang","floor":14,"turns":2},{"damage":3,"enemies":"Fading Forest","floor":16,"turns":11},{"damage":14,"enemies":"3 Byrds","floor":18,"turns":5},{"damage":9,"enemies":"2 Thieves","floor":19,"turns":2},{"damage":1,"enemies":"Snecko","floor":21,"turns":3},{"damage":5,"enemies":"Chosen and Byrds","floor":24,"turns":4},{"damage":0,"enemies":"Centurion and Healer","floor":25,"turns":3},{"damage":13,"enemies":"Colosseum Slavers","floor":27,"turns":2},{"damage":6,"enemies":"Colosseum Nobs","floor":27,"turns":3},{"damage":12,"enemies":"Gremlin Leader","floor":28,"turns":5},{"damage":15,"enemies":"Snake Plant","floor":31,"turns":2},{"damage":32,"enemies":"hubris:MusketHawk","floor":33,"turns":5},{"damage":9,"enemies":"3 Shapes","floor":35,"turns":1},{"damage":7,"enemies":"3 Darklings","floor":37,"turns":4},{"damage":0,"enemies":"Maw","floor":38,"turns":4},{"damage":6,"enemies":"4 Shapes","floor":39,"turns":5},{"damage":51,"enemies":"Nightmare","floor":40,"turns":4},{"damage":9,"enemies":"Spire Growth","floor":42,"turns":3},{"damage":7,"enemies":"Writhing Mass","floor":44,"turns":4},{"damage":10,"enemies":"3 Darklings","floor":46,"turns":4},{"damage":10,"enemies":"Maw","floor":47,"turns":2}],"seed_played":"-3140955910540918915","potions_obtained":[{"floor":2,"key":"FearPotion"},{"floor":4,"key":"DistilledChaos"},{"floor":5,"key":"hermit:Eclipse"},{"floor":11,"key":"Energy Potion"},{"floor":14,"key":"AttackPotion"}],"is_trial":false,"path_per_floor":["M","M","?","M","M","E","M","M","T","R","M","E","R","M","R","B",null,"M","M","$","M","?","R","M","M","T","?","E","R","?","M","R","B",null,"?","T","?","?","?","NM","T","?","T","?","?","?","?"],"character_chosen":"HERMIT","items_purchased":["hermit:Determination","Replay:WaspNest","Lantern","OrangePellets","Discovery","hermit:BigShot","hermit:Dive"],"campfire_rested":4,"item_purchase_floors":[20,20,20,36,36,36,36],"current_hp_per_floor":[75,75,75,70,70,70,62,62,62,62,51,38,60,57,57,64,75,61,52,52,51,51,51,46,46,46,27,16,38,38,23,45,14,75,66,66,59,59,54,3,25,18,18,11,11,6,0,0],"gold":211,"neow_bonus":"HUNDRED_GOLD","is_daily":false,"chose_seed":false,"campfire_upgraded":0,"win_rate":0.0,"timestamp":1610668722,"path_taken":["M","M","?","M","M","E","M","?","T","R","M","E","R","M","R","BOSS","M","M","$","M","?","R","?","M","T","?","E","R","?","?","R","BOSS","?","T","?","?","?","NM","T","?","T","?","?","?","?"],"items_purchased_type":["Card","Relic","Relic","Relic","Card","Card","Card"],"build_version":"2020-12-22","purchased_purges":0,"victory":false,"max_hp_per_floor":[75,75,75,75,75,75,75,75,75,75,75,75,75,75,75,75,75,75,75,75,75,75,75,75,75,75,75,75,75,75,75,75,75,75,75,75,75,75,75,75,75,75,75,75,75,75,75,75],"card_choices":[{"not_picked":["hermit:Misfire","hermit:Desperado"],"picked":"hermit:Shortfuse","floor":1},{"not_picked":["hermit:ItchyTrigger","hermit:Desperado"],"picked":"hermit:GoldenBullet","floor":2},{"not_picked":["hermit:LowProfile","hermit:BodyArmor"],"picked":"hermit:Dive","floor":4},{"not_picked":["hermit:LowProfile","hermit:Scavenge"],"picked":"hermit:Ricochet","floor":5},{"not_picked":["hermit:Spite","hermit:EyeOfTheStorm"],"picked":"hermit:Vantage","floor":6},{"not_picked":["hermit:LuckOfTheDraw","hermit:FinalCanter"],"picked":"hermit:Ricochet","floor":7},{"not_picked":["hermit:Glare","hermit:LowProfile"],"picked":"hermit:Gestalt","floor":8},{"not_picked":["hermit:Snipe","hermit:Glare"],"picked":"hermit:Showdown","floor":11},{"not_picked":["hermit:Feint","hermit:TrackingShot"],"picked":"hermit:Quickdraw","floor":12},{"not_picked":["hermit:Showdown","hermit:BigShot"],"picked":"hermit:Maintenance","floor":14},{"not_picked":["hermit:Reprieve","hermit:Purgatory"],"picked":"hermit:HighNoon","floor":16},{"not_picked":["hermit:Misfire","hermit:Cheat"],"picked":"hermit:WideOpen","floor":18},{"not_picked":["hermit:Quickdraw","hermit:ItchyTrigger"],"picked":"hermit:Deadeye+1","floor":19},{"not_picked":["hermit:Ricochet+1","hermit:Manifest"],"picked":"hermit:CalledShot+1","floor":21},{"not_picked":["hermit:TrackingShot","hermit:Feint"],"picked":"hermit:Virtue","floor":24},{"not_picked":["hermit:TrackingShot+1","hermit:Quickdraw+1"],"picked":"hermit:RoundhouseKick","floor":25},{"not_picked":["hermit:ShadowCloak","hermit:SprayPray"],"picked":"hermit:Virtue","floor":27},{"not_picked":["hermit:Showdown","hermit:HighCaliber"],"picked":"hermit:Misfire+1","floor":28},{"not_picked":["hermit:DeadMansHand+1","hermit:Quickdraw"],"picked":"hermit:Combo","floor":31},{"not_picked":["hermit:Magnum","hermit:Purgatory"],"picked":"hermit:Gambit","floor":33},{"not_picked":["hermit:HighCaliber","hermit:Misfire"],"picked":"hermit:Dive+1","floor":35},{"not_picked":["hermit:LowProfile","hermit:Snipe+1"],"picked":"hermit:Brawl","floor":37},{"not_picked":["hermit:Glare+1","hermit:Gestalt"],"picked":"hermit:DeadOrAlive","floor":38},{"not_picked":["hermit:Snipe","hermit:Quickdraw+1"],"picked":"hermit:EyeOfTheStorm+1","floor":39},{"not_picked":["hermit:Scavenge","hermit:Manifest"],"picked":"hermit:GhostlyPresence+1","floor":40},{"not_picked":["hermit:GoldenBullet","hermit:Desperado+1"],"picked":"hermit:TakeAim","floor":42},{"not_picked":["hermit:Roulette","hermit:Vantage"],"picked":"hermit:Quickdraw+1","floor":44},{"not_picked":["hermit:Spite","hermit:WideOpen+1"],"picked":"hermit:ItchyTrigger+1","floor":46}],"player_experience":687903,"relics_obtained":[{"floor":6,"key":"Girya"},{"floor":9,"key":"Happy Flower"},{"floor":12,"key":"Pen Nib"},{"floor":26,"key":"Simple Rune"},{"floor":27,"key":"hubris:FunFungus"},{"floor":27,"key":"Bottled Tornado"},{"floor":28,"key":"infinitespire:Satchel"},{"floor":40,"key":"CeramicFish"},{"floor":43,"key":"Bag of Marbles"}],"event_choices":[{"cards_removed":["hermit:Defend_Hermit"],"damage_healed":0,"gold_gain":0,"player_choice":"Offered Basic","damage_taken":0,"max_hp_gain":0,"max_hp_loss":0,"event_name":"Bonfire Elementals","floor":3,"gold_loss":0},{"cards_removed":["hermit:Defend_Hermit"],"damage_healed":0,"gold_gain":0,"player_choice":"Card Removal","damage_taken":0,"max_hp_gain":0,"max_hp_loss":0,"event_name":"Wheel of Change","floor":22,"gold_loss":0},{"damage_healed":0,"gold_gain":0,"player_choice":"Fight","damage_taken":0,"max_hp_gain":0,"max_hp_loss":0,"event_name":"Colosseum","floor":27,"gold_loss":0},{"damage_healed":0,"gold_gain":0,"player_choice":"Fought Nobs","damage_taken":0,"max_hp_gain":0,"max_hp_loss":0,"event_name":"Colosseum","floor":27,"gold_loss":0},{"damage_healed":0,"gold_gain":0,"player_choice":"Upgraded Two","damage_taken":0,"max_hp_gain":0,"max_hp_loss":0,"event_name":"Designer","floor":30,"gold_loss":40,"cards_upgraded":["hermit:Defend_Hermit","hermit:Strike_Hermit"]},{"damage_healed":0,"gold_gain":0,"player_choice":"Ignored","damage_taken":0,"max_hp_gain":0,"max_hp_loss":0,"event_name":"Tomb of Lord Red Mask","floor":45,"gold_loss":0}],"is_beta":false,"boss_relics":[{"not_picked":["Replay:Grab Bag","hubris:TerracottaHorce"],"picked":"Sozu"},{"not_picked":["Pandora\u0027s Box","Velvet Choker"],"picked":"Painkiller Herb"}],"items_purged_floors":[],"is_endless":true,"potions_floor_spawned":[2,4,5,11,14,19,24,25,27,31,35,37,38,42,44],"killed_by":"Maw","ascension_level":0}}