{"host":"3po7ngt2j61s4rmj","time":1610585405,"event":{"mods":["BaseMod","JesterMod","Minty Spire (QoL Compilation)","Relic Stats","Shade Mod","StSLib","The Jungle"],"gold_per_floor":[111,125,144,160,174,174,211,239,239,239,259,303,303,329,329,433,433,456,11,33,53,75,75,119,119,119,143,143,143,182,182,182,296,296,322,322,347,1364,1391,1391,1427,1427,1427,971,971,990,1027,1055,1055,1055,1055,1055,97,131,131,131],"floor_reached":55,"language":"ENG","playtime":5137,"items_purged":["Normality","Normality"],"score":1443,"play_id":"41e51451-632a-4058-869f-c75d8ab8f684","local_time":"20210113175005","is_ascension_mode":true,"campfire_choices":[{"data":"Shade:FleshOffering","floor":6.0,"key":"SMITH"},{"data":"Shade:SpectralStrikes","floor":13.0,"key":"SMITH"},{"data":"Shade:PressTheAttack","floor":15.0,"key":"SMITH"},{"data":"Shade:SoulPierce","floor":23.0,"key":"SMITH"},{"data":"Shade:CommandSoldier","floor":25.0,"key":"SMITH"},{"data":"Shade:Brains","floor":28.0,"key":"SMITH"},{"data":"Shade:AnimateDead","floor":32.0,"key":"SMITH"},{"data":"Thinking Ahead","floor":40.0,"key":"SMITH"},{"data":"Shade:LichForm","floor":42.0,"key":"SMITH"},{"floor":49.0,"key":"RECALL"},{"data":"Shade:MadHubris","floor":52.0,"key":"SMITH"}],"circlet_count":0,"master_deck":["AscendersBane","Shade:Strike_Shade","Shade:Strike_Shade","Shade:Strike_Shade","Shade:Defend_Shade","Shade:AnimateDead+1","Shade:CarefulCut","The Bomb","Shade:Carnophage","Shade:SensePrey","Shade:DangerousRitual","Shade:GoDigging","Shade:FleshOffering+1","Shade:PressTheAttack+1","Shade:StitchTogether","Shade:Brains+1","Shade:SpectralStrikes+1","Shade:Premonition","Shade:SoulPierce+1","Shade:Premonition+1","Shade:CommandSoldier+1","Shade:FreshBones+1","Shade:WallOfFlesh","Shade:ScuttlingHand","Shade:FuneraryJewels","Shade:Premonition","Shade:Premonition+1","Shade:MadHubris+1","Shade:PressTheAttack+1","Shade:Frenzy+1","Magnetism","Impatience","Thinking Ahead+1","Shade:LichForm+1","Shade:FleshLikeOak","Violence","Shade:Trample+1","Shade:Bonestorm+1","Shade:CommandSoldier+1","Shade:TouchOfTheGrave","Shade:GreyBargain","Shade:SanguineRitual"],"relics":["Shade:YorickPolishedSkull","CeramicFish","Blue Candle","Anchor","Bottled Flame","OrangePellets","HornCleat","Mummified Hand","Darkstone Periapt","theJungle:SpiritDisease","Eternal Feather","theJungle:WildMango","Black Star","Pocketwatch","Bottled Lightning","Spirit Poop","TheAbacus","MealTicket","Dream Catcher","ClockworkSouvenir","Calipers","Strawberry","Dead Branch","Art of War"],"acts_visited":["Exordium","Exordium","TheBeyond","TheEnding"],"potions_floor_usage":[55,55],"damage_taken":[{"damage":13.0,"enemies":"Small Slimes","floor":1.0,"turns":3.0},{"damage":6.0,"enemies":"Jaw Worm","floor":2.0,"turns":4.0},{"damage":0.0,"enemies":"2 Louse","floor":3.0,"turns":2.0},{"damage":3.0,"enemies":"Blue Slaver","floor":4.0,"turns":3.0},{"damage":2.0,"enemies":"3 Louse","floor":5.0,"turns":3.0},{"damage":0.0,"enemies":"Lagavulin","floor":7.0,"turns":6.0},{"damage":0.0,"enemies":"2 Fungi Beasts","floor":8.0,"turns":4.0},{"damage":0.0,"enemies":"Looter","floor":11.0,"turns":3.0},{"damage":0.0,"enemies":"3 Sentries","floor":12.0,"turns":4.0},{"damage":6.0,"enemies":"Large Slime","floor":14.0,"turns":5.0},{"damage":18.0,"enemies":"The Guardian","floor":16.0,"turns":14.0},{"damage":0.0,"enemies":"theJungle:GiantWrat","floor":18.0,"turns":6.0},{"damage":0.0,"enemies":"theJungle:5_Spyders","floor":20.0,"turns":11.0},{"damage":2.0,"enemies":"theJungle:SlimyTreeVines","floor":21.0,"turns":6.0},{"damage":5.0,"enemies":"Snake Plant","floor":22.0,"turns":5.0},{"damage":0.0,"enemies":"theJungle:MamaSnecko","floor":24.0,"turns":4.0},{"damage":6.0,"enemies":"theJungle:Lyon","floor":27.0,"turns":5.0},{"damage":0.0,"enemies":"theJungle:2_Phrogs","floor":30.0,"turns":4.0},{"damage":1.0,"enemies":"theJungle:FunGuy","floor":33.0,"turns":6.0},{"damage":1.0,"enemies":"3 Shapes","floor":35.0,"turns":3.0},{"damage":0.0,"enemies":"Orb Walker","floor":37.0,"turns":3.0},{"damage":6.0,"enemies":"Nemesis","floor":41.0,"turns":5.0},{"damage":1.0,"enemies":"Maw","floor":46.0,"turns":4.0},{"damage":28.0,"enemies":"Giant Head","floor":47.0,"turns":7.0},{"damage":13.0,"enemies":"4 Shapes","floor":48.0,"turns":2.0},{"damage":1.0,"enemies":"Donu and Deca","floor":50.0,"turns":6.0},{"damage":47.0,"enemies":"Shield and Spear","floor":54.0,"turns":6.0},{"damage":50,"enemies":"The Heart","floor":55,"turns":5}],"seed_played":"5501228208702398170","potions_obtained":[{"floor":2.0,"key":"Block Potion"},{"floor":3.0,"key":"Block Potion"},{"floor":8.0,"key":"Block Potion"},{"floor":11.0,"key":"Block Potion"},{"floor":14.0,"key":"Block Potion"},{"floor":20.0,"key":"Ancient Potion"},{"floor":30.0,"key":"DistilledChaos"},{"floor":33.0,"key":"Energy Potion"},{"floor":41.0,"key":"EssenceOfSteel"},{"floor":46.0,"key":"LiquidMemories"},{"floor":54.0,"key":"Fire Potion"}],"is_trial":false,"path_per_floor":["M","M","M","M","M","R","E","M","T","?","M","E","R","M","R","B",null,"M","$","M","M","M","R","E","R","T","M","R","?","E","?","R","B",null,"M","?","M","?","?","R","E","R","T","$","T","M","E","M","R","B",null,"R","$","E","B"],"character_chosen":"SHADE","items_purchased":["OrangePellets","HornCleat","Shade:CommandSoldier","TheAbacus","Shade:FleshLikeOak","Violence","ClockworkSouvenir","Calipers","Fruit Juice","LiquidBronze","Strawberry","Shade:TouchOfTheGrave","Shade:GreyBargain"],"campfire_rested":0,"item_purchase_floors":[19,19,19,44,44,44,53,53,53,53,53,53,53],"current_hp_per_floor":[46,40,40,37,35,35,35,35,35,32,32,32,32,33,33,22,50,57,57,59,58,59,59,59,59,59,53,53,53,53,67,73,72,73,72,72,72,84,74,85,85,85,85,85,85,84,57,44,68,67,81,85,97,50,0,0],"gold":131,"neow_bonus":"RANDOM_COLORLESS_2","is_daily":false,"chose_seed":false,"campfire_upgraded":10,"win_rate":0.0,"timestamp":1610585405,"path_taken":["M","M","M","M","M","R","E","M","T","?","M","E","R","M","R","BOSS","M","$","M","M","M","R","E","R","T","M","R","?","E","?","R","BOSS","M","?","M","?","?","R","E","R","T","$","?","?","E","M","R","BOSS","R","$","E","BOSS"],"items_purchased_type":["Relic","Relic","Card","Relic","Card","Card","Relic","Relic","Potion","Potion","Relic","Card","Card"],"build_version":"2020-12-22","purchased_purges":2,"victory":false,"max_hp_per_floor":[59,59,59,59,59,59,59,59,59,59,59,59,59,59,59,59,59,59,59,59,59,59,59,59,59,59,59,59,59,59,73,73,73,73,73,73,73,85,85,85,85,85,85,85,85,85,85,85,85,85,85,85,97,97,97,97],"relic_stats":{"Darkstone Periapt":12,"counters":[28,134],"CeramicFish":279,"Blue Candle":[4],"Dead Branch":[12],"Eternal Feather":45,"OrangePellets":[22],"Dream Catcher":0,"TheAbacus":[6],"Mummified Hand":[45],"MealTicket":0,"Black Star":3,"Art of War":[0],"obtain_stats":[{"Darkstone Periapt":26,"Calipers":53,"Shade:YorickSkull":0,"CeramicFish":7,"Spirit Poop":43,"ClockworkSouvenir":53,"Dream Catcher":47,"HornCleat":19,"TheAbacus":44,"Mummified Hand":24,"Strawberry":53,"MealTicket":47,"theJungle:WildMango":31,"Blue Candle":9,"Dead Branch":54,"Shade:YorickPolishedSkull":17,"Eternal Feather":30,"theJungle:SpiritDisease":29,"OrangePellets":19,"Anchor":10,"Bottled Flame":12,"Black Star":34,"Art of War":54,"Bottled Lightning":41,"Pocketwatch":41},{"Darkstone Periapt":16,"Calipers":26,"Shade:YorickSkull":0,"CeramicFish":6,"Spirit Poop":22,"ClockworkSouvenir":26,"Dream Catcher":24,"HornCleat":12,"TheAbacus":22,"Mummified Hand":16,"Strawberry":26,"MealTicket":24,"theJungle:WildMango":18,"Blue Candle":7,"Dead Branch":27,"Shade:YorickPolishedSkull":11,"Eternal Feather":18,"theJungle:SpiritDisease":17,"OrangePellets":12,"Anchor":7,"Bottled Flame":9,"Black Star":19,"Art of War":27,"Bottled Lightning":22,"Pocketwatch":22},{"Darkstone Periapt":79,"Calipers":123,"Shade:YorickSkull":0,"CeramicFish":21,"Spirit Poop":104,"ClockworkSouvenir":123,"Dream Catcher":115,"HornCleat":53,"TheAbacus":104,"Mummified Hand":79,"Strawberry":123,"MealTicket":115,"theJungle:WildMango":87,"Blue Candle":24,"Dead Branch":129,"Shade:YorickPolishedSkull":48,"Eternal Feather":87,"theJungle:SpiritDisease":83,"OrangePellets":53,"Anchor":24,"Bottled Flame":29,"Black Star":93,"Art of War":129,"Bottled Lightning":104,"Pocketwatch":104}],"Pocketwatch":[6]},"card_choices":[{"not_picked":["Thinking Ahead","Transmutation"],"picked":"The Bomb","floor":0.0},{"not_picked":["Shade:DangerousRitual","Shade:ClawBack"],"picked":"Shade:Carnophage","floor":1.0},{"not_picked":["Shade:Haruspicy","Shade:Frenzy"],"picked":"Shade:SensePrey","floor":2.0},{"not_picked":["Shade:RavenousHorde","Shade:Frenzy"],"picked":"Shade:DangerousRitual","floor":3.0},{"not_picked":["Shade:CommandSoldier","Shade:AncientSpear"],"picked":"Shade:GoDigging","floor":4.0},{"not_picked":["Shade:ExtraLimbs","Shade:Asphyxiate"],"picked":"Shade:FleshOffering","floor":5.0},{"not_picked":["Shade:OpenGraves","Shade:CloudOfShrapnel"],"picked":"Shade:PressTheAttack","floor":7.0},{"not_picked":["Shade:Frenzy","Shade:LyeBath"],"picked":"Shade:StitchTogether","floor":8.0},{"not_picked":["Shade:SpontaneousRitual","Shade:Bonestorm"],"picked":"Shade:Brains","floor":11.0},{"not_picked":["Shade:SanguineRitual","Shade:Asphyxiate"],"picked":"Shade:SpectralStrikes","floor":12.0},{"not_picked":["Shade:FeralStrike","Shade:Trample"],"picked":"Shade:Premonition","floor":14.0},{"not_picked":["Shade:Coordination","Shade:DarkOfNight"],"picked":"Shade:SoulPierce","floor":16.0},{"not_picked":["Shade:FingerOfDeath","Shade:FeralStrike"],"picked":"Shade:Premonition+1","floor":18.0},{"not_picked":["Shade:AncientSpear","Shade:ExtraLimbs"],"picked":"Shade:FreshBones+1","floor":20.0},{"not_picked":["Shade:GreyBargain","Shade:CoffinDance"],"picked":"Shade:WallOfFlesh","floor":21.0},{"not_picked":["Shade:Trample","Shade:CloudOfShrapnel"],"picked":"Shade:ScuttlingHand","floor":22.0},{"not_picked":["Shade:SkeletonHug","Shade:AncientSpear"],"picked":"Shade:FuneraryJewels","floor":24.0},{"not_picked":["Shade:Trample","Shade:AncientSpear+1"],"picked":"Shade:Premonition","floor":27.0},{"not_picked":["Shade:Doomsay","Shade:CloudOfShrapnel"],"picked":"Shade:Premonition+1","floor":30.0},{"not_picked":["Shade:Consume","Shade:OneIsEnough"],"picked":"Shade:MadHubris","floor":33.0},{"not_picked":["Shade:SpontaneousRitual","Shade:WallOfFlesh+1"],"picked":"Shade:PressTheAttack+1","floor":35.0},{"not_picked":["Shade:WallOfFlesh","Shade:CommandSoldier"],"picked":"Shade:Frenzy+1","floor":37.0},{"not_picked":["Dramatic Entrance","The Bomb"],"picked":"Magnetism","floor":39.0},{"not_picked":["Metamorphosis","Flash of Steel"],"picked":"Impatience","floor":39.0},{"not_picked":["Trip","Good Instincts"],"picked":"Thinking Ahead","floor":39.0},{"not_picked":["Shade:TouchOfTheGrave+1","Shade:FleshToFlesh+1"],"picked":"Shade:LichForm","floor":41.0},{"not_picked":["Shade:ExtraLimbs","Shade:FeralStrike"],"picked":"Shade:Trample+1","floor":46.0},{"not_picked":["Shade:CoffinDance+1","Shade:FuneraryArmor+1"],"picked":"Shade:Bonestorm+1","floor":47.0},{"not_picked":["Shade:PotionOfRestlessness","Shade:ExtraLimbs+1"],"picked":"Shade:CommandSoldier+1","floor":48.0},{"not_picked":["Shade:OfferingToTheBeyond","Shade:FreshBones+1"],"picked":"Shade:SanguineRitual","floor":54.0}],"player_experience":1066081,"relics_obtained":[{"floor":7.0,"key":"CeramicFish"},{"floor":9.0,"key":"Blue Candle"},{"floor":12.0,"key":"Bottled Flame"},{"floor":24.0,"key":"Mummified Hand"},{"floor":26.0,"key":"Darkstone Periapt"},{"floor":30.0,"key":"Eternal Feather"},{"floor":41.0,"key":"Pocketwatch"},{"floor":41.0,"key":"Bottled Lightning"},{"floor":43.0,"key":"Spirit Poop"},{"floor":47.0,"key":"MealTicket"},{"floor":47.0,"key":"Dream Catcher"},{"floor":54.0,"key":"Dead Branch"},{"floor":54.0,"key":"Art of War"}],"event_choices":[{"damage_healed":0.0,"max_hp_gain":0.0,"max_hp_loss":0.0,"gold_gain":0.0,"event_name":"Scrap Ooze","player_choice":"Success","floor":10.0,"gold_loss":0.0,"damage_taken":3.0,"relics_obtained":["Anchor"]},{"cards_removed":["Shade:Defend_Shade"],"damage_healed":0.0,"max_hp_gain":0.0,"max_hp_loss":0.0,"gold_gain":0.0,"event_name":"Falling","player_choice":"Removed Skill","floor":36.0,"gold_loss":0.0,"damage_taken":0.0},{"damage_healed":0.0,"max_hp_gain":0.0,"max_hp_loss":0.0,"gold_gain":999.0,"event_name":"MindBloom","player_choice":"Gold","floor":38.0,"gold_loss":0.0,"damage_taken":0.0,"cards_obtained":["Normality","Normality"]},{"damage_healed":0.0,"max_hp_gain":0.0,"max_hp_loss":0.0,"gold_gain":0.0,"event_name":"SensoryStone","player_choice":"Memory 3","floor":39.0,"gold_loss":0.0,"damage_taken":10.0}],"is_beta":false,"boss_relics":[{"not_picked":["SlaversCollar","Philosopher\u0027s Stone"],"picked":"Shade:YorickPolishedSkull"},{"not_picked":["Empty Cage","jesterMod:MachoBrace"],"picked":"Black Star"}],"items_purged_floors":[44,53],"is_endless":false,"potions_floor_spawned":[2,3,8,11,14,20,22,30,33,37,41,46,54],"killed_by":"The Heart","ascension_level":10}}