{"host":"xm0tf1maiknh0fp9","time":1610601245,"event":{"mods":["BaseMod","Colored Map","Colored Powertips","Googly Eyes","Minty Spire (QoL Compilation)","Replay The Spire","StSLib"],"gold_per_floor":[360,132,132,152,200,200,211,227,227,227,242,277,277,295,295,394,394,304,50,125,142,17,17,17,17,41,191,191,119,119,129,129,225,225,242,291,291,291],"floor_reached":37,"language":"ENG","playtime":1242,"items_purged":["Strike_G","CommonCold","Defend_G"],"score":424,"play_id":"de4403cb-bb89-4d4c-a376-3229e17a1146","local_time":"20210114001405","is_ascension_mode":true,"campfire_choices":[{"data":"ReplayTheSpireMod:From All Sides","floor":6.0,"key":"SMITH"},{"data":"Survivor","floor":10.0,"key":"SMITH"},{"floor":13.0,"key":"REST"},{"data":"Heel Hook","floor":15.0,"key":"SMITH"},{"data":"Neutralize","floor":23,"key":"SMITH"},{"data":"Defend_R","floor":25,"key":"SMITH"},{"floor":30,"key":"REST"},{"floor":32,"key":"REST"}],"circlet_count":0,"master_deck":["Defend_G","Survivor+1","Neutralize+1","Defend_R+1","Heel Hook+1","ReplayTheSpireMod:From All Sides+1","Replay:Bag of Tricks+1","Escape Plan","Glass Knife+1","Accuracy","Atom Bomb+1"],"relics":["Ring of the Snake","Golden Egg","Basket Of Snakes","Bird Faced Urn","Kintsugi","HandDrill","Smiling Mask","ReplayTheSpireMod:CursedCoin","Nunchaku","Empty Cage","Replay:Kaleidoscope"],"acts_visited":["Exordium","TheCity","TheBeyond"],"potions_floor_usage":[29,33,36,36],"damage_taken":[{"damage":0.0,"enemies":"2 Louse","floor":1.0,"turns":4.0},{"damage":4.0,"enemies":"Cultist","floor":4.0,"turns":3.0},{"damage":0.0,"enemies":"Small Slimes","floor":7.0,"turns":3.0},{"damage":0.0,"enemies":"Red Slaver","floor":8.0,"turns":4.0},{"damage":0.0,"enemies":"Exordium Wildlife","floor":11.0,"turns":3.0},{"damage":12.0,"enemies":"Gremlin Nob","floor":12.0,"turns":4.0},{"damage":8.0,"enemies":"Exordium Thugs","floor":14.0,"turns":3.0},{"damage":52.0,"enemies":"Fading Forest","floor":16.0,"turns":11.0},{"damage":0.0,"enemies":"Shell Parasite","floor":18.0,"turns":4.0},{"damage":5,"enemies":"Chosen","floor":21,"turns":3},{"damage":21,"enemies":"Slavers","floor":29,"turns":5},{"damage":23,"enemies":"Centurion and Healer","floor":31,"turns":4},{"damage":29,"enemies":"Collector","floor":33,"turns":5},{"damage":14,"enemies":"3 Shapes","floor":35,"turns":3},{"damage":37,"enemies":"2 Orb Walkers","floor":36,"turns":3},{"damage":45,"enemies":"3 Darklings","floor":37,"turns":4}],"seed_played":"8020940756669043669","potions_obtained":[{"floor":1.0,"key":"Milkshake"},{"floor":7.0,"key":"FairyPotion"},{"floor":12.0,"key":"GamblersBrew"},{"floor":18.0,"key":"Adrenaline Potion"},{"floor":29,"key":"Poison Potion"},{"floor":33,"key":"Weak Potion"},{"floor":35,"key":"CunningPotion"},{"floor":36,"key":"Strength Potion"}],"is_trial":false,"path_per_floor":["M","$","?","M","?","R","M","M","T","R","M","E","R","M","R","B",null,"M","$","?","M","$","R","$","R","T","$","?","E","R","M","R","B",null,"M","?","M"],"character_chosen":"THE_SILENT","items_purchased":["ReplayTheSpireMod:From All Sides","HandDrill","ReplayTheSpireMod:CursedCoin"],"campfire_rested":3,"item_purchase_floors":[2,19,27],"current_hp_per_floor":[70,70,70,66,49,49,49,49,49,49,49,37,58,50,50,12,70,70,70,63,58,58,58,58,58,58,58,58,37,58,35,56,29,70,56,21,0,0],"gold":291,"neow_bonus":"TWO_FIFTY_GOLD","is_daily":false,"chose_seed":false,"campfire_upgraded":5,"win_rate":0.0,"timestamp":1610601245,"path_taken":["M","$","?","?","?","R","?","M","T","R","M","E","R","M","R","BOSS","M","$","?","M","$","R","?","R","T","?","?","E","R","M","R","BOSS","M","?","M"],"items_purchased_type":["Card","Relic","Relic"],"build_version":"2020-12-22","purchased_purges":3,"victory":false,"max_hp_per_floor":[70,70,70,70,70,70,70,70,70,70,70,70,70,70,70,70,70,70,70,70,70,70,70,70,70,70,70,70,70,70,70,70,70,70,70,70,70,70],"card_choices":[{"not_picked":["Leg Sweep","Bane"],"picked":"Heel Hook","floor":1.0},{"not_picked":["Acrobatics","All Out Attack","Cloak And Dagger"],"picked":"SKIP","floor":4.0},{"not_picked":["Dagger Throw","Underhanded Strike","Flying Knee"],"picked":"SKIP","floor":7.0},{"not_picked":["PiercingWail","Bouncing Flask"],"picked":"Replay:Bag of Tricks","floor":8.0},{"not_picked":["Expertise","ReplayTheSpireMod:Exploit Weakness"],"picked":"Escape Plan","floor":11.0},{"not_picked":["Distraction","Cloak And Dagger","Blade Dance"],"picked":"SKIP","floor":12.0},{"not_picked":["Dagger Spray","Backflip","Sneak Up"],"picked":"SKIP","floor":14.0},{"not_picked":["Bullet Time","A Thousand Cuts"],"picked":"Glass Knife","floor":16.0},{"not_picked":["Dodge and Roll","Cloak And Dagger","Deflect"],"picked":"SKIP","floor":18.0},{"not_picked":["Prepared+1","Flying Knee","PiercingWail+1"],"picked":"SKIP","floor":21},{"not_picked":["Catalyst","Backstab","Dagger Spray+1"],"picked":"SKIP","floor":29},{"not_picked":["Dodge and Roll+1","Choke+1"],"picked":"Accuracy","floor":31},{"not_picked":["Phantasmal Killer","Malaise"],"picked":"Atom Bomb","floor":33},{"not_picked":["Skewer","Dagger Spray","Prepared"],"picked":"SKIP","floor":35}],"player_experience":114053,"relics_obtained":[{"floor":5.0,"key":"Golden Egg"},{"floor":9.0,"key":"Basket Of Snakes"},{"floor":12.0,"key":"Bird Faced Urn"},{"floor":26,"key":"Smiling Mask"},{"floor":29,"key":"Nunchaku"},{"floor":36,"key":"Replay:Kaleidoscope"}],"event_choices":[{"cards_removed":["Strike_G"],"damage_healed":0.0,"max_hp_gain":0.0,"max_hp_loss":0.0,"gold_gain":0.0,"event_name":"Purifier","player_choice":"Purged","floor":3.0,"gold_loss":0.0,"damage_taken":0.0},{"damage_healed":0,"gold_gain":75,"player_choice":"Touch","damage_taken":7,"max_hp_gain":0,"max_hp_loss":0,"event_name":"FaceTrader","floor":20,"gold_loss":0},{"damage_healed":0,"gold_gain":0,"player_choice":"Ignored","damage_taken":0,"max_hp_gain":0,"max_hp_loss":0,"event_name":"Ghosts","floor":28,"gold_loss":0},{"damage_healed":0,"gold_gain":0,"player_choice":"Fight","damage_taken":0,"max_hp_gain":0,"max_hp_loss":0,"event_name":"Mysterious Sphere","floor":36,"gold_loss":0}],"is_beta":false,"boss_relics":[{"not_picked":["Sozu","Abe\u0027s Treasure"],"picked":"Kintsugi"},{"not_picked":["ChewingGum","Calling Bell"],"picked":"Empty Cage"}],"items_purged_floors":[2,19,22],"is_endless":false,"potions_floor_spawned":[1,7,12,18,29,33,35,36],"killed_by":"3 Darklings","ascension_level":2}}