{"host":"vyjryxuuuxkt43k4","time":1610615258,"event":{"mods":["BaseMod","Colored Map","DeckTracker","Minty Spire (QoL Compilation)","Permanent Neow","Quick Restart","StSLib","SuperFastMode","everything is the same but u backflip on backflip"],"gold_per_floor":[112,129,140,156,172,172,201,220,220,234,265,265,283,92,92,194,194,211,221,236,186,201,201,201],"floor_reached":23,"language":"KOR","playtime":931,"items_purged":["Strike_R","Hemokinesis"],"score":272,"play_id":"30a2bdc0-10de-47de-9883-1ed3612f7dbe","local_time":"20210114180738","is_ascension_mode":true,"campfire_choices":[{"data":"Immolate","floor":6,"key":"SMITH"},{"data":"Berserk","floor":15,"key":"SMITH"}],"circlet_count":0,"master_deck":["Bash","Pommel Strike","Immolate+1","Berserk+1","Flex+1","Flame Barrier+1","True Grit+1","Bludgeon","Offering+1","Limit Break+1","Seeing Red+1","Rage+1","Wild Strike","Sever Soul","Blood for Blood","Heavy Blade","Shockwave+1","True Grit+1"],"relics":["Burning Blood","Centennial Puzzle","Toxic Egg 2","Bottled Tornado","Smiling Mask","Pandora\u0027s Box"],"acts_visited":["Exordium","TheCity"],"potions_floor_usage":[11,11,16,23,23],"damage_taken":[{"damage":2,"enemies":"2 Louse","floor":1,"turns":4},{"damage":1,"enemies":"Cultist","floor":2,"turns":3},{"damage":7,"enemies":"Jaw Worm","floor":3,"turns":4},{"damage":4,"enemies":"2 Fungi Beasts","floor":4,"turns":4},{"damage":9,"enemies":"3 Louse","floor":5,"turns":2},{"damage":16,"enemies":"Gremlin Nob","floor":7,"turns":3},{"damage":11,"enemies":"Lots of Slimes","floor":8,"turns":2},{"damage":14,"enemies":"Blue Slaver","floor":10,"turns":4},{"damage":30,"enemies":"Lagavulin","floor":11,"turns":4},{"damage":11,"enemies":"Looter","floor":13,"turns":2},{"damage":19,"enemies":"The Guardian","floor":16,"turns":9},{"damage":11,"enemies":"2 Thieves","floor":18,"turns":2},{"damage":15,"enemies":"3 Byrds","floor":19,"turns":2},{"damage":39,"enemies":"Cultist and Chosen","floor":20,"turns":5},{"damage":6,"enemies":"Snake Plant","floor":22,"turns":2},{"damage":24,"enemies":"Gremlin Leader","floor":23,"turns":3}],"seed_played":"9083070532467253107","potions_obtained":[{"floor":2,"key":"SpeedPotion"},{"floor":3,"key":"Regen Potion"},{"floor":11,"key":"Fire Potion"},{"floor":13,"key":"Energy Potion"},{"floor":16,"key":"Weak Potion"},{"floor":18,"key":"Block Potion"}],"is_trial":false,"path_per_floor":["M","M","M","M","M","R","E","M","T","M","E","?","M","$","R","B",null,"M","M","M","$","M","E"],"character_chosen":"IRONCLAD","items_purchased":["Bludgeon"],"campfire_rested":0,"item_purchase_floors":[14],"current_hp_per_floor":[76,80,79,80,77,77,67,62,62,54,42,42,37,37,37,24,66,61,52,19,19,19,0,0],"gold":201,"neow_bonus":"REMOVE_CARD","is_daily":false,"chose_seed":false,"campfire_upgraded":2,"win_rate":0.0,"timestamp":1610615258,"path_taken":["M","M","M","M","M","R","E","M","T","M","E","?","M","?","R","BOSS","M","M","M","$","M","E"],"items_purchased_type":["Card"],"build_version":"2020-12-22","purchased_purges":2,"victory":false,"max_hp_per_floor":[80,80,80,80,80,80,80,80,80,80,80,80,80,80,80,80,80,80,80,80,80,80,80,80],"card_choices":[{"not_picked":["Clothesline","Rupture","Flex"],"picked":"SKIP","floor":1},{"not_picked":["Clash","Armaments","Havoc"],"picked":"SKIP","floor":2},{"not_picked":["Anger","Ghostly Armor"],"picked":"Pommel Strike","floor":3},{"not_picked":["Pommel Strike","Shrug It Off"],"picked":"Immolate","floor":4},{"not_picked":["Searing Blow","Pommel Strike","Warcry"],"picked":"SKIP","floor":5},{"not_picked":["Warcry","Heavy Blade"],"picked":"Berserk","floor":7},{"not_picked":["Armaments","Thunderclap","Heavy Blade"],"picked":"SKIP","floor":8},{"not_picked":["Anger","Heavy Blade"],"picked":"Flex+1","floor":10},{"not_picked":["Iron Wave","Intimidate+1"],"picked":"Flame Barrier+1","floor":11},{"not_picked":["Reckless Charge","Clothesline"],"picked":"True Grit+1","floor":13},{"not_picked":["Berserk","Brutality"],"picked":"Offering+1","floor":16},{"not_picked":["Rage+1","Flex+1"],"picked":"Heavy Blade","floor":18},{"not_picked":["Thunderclap","Body Slam","Perfected Strike"],"picked":"SKIP","floor":19},{"not_picked":["Blood for Blood+1","Havoc+1"],"picked":"Shockwave+1","floor":20},{"not_picked":["Havoc+1","Rupture+1"],"picked":"True Grit+1","floor":22}],"player_experience":290957,"relics_obtained":[{"floor":7,"key":"Centennial Puzzle"},{"floor":9,"key":"Toxic Egg 2"},{"floor":11,"key":"Bottled Tornado"}],"event_choices":[{"damage_healed":0,"gold_gain":0,"player_choice":"Gave Potion","damage_taken":0,"relics_obtained":["Smiling Mask"],"max_hp_gain":0,"max_hp_loss":0,"event_name":"WeMeetAgain","floor":12,"gold_loss":0}],"is_beta":false,"boss_relics":[{"not_picked":["SlaversCollar","Fusion Hammer"],"picked":"Pandora\u0027s Box"}],"items_purged_floors":[14,21],"is_endless":false,"potions_floor_spawned":[2,3,11,13,16,18],"killed_by":"Gremlin Leader","ascension_level":6}}