{"host":"1fgbilnqahig8ycc","time":1610652476,"event":{"mods":["AchievementEnabler","Astrologer","BaseMod","Bestiary","BetterRewards","Clockwork Mod","Colored Map","Colored Powertips","Downfall","Energized Spire","Friendly Minions","Hermit","Hubris","Jorbs\u0027s Wanderer Trilogy","Minty Spire (QoL Compilation)","Quick Restart","Replay The Spire","StSLib","The Administrix","The Bug Knight","The Cursed","The Gatherer","The Marked","The Servant 0.9.4"],"gold_per_floor":[111,20,20,32,58,58,58,58,69,81,114,134,59,84,9,112,112,137,163,363,363,385,295,348,348,373,410,429,456,456,498,423,521,521,537,547,547,58,58,58,106,128,154,183,204,139,139,184,184,184],"floor_reached":51,"language":"ENG","playtime":3359,"items_purged":["hexamod:Haunted","hexamod:InspiringFlames+1","hexamod:Defend+1"],"score":796,"play_id":"7e966f5d-7ccc-464a-846c-6850009a2a28","local_time":"20210114112756","is_ascension_mode":false,"campfire_choices":[{"data":"hexamod:CatchUp","floor":6.0,"key":"SMITH"},{"data":"hexamod:PowerFromBeyond","floor":13.0,"key":"SMITH"},{"data":"hexamod:FastForward","floor":15.0,"key":"SMITH"},{"data":"hexamod:ExtraCrispy","floor":25.0,"key":"SMITH"},{"floor":30.0,"key":"RECALL"},{"data":"hexamod:VolcanoVisage","floor":32.0,"key":"SMITH"},{"data":"hexamod:GhostflameInferno","floor":40.0,"key":"SMITH"},{"data":"hexamod:RetreatToShadows","floor":47,"key":"SMITH"},{"floor":49,"key":"REST"}],"circlet_count":0,"master_deck":["hexamod:Strike+1","hexamod:Strike+1","hexamod:Strike+1","hexamod:Defend+1","hexamod:Defend+1","hexamod:Defend+1","hexamod:Sear+1","hexamod:Float+1","expansioncontent:DarkVoid+1","hexamod:PowerFromBeyond+1","hexamod:PhantomFireball+1","hexamod:CatchUp+1","hexamod:SecondSeal","hexamod:FourthSeal","hexamod:Hexaguard+1","hexamod:FirstSeal","hexamod:FlamesFromBeyond+1","hexamod:FastForward+1","hexamod:SixthSeal","hexamod:SwordOfDarkness+1","hexamod:ExtraCrispy+1","hexamod:ShieldOfDarkness+1","hexamod:BurningTouch+1","hexamod:PowerFromBeyond+1","hexamod:VolcanoVisage+1","hexamod:TimeOfNeed+1","hexamod:RadiantFlame+1","hexamod:FastForward+1","hexamod:GhostflameInferno+1","hexamod:NightmareStrike+1","hexamod:RetreatToShadows+1","hexamod:RetreatToShadows+1","hexamod:FastForward+1"],"relics":["hexamod:SpiritBrand","War Paint","downfall:HeartBlessingGreen","downfall:HeartBlessingBlue","energizedSpire:OgreHead","MealTicket","Pen Nib","Question Card","downfall:HeartBlessingRed","Black Star","hexamod:InflammatoryLetter","Smiling Mask","Vajra","Blue Doll","Replay:Towering Pillar of Hats"],"acts_visited":["TheCity","TheBeyond"],"potions_floor_usage":[50],"damage_taken":[{"damage":0.0,"enemies":"Cultist","floor":1.0,"turns":3.0},{"damage":0.0,"enemies":"downfall:FleeingMerchant","floor":2.0,"turns":4.0},{"damage":0.0,"enemies":"2 Louse","floor":4.0,"turns":2.0},{"damage":5.0,"enemies":"Jaw Worm","floor":5.0,"turns":2.0},{"damage":0.0,"enemies":"Large Slime","floor":9.0,"turns":2.0},{"damage":6.0,"enemies":"Blue Slaver","floor":10.0,"turns":4.0},{"damage":14.0,"enemies":"HollowMod:MossKnight","floor":11.0,"turns":8.0},{"damage":7.0,"enemies":"3 Louse","floor":12.0,"turns":2.0},{"damage":0.0,"enemies":"Exordium Wildlife","floor":14.0,"turns":5.0},{"damage":10.0,"enemies":"downfall:Watcher","floor":16.0,"turns":8.0},{"damage":6.0,"enemies":"Spheric Guardian","floor":18.0,"turns":5.0},{"damage":3.0,"enemies":"Snake Plant","floor":19.0,"turns":4.0},{"damage":6.0,"enemies":"3 Cultists","floor":22.0,"turns":6.0},{"damage":0.0,"enemies":"downfall:FleeingMerchant","floor":23.0,"turns":4.0},{"damage":11.0,"enemies":"Snecko","floor":26.0,"turns":6.0},{"damage":43.0,"enemies":"Slavers","floor":27.0,"turns":5.0},{"damage":7.0,"enemies":"Shelled Parasite and Fungi","floor":28.0,"turns":4.0},{"damage":5.0,"enemies":"Chosen and Byrds","floor":29.0,"turns":7.0},{"damage":0.0,"enemies":"HollowMod:Nosk","floor":31.0,"turns":7.0},{"damage":13.0,"enemies":"downfall:Defect","floor":33.0,"turns":9.0},{"damage":9.0,"enemies":"Orb Walker","floor":35.0,"turns":4.0},{"damage":0.0,"enemies":"3 Darklings","floor":36.0,"turns":5.0},{"damage":5.0,"enemies":"downfall:FleeingMerchant","floor":38.0,"turns":4.0},{"damage":27.0,"enemies":"Spire Growth","floor":42.0,"turns":6.0},{"damage":25.0,"enemies":"Maw","floor":43.0,"turns":7.0},{"damage":49.0,"enemies":"Reptomancer","floor":44.0,"turns":7.0},{"damage":15,"enemies":"Writhing Mass","floor":45,"turns":4},{"damage":3,"enemies":"downfall:FleeingMerchant","floor":46,"turns":4},{"damage":22,"enemies":"2 Orb Walkers","floor":48,"turns":3},{"damage":40,"enemies":"downfall:Ironclad","floor":50,"turns":10}],"seed_played":"-1496684404281384794","potions_obtained":[{"floor":9.0,"key":"champ:CounterPotion"},{"floor":10.0,"key":"Swift Potion"},{"floor":10.0,"key":"Block Potion"},{"floor":11.0,"key":"Elixir"},{"floor":14.0,"key":"LiquidBronze"},{"floor":18.0,"key":"LifebloodPotion"},{"floor":19.0,"key":"hexamod:EctoCoolerPotion"},{"floor":23.0,"key":"Fruit Juice"},{"floor":26.0,"key":"Regen Potion"},{"floor":27.0,"key":"hexamod:EctoCoolerPotion"},{"floor":27.0,"key":"Guardian:BlockOnCardUsePotion"},{"floor":28.0,"key":"SpeedPotion"},{"floor":33.0,"key":"LifebloodPotion"},{"floor":36.0,"key":"Fruit Juice"},{"floor":38.0,"key":"FairyPotion"},{"floor":42.0,"key":"SkillPotion"},{"floor":44.0,"key":"Dexterity Potion"},{"floor":48,"key":"BlessingOfTheForge"}],"is_trial":false,"path_per_floor":["M","$","?","M","M","R","T","?","M","M","E","M","R","M","R","B",null,"M","M","?","?","M","$","T","R","M","E","M","M","R","E","R","B",null,"R_BF","M","?","$","?","R","T","M","M","E","M","$","R","?","R","B",null],"character_chosen":"THE_SPIRIT","items_purchased":["hexamod:CatchUp","hexamod:GhostflameInferno","hexamod:InflammatoryLetter"],"campfire_rested":1,"item_purchase_floors":[2,38,38],"current_hp_per_floor":[70,70,70,70,65,65,65,65,65,59,52,45,45,52,62,59,80,80,80,80,80,80,85,85,85,81,57,57,59,59,66,66,60,85,83,90,90,90,90,90,90,70,52,10,27,39,39,24,51,11],"gold":184,"neow_bonus":"RANDOM_COLORLESS","is_daily":false,"chose_seed":false,"campfire_upgraded":7,"win_rate":0.0,"timestamp":1610652476,"path_taken":["M","?","?","M","M","R","T","?","M","M","E","M","R","M","R","BOSS","M","M","?","?","M","$","T","R","M","E","M","M","R","E","R","BOSS","R_BF","M","?","$","?","R","T","M","M","E","M","$","R","?","R","BOSS"],"items_purchased_type":["Card","Card","Relic"],"build_version":"2020-12-22","purchased_purges":3,"victory":true,"max_hp_per_floor":[70,70,70,70,70,70,70,70,70,70,70,70,70,70,80,80,80,80,80,80,80,80,85,85,85,85,85,85,85,85,85,85,85,85,85,90,90,90,90,90,90,90,90,90,90,90,90,90,90,90],"card_choices":[{"not_picked":["PanicButton","Replay:SS_fish_3"],"picked":"expansioncontent:DarkVoid","floor":0.0},{"not_picked":["hexamod:GhostShield","hexamod:InspiringFlames"],"picked":"hexamod:PowerFromBeyond","floor":1.0},{"not_picked":["hexamod:GhostflameBarrier","hexamod:NightmareStrike"],"picked":"hexamod:PhantomFireball","floor":2.0},{"not_picked":["hexamod:PhantomCloak","hexamod:SpectralAdrenaline"],"picked":"hexamod:SecondSeal","floor":4.0},{"not_picked":["hexamod:RetreatToShadows","hexamod:ShieldOfDarkness"],"picked":"hexamod:FourthSeal","floor":5.0},{"not_picked":["hexamod:NightmareGuise","hexamod:RainOfEmbers"],"picked":"hexamod:Hexaguard","floor":9.0},{"not_picked":["hexamod:EtherealExpedition","hexamod:CatchUp"],"picked":"hexamod:FirstSeal","floor":10.0},{"not_picked":["hexamod:NightmareStrike","hexamod:SpectersWail"],"picked":"hexamod:FlamesFromBeyond","floor":11.0},{"not_picked":["hexamod:NightmareGuise","hexamod:RainOfEmbers","hexamod:CatchUp"],"picked":"SKIP","floor":12.0},{"not_picked":["hexamod:FlamesFromBeyond","hexamod:InspiringFlames"],"picked":"hexamod:FastForward","floor":14.0},{"not_picked":["hexamod:GiftsFromTheDead","hexamod:TimeOfNeed"],"picked":"hexamod:SixthSeal","floor":16.0},{"not_picked":["hexamod:RetreatToShadows","hexamod:Again"],"picked":"hexamod:InspiringFlames","floor":18.0},{"not_picked":["hexamod:BacktrackSmack","hexamod:PowerFromBeyond"],"picked":"hexamod:SwordOfDarkness+1","floor":19.0},{"not_picked":["hexamod:Hexaguard","hexamod:NightmareStrike+1"],"picked":"hexamod:ExtraCrispy","floor":22.0},{"not_picked":["hexamod:EtherealExpedition","hexamod:PowerFromBeyond","hexamod:GhostOfSpirePast"],"picked":"SKIP","floor":23.0},{"not_picked":["hexamod:SwordOfDarkness","hexamod:AdvancingGuard"],"picked":"hexamod:ShieldOfDarkness","floor":26.0},{"not_picked":["hexamod:SpectralAdrenaline","hexamod:RainOfEmbers+1"],"picked":"hexamod:BurningTouch+1","floor":27.0},{"not_picked":["hexamod:FastForward+1","hexamod:SpectersWail"],"picked":"hexamod:PowerFromBeyond","floor":28.0},{"not_picked":["hexamod:BacktrackSmack+1","hexamod:DynamicBlow"],"picked":"hexamod:VolcanoVisage","floor":29.0},{"not_picked":["hexamod:ParanormalForm","hexamod:InspiringFlames+1","hexamod:Firestarter"],"picked":"SKIP","floor":31.0},{"not_picked":["hexamod:GiftsFromTheDead","hexamod:TurnItUp","hexamod:EmpoweringStance"],"picked":"hexamod:TimeOfNeed","floor":33.0},{"not_picked":["hexamod:GhostOfSpirePast+1","hexamod:FastForward","hexamod:Again","hexamod:Firestarter"],"picked":"SKIP","floor":35.0},{"not_picked":["hexamod:CatchUp","hexamod:BurningTouch","hexamod:HeatMetal+1"],"picked":"hexamod:RadiantFlame+1","floor":36.0},{"not_picked":["hexamod:BacktrackSmack","hexamod:NightmareStrike+1","hexamod:GhostLash+1"],"picked":"hexamod:FastForward+1","floor":38.0},{"not_picked":["hexamod:RainOfEmbers+1","hexamod:SpectersWail","hexamod:NightmareGuise"],"picked":"hexamod:NightmareStrike+1","floor":42.0},{"not_picked":["hexamod:GhostShield+1","hexamod:BurningTouch+1","hexamod:HauntingEcho+1"],"picked":"hexamod:RetreatToShadows","floor":43.0},{"not_picked":["hexamod:Firestarter+1","hexamod:HauntingEcho+1","hexamod:Hexaguard","hexamod:ParanormalForm"],"picked":"SKIP","floor":44.0},{"not_picked":["hexamod:NightmareStrike","hexamod:GhostOfSpirePast","hexamod:FirstSeal"],"picked":"hexamod:RetreatToShadows+1","floor":45},{"not_picked":["hexamod:NightmareStrike","hexamod:AdvancingGuard+1","hexamod:HauntingEcho","hexamod:HeatCrush+1"],"picked":"SKIP","floor":46},{"not_picked":["hexamod:NightmareGuise","hexamod:AdvancingGuard+1","hexamod:SpectersWail+1"],"picked":"hexamod:FastForward+1","floor":48}],"player_experience":388994,"relics_obtained":[{"floor":11.0,"key":"War Paint"},{"floor":24.0,"key":"MealTicket"},{"floor":27.0,"key":"Pen Nib"},{"floor":31.0,"key":"Question Card"},{"floor":41.0,"key":"Smiling Mask"},{"floor":44.0,"key":"Vajra"},{"floor":44.0,"key":"Blue Doll"},{"floor":48,"key":"Replay:Towering Pillar of Hats"}],"event_choices":[{"cards_removed":["hexamod:Strike"],"damage_healed":0.0,"max_hp_gain":0.0,"max_hp_loss":0.0,"gold_gain":0.0,"event_name":"The Cleric","player_choice":"Card Removal","floor":3.0,"gold_loss":0.0,"damage_taken":0.0},{"damage_healed":0,"gold_gain":0,"player_choice":"Fight","damage_taken":0,"max_hp_gain":0,"max_hp_loss":0,"event_name":"Mysterious Sphere","floor":48,"gold_loss":0}],"is_beta":false,"boss_relics":[{"not_picked":["ChewingGum","hubris:ScarierMask"],"picked":"energizedSpire:OgreHead"},{"not_picked":["Busted Crown","Empty Cage"],"picked":"Black Star"}],"items_purged_floors":[23,38,46],"is_endless":false,"potions_floor_spawned":[9,10,11,14,19,26,27,28,29,33,35,44,48],"ascension_level":0}}