{"host":"qm4rv4rkpk76sbxu","time":1610630295,"event":{"mods":["BaseMod","Bestiary","Block Reminder","DeckTracker","Filter the Spire","Keyboard Shortcuts","Minty Spire (QoL Compilation)","MonsterHotkey","Quick Restart","Relic Stats","Slay-I","StSLib","ojb\u0027s Better Paths Mod","ojb\u0027s Info Mod"],"gold_per_floor":[117,117,135,135,146,181,181,210,236,236,236,254,274,303,303,303,303],"floor_reached":16,"language":"ENG","playtime":772,"items_purged":[],"score":126,"play_id":"69946f21-1744-4fd7-936c-6627d4c56d81","local_time":"20210114141815","is_ascension_mode":true,"campfire_choices":[{"data":"Sword Boomerang","floor":7.0,"key":"SMITH"},{"data":"True Grit","floor":10.0,"key":"SMITH"},{"data":"Offering","floor":15.0,"key":"SMITH"}],"circlet_count":0,"master_deck":["Strike_R","Strike_R","Strike_R","Defend_R","Defend_R+1","Defend_R","Defend_R","Bash+1","Thunderclap","Rage","Sentinel","True Grit+1","Sword Boomerang+1","True Grit","Offering+1","Seeing Red","Pommel Strike"],"relics":["Burning Blood","Strawberry","Orichalcum","Bag of Preparation","PreservedInsect","Blood Vial"],"acts_visited":["Exordium"],"potions_floor_usage":[],"damage_taken":[{"damage":8.0,"enemies":"Jaw Worm","floor":1.0,"turns":4.0},{"damage":5.0,"enemies":"Small Slimes","floor":3.0,"turns":3.0},{"damage":0.0,"enemies":"2 Louse","floor":5.0,"turns":2.0},{"damage":25.0,"enemies":"3 Sentries","floor":6.0,"turns":11.0},{"damage":22.0,"enemies":"Gremlin Nob","floor":8.0,"turns":5.0},{"damage":4.0,"enemies":"Exordium Thugs","floor":12.0,"turns":6.0},{"damage":9.0,"enemies":"Lots of Slimes","floor":13.0,"turns":3.0},{"damage":19.0,"enemies":"Lagavulin","floor":14.0,"turns":6.0},{"damage":30,"enemies":"The Guardian","floor":16,"turns":16}],"seed_played":"4666296691052312720","potions_obtained":[{"floor":6.0,"key":"ElixirPotion"},{"floor":8.0,"key":"SkillPotion"}],"is_trial":false,"path_per_floor":["M","?","M","?","M","E","R","E","T","R","?","M","M","E","R","B"],"character_chosen":"IRONCLAD","items_purchased":[],"campfire_rested":0,"item_purchase_floors":[],"current_hp_per_floor":[78,62,63,63,69,57,57,41,41,41,38,40,37,24,24,0,0],"gold":303,"neow_bonus":"REMOVE_CARD","is_daily":false,"chose_seed":false,"campfire_upgraded":3,"win_rate":0.0,"timestamp":1610630295,"path_taken":["M","?","M","?","M","E","R","E","T","R","?","M","M","E","R","BOSS"],"items_purchased_type":[],"build_version":"2020-12-22","purchased_purges":0,"victory":false,"max_hp_per_floor":[80,80,80,80,80,87,87,87,87,87,87,87,87,87,87,87,87],"relic_stats":{"Blood Vial":2,"counters":[9,56],"PreservedInsect":35,"Bag of Preparation":[8],"Orichalcum":[48],"obtain_stats":[{"Blood Vial":14,"Strawberry":6,"PreservedInsect":11,"Bag of Preparation":9,"Orichalcum":8,"Burning Blood":0},{"Blood Vial":8,"Strawberry":4,"PreservedInsect":5,"Bag of Preparation":5,"Orichalcum":5,"Burning Blood":0},{"Blood Vial":40,"Strawberry":20,"PreservedInsect":25,"Bag of Preparation":25,"Orichalcum":25,"Burning Blood":0}],"Burning Blood":48},"card_choices":[{"not_picked":["Heavy Blade","Havoc"],"picked":"Thunderclap","floor":1.0},{"not_picked":["Twin Strike","Wild Strike"],"picked":"Rage","floor":3.0},{"not_picked":["Burning Pact","Perfected Strike"],"picked":"True Grit","floor":5.0},{"not_picked":["Rampage","Clothesline"],"picked":"Sword Boomerang","floor":6.0},{"not_picked":["Evolve","Havoc"],"picked":"True Grit","floor":8.0},{"not_picked":["Clothesline","Heavy Blade"],"picked":"Offering","floor":12.0},{"not_picked":["Headbutt","Blood for Blood"],"picked":"Seeing Red","floor":13.0},{"not_picked":["Perfected Strike","Flex"],"picked":"Pommel Strike","floor":14.0}],"player_experience":1287920,"relics_obtained":[{"floor":6.0,"key":"Strawberry"},{"floor":8.0,"key":"Orichalcum"},{"floor":9.0,"key":"Bag of Preparation"},{"floor":14.0,"key":"Blood Vial"}],"event_choices":[{"damage_healed":0.0,"max_hp_gain":0.0,"max_hp_loss":0.0,"gold_gain":0.0,"event_name":"Shining Light","player_choice":"Entered Light","floor":2.0,"gold_loss":0.0,"damage_taken":16.0,"cards_upgraded":["Bash","Defend_R"]},{"damage_healed":0.0,"max_hp_gain":0.0,"max_hp_loss":0.0,"gold_gain":0.0,"cards_transformed":["Strike_R"],"event_name":"Living Wall","player_choice":"Change","floor":4.0,"gold_loss":0.0,"damage_taken":0.0,"cards_obtained":["Sentinel"]},{"damage_healed":0.0,"max_hp_gain":0.0,"max_hp_loss":0.0,"gold_gain":0.0,"event_name":"Scrap Ooze","player_choice":"Success","floor":11.0,"gold_loss":0.0,"damage_taken":3.0,"relics_obtained":["PreservedInsect"]}],"is_beta":false,"boss_relics":[],"items_purged_floors":[],"is_endless":false,"potions_floor_spawned":[6,8],"killed_by":"The Guardian","ascension_level":1}}