{"host":"kq2g769nefmuyn7c","time":1610635057,"event":{"mods":["ATMod(°¢èªMod)","Act Like it!","BaseMod","Gensokyo","Koishi","Minty Spire (QoL Compilation)","Replay The Spire","StSLib","The Marked"],"gold_per_floor":[109,109,132,132,151,184,184,216,216,249,268,268,46,71,71,169,169,187,187,203,203,79,105,125,52,52,62,89,109,129,159,159,258,258,274,288,333,333,115,149,149,176,176,176,29,29,41,52,52,52,52,52,42,70,70],"floor_reached":56,"language":"ZHS","playtime":2664,"items_purged":["Koishi:BasicStrike","Koishi:BasicDefend","Koishi:HauntingSlash","Koishi:BasicDefend","Koishi:BasicDefend"],"score":1929,"play_id":"e5ce7191-c579-4aaf-82f5-4245257f8ed7","local_time":"20210114223737","is_ascension_mode":true,"campfire_choices":[{"data":"AT_FamilyPortrait","floor":7,"key":"SMITH"},{"data":"Koishi:Whimsy","floor":12,"key":"SMITH"},{"data":"Koishi:HeartAttack","floor":15,"key":"SMITH"},{"data":"Koishi:GeneticsOfTheUnconscious","floor":32,"key":"SMITH"},{"data":"Koishi:IdleWhim","floor":44,"key":"SMITH"},{"data":"Koishi:DNAsFlaw","floor":46,"key":"SMITH"},{"floor":49,"key":"RECALL"},{"data":"Koishi:MassHysteria","floor":52,"key":"SMITH"}],"circlet_count":0,"master_deck":["Koishi:BasicDefend","Koishi:Provoke","AT_FamilyPortrait+1","Koishi:HeartAttack+1","Koishi:YoukaiPolygraph","Koishi:GeneticsOfTheUnconscious+1","Koishi:ApparitionsStalkTheNight+1","Koishi:Whimsy+1","Koishi:ReflexRadar+1","Koishi:DNAsFlaw+1","Koishi:SilentAndRestless+1","Koishi:PredatoryInstincts","Koishi:LastRemote","Koishi:HeartAttack+1","Koishi:MassHysteria+1","Koishi:IdleWhim+1","Koishi:UnconsciousUprising","Koishi:FadingMemory+1","Parasite"],"relics":["Koishi:ImaginaryFriend","AT_ATBox","Anchor","Blood Vial","Replay:Bottled Flurry","Gambling Chip","Shuriken","Prayer Wheel","Lantern","Membership Card","Quantum Egg","Coffee Dripper","War Paint","Koishi:BloodstainedWhiteRose","Medical Kit","Snack Pack","Bronze Scales","AT_TrinityForce","AT_SunfireAegis","Guide Book","Bag of Preparation","Pondfish Scales","Replay:Accelerometer","Art of War","BranchBurnRelic","ReplayTheSpireMod:CursedCoin","AT_RedTearstoneRing","Toy Ornithopter"],"acts_visited":["Exordium","TheCity","TheBeyond","TheEnding"],"potions_floor_usage":[55,55],"damage_taken":[{"damage":1,"enemies":"Small Slimes","floor":1,"turns":3},{"damage":0,"enemies":"Jaw Worm","floor":5,"turns":2},{"damage":9,"enemies":"Replay:BlueRogue","floor":6,"turns":4},{"damage":0,"enemies":"Gremlin Nob","floor":8,"turns":2},{"damage":1,"enemies":"Replay:BlueRogue","floor":10,"turns":3},{"damage":0,"enemies":"Cultist","floor":11,"turns":1},{"damage":15,"enemies":"3 Sentries","floor":14,"turns":5},{"damage":0,"enemies":"Slime Boss","floor":16,"turns":7},{"damage":0,"enemies":"2 Thieves","floor":18,"turns":2},{"damage":0,"enemies":"Spheric Guardian","floor":20,"turns":1},{"damage":5,"enemies":"Replay:Snechameleon","floor":23,"turns":3},{"damage":0,"enemies":"3 Cultists","floor":24,"turns":2},{"damage":0,"enemies":"Snecko","floor":27,"turns":2},{"damage":5,"enemies":"Slavers","floor":28,"turns":2},{"damage":5,"enemies":"Shelled Parasite and Fungi","floor":29,"turns":2},{"damage":0,"enemies":"Centurion and Healer","floor":30,"turns":2},{"damage":10,"enemies":"Book of Stabbing","floor":31,"turns":3},{"damage":0,"enemies":"Automaton","floor":33,"turns":4},{"damage":4,"enemies":"3 Shapes","floor":35,"turns":2},{"damage":0,"enemies":"Orb Walker","floor":36,"turns":1},{"damage":0,"enemies":"Reptomancer","floor":40,"turns":1},{"damage":0,"enemies":"R_Hoarder","floor":42,"turns":3},{"damage":0,"enemies":"Sphere and 2 Shapes","floor":47,"turns":1},{"damage":0,"enemies":"Spire Growth","floor":48,"turns":1},{"damage":0,"enemies":"Awakened One","floor":50,"turns":5},{"damage":0,"enemies":"Shield and Spear","floor":54,"turns":3},{"damage":9,"enemies":"The Heart","floor":55,"turns":6}],"seed_played":"8475517349097828362","potions_obtained":[{"floor":1,"key":"Block Potion"},{"floor":5,"key":"LifebloodPotion"},{"floor":10,"key":"Death Potion"},{"floor":18,"key":"Flashbang"}],"is_trial":false,"path_per_floor":["M","?","T","?","M","E","R","E","T","E","M","R","$","E","R","B",null,"M","?","M","?","$","E","M","$","T","M","E","M","M","E","R","B",null,"M","M","?","?","$","E","?","E","T","R","$","R","M","M","R","B",null,"R","$","E","B",null],"character_chosen":"KOISHI","items_purchased":["Membership Card","Koishi:ReflexRadar","War Paint","Medical Kit","Guide Book","Bag of Preparation","Art of War","ReplayTheSpireMod:CursedCoin","AT_RedTearstoneRing"],"campfire_rested":0,"item_purchase_floors":[13,13,22,25,39,39,45,53,53],"current_hp_per_floor":[60,60,60,60,60,51,51,54,54,55,58,58,58,45,45,49,60,60,60,60,60,60,59,60,60,60,60,60,58,60,53,53,59,60,56,60,45,45,45,58,58,60,60,60,60,60,60,60,60,60,60,60,60,60,59],"gold":70,"neow_bonus":"RANDOM_COMMON_RELIC","is_daily":false,"chose_seed":false,"campfire_upgraded":7,"win_rate":0.0,"timestamp":1610635057,"path_taken":["M","?","?","?","?","E","R","E","T","E","M","R","?","E","R","BOSS","M","?","M","?","$","E","?","?","T","M","E","M","M","E","R","BOSS","M","?","?","?","$","E","?","E","T","R","$","R","M","M","R","BOSS","R","$","E","BOSS"],"items_purchased_type":["Relic","Card","Relic","Relic","Relic","Relic","Relic","Relic","Relic"],"build_version":"2020-12-22","purchased_purges":5,"victory":true,"max_hp_per_floor":[60,60,60,60,60,60,60,60,60,60,60,60,60,60,60,60,60,60,60,60,60,60,60,60,60,60,60,60,60,60,60,60,60,60,60,60,60,60,60,60,60,60,60,60,60,60,60,60,60,60,60,60,60,60,60],"card_choices":[{"not_picked":["Koishi:GhostParty","Koishi:Prune"],"picked":"Koishi:HeartAttack","floor":1},{"not_picked":["Koishi:PhantomStrike","Koishi:FleetingPhantom","Koishi:EmbryosDream"],"picked":"SKIP","floor":5},{"not_picked":["Koishi:JumpScare","Koishi:MindNumbingTerror"],"picked":"Koishi:GeneticsOfTheUnconscious","floor":6},{"not_picked":["Koishi:SpiritedAway","Koishi:BloodcurdlingScream"],"picked":"Koishi:ApparitionsStalkTheNight","floor":8},{"not_picked":["Koishi:FleetingPhantom","Koishi:ApparitionsStalkTheNight","Koishi:PhantomStrike"],"picked":"SKIP","floor":10},{"not_picked":["Koishi:FleetingPhantom","Koishi:ApparitionsStalkTheNight","Koishi:PhantomStrike"],"picked":"SKIP","floor":10},{"not_picked":["Koishi:Jaunt","Koishi:PhantomStrike"],"picked":"Koishi:Whimsy","floor":11},{"not_picked":["Koishi:BloodcurdlingScream","Koishi:ApparitionsStalkTheNight","Koishi:ParalyzingFear"],"picked":"SKIP","floor":11},{"not_picked":["Koishi:MentalBreakdown","Koishi:PhantomBarrier"],"picked":"Koishi:DNAsFlaw","floor":14},{"not_picked":["Koishi:Ego","Koishi:SuperEgo"],"picked":"Koishi:SilentAndRestless","floor":16},{"not_picked":["Koishi:ParalyzingFear","Koishi:ReflexRadar"],"picked":"Koishi:SubconsciousSweep","floor":18},{"not_picked":["Koishi:Untouchable","Koishi:ParalyzingFear"],"picked":"Koishi:PredatoryInstincts","floor":18},{"not_picked":["Koishi:DanmakuParanoia","Koishi:FourthEye"],"picked":"Koishi:LastRemote","floor":20},{"not_picked":["Koishi:SubconsciousSweep","Koishi:Vanish+1","Koishi:StingingMind"],"picked":"SKIP","floor":20},{"not_picked":["Koishi:HeartStoppingHorror","Koishi:TremblingHands+1","Koishi:TraumaticStroke"],"picked":"SKIP","floor":23},{"not_picked":["Koishi:RacingHeart+1","Koishi:PhantomBarrier"],"picked":"Koishi:MassHysteria","floor":24},{"not_picked":["Koishi:Jaunt","Koishi:DreadfulBlow+1","Koishi:LastRemote"],"picked":"SKIP","floor":24},{"not_picked":["Koishi:SubconsciousSweep","Koishi:PhantomBarrier"],"picked":"Koishi:IdleWhim","floor":27},{"not_picked":["Koishi:PhantomBarrier+1","Koishi:JumpScare","Koishi:ParalyzingFear"],"picked":"SKIP","floor":27},{"not_picked":["Koishi:ReflexRadar","Koishi:YoukaiPolygraph","Koishi:TremblingHands"],"picked":"SKIP","floor":28},{"not_picked":["Koishi:Catatonia","Koishi:TraumaticStroke","Koishi:SprinkleStarAndHeart"],"picked":"SKIP","floor":29},{"not_picked":["Koishi:FleetingPhantom+1","Koishi:RacingHeart","Koishi:FreudianInstinct"],"picked":"SKIP","floor":29},{"not_picked":["Koishi:SubterraneanRose","Koishi:DanmakuParanoia"],"picked":"Koishi:UnconsciousUprising","floor":30},{"not_picked":["Koishi:SubconsciousSweep","Koishi:UnseenTerror","Koishi:MindStellarRelief"],"picked":"SKIP","floor":30},{"not_picked":["Koishi:PhantomStrike+1","Koishi:UnansweredLove","Koishi:BloodcurdlingScream"],"picked":"SKIP","floor":31},{"not_picked":["Koishi:MindStellarRelief","Koishi:ImGoingToCallYouNow"],"picked":"Koishi:FadingMemory","floor":33},{"not_picked":["Koishi:UnansweredLove","Koishi:BramblyRoseGarden","Koishi:RorschachInDanmaku+1"],"picked":"SKIP","floor":35},{"not_picked":["Koishi:ParalyzingFear","Koishi:Bloodlust+1","Koishi:Jaunt"],"picked":"SKIP","floor":35},{"not_picked":["Koishi:JumpScare+1","Koishi:PhilosophyOfTheDespised+1","Koishi:StrangeCloudFist+1"],"picked":"SKIP","floor":36},{"not_picked":["Koishi:CatchAndRose","Koishi:PhantomStrike","Koishi:HeartfeltFancy"],"picked":"SKIP","floor":36},{"not_picked":["Koishi:PhantomBarrier+1","Koishi:SuperEgo","Koishi:SpiritedAway+1"],"picked":"SKIP","floor":40},{"not_picked":["Koishi:BloodcurdlingScream+1","Koishi:GeneticsOfTheUnconscious","Koishi:FidgetySnatcher"],"picked":"SKIP","floor":42},{"not_picked":["Koishi:ReflexRadar","Koishi:PhantomStrike+1","Koishi:BramblyRoseGarden"],"picked":"SKIP","floor":47},{"not_picked":["Koishi:FourthEye+1","Koishi:Untouchable+1","Koishi:ConfinedInnocent"],"picked":"SKIP","floor":47},{"not_picked":["Koishi:DNAsFlaw+1","Koishi:PhantomStrike+1","Koishi:UnconsciousUprising+1"],"picked":"SKIP","floor":48},{"not_picked":["Koishi:VengefulSpirit","Koishi:FleetingPhantom+1","Koishi:EmbryosDream"],"picked":"SKIP","floor":48},{"not_picked":["Koishi:SpiritedAway","Koishi:DNAsFlaw+1","Koishi:RoseHell"],"picked":"SKIP","floor":54}],"player_experience":98707,"relics_obtained":[{"floor":3,"key":"Blood Vial"},{"floor":6,"key":"Replay:Bottled Flurry"},{"floor":8,"key":"Gambling Chip"},{"floor":9,"key":"Shuriken"},{"floor":10,"key":"Lantern"},{"floor":14,"key":"Quantum Egg"},{"floor":23,"key":"Koishi:BloodstainedWhiteRose"},{"floor":26,"key":"Snack Pack"},{"floor":28,"key":"Dead Branch"},{"floor":31,"key":"Bronze Scales"},{"floor":37,"key":"AT_SunfireAegis"},{"floor":40,"key":"Pondfish Scales"},{"floor":42,"key":"Replay:Accelerometer"},{"floor":54,"key":"Toy Ornithopter"}],"event_choices":[{"damage_healed":0,"gold_gain":0,"cards_transformed":["Koishi:BasicStrike"],"player_choice":"Change","damage_taken":0,"max_hp_gain":0,"max_hp_loss":0,"event_name":"Living Wall","floor":2,"gold_loss":0,"cards_obtained":["Koishi:YoukaiPolygraph"]},{"cards_removed":["Koishi:BasicStrike"],"damage_healed":0,"gold_gain":0,"player_choice":"Offered Basic","damage_taken":0,"max_hp_gain":0,"max_hp_loss":0,"event_name":"Bonfire Elementals","floor":4,"gold_loss":0},{"cards_removed":["Koishi:BasicStrike"],"damage_healed":0,"gold_gain":0,"player_choice":"Elegance","damage_taken":0,"max_hp_gain":0,"max_hp_loss":0,"event_name":"Back to Basics","floor":19,"gold_loss":0},{"damage_healed":0,"gold_gain":0,"player_choice":"Copied","damage_taken":0,"max_hp_gain":0,"max_hp_loss":0,"event_name":"Duplicator","floor":21,"gold_loss":0,"cards_obtained":["Koishi:HeartAttack"]},{"damage_healed":0,"gold_gain":0,"player_choice":"Memory 1","damage_taken":0,"max_hp_gain":0,"max_hp_loss":0,"event_name":"SensoryStone","floor":38,"gold_loss":0},{"cards_removed":["Koishi:SubconsciousSweep"],"damage_healed":0,"gold_gain":0,"player_choice":"Removed Attack","damage_taken":0,"max_hp_gain":0,"max_hp_loss":0,"event_name":"Falling","floor":41,"gold_loss":0}],"is_beta":false,"boss_relics":[{"not_picked":["Ectoplasm","ChewingGum"],"picked":"Coffee Dripper"},{"not_picked":["Cursed Key","ReplayTheSpireMod:DimensionalGlitch"],"picked":"AT_TrinityForce"}],"items_purged_floors":[13,22,39,45,53],"is_endless":false,"potions_floor_spawned":[1,5,10,16,18,24,29,31,40,48,54],"ascension_level":4}}