{"host":"zgdag062zrknap1a","time":1610584740,"event":{"mods":["AchievementEnabler","Act Like it!","Aspiration","Bard","BaseMod","BetterRewards","Colored Map","Colored Powertips","Conspire","Downfall","Gensokyo","Hallownest","Hermit","Highlight Path","Hubris","Infinite Spire","Jorbs\u0027s Wanderer Trilogy","Marisa????????","Minty Spire (QoL Compilation)","Quick Restart","Rare Cards Sparkle","Replay The Spire","Shop Mod","StSLib","The Bug Knight","The Cursed","The Hierophant","The Necromancer","The Runesmith","The Servant 0.9.4"],"gold_per_floor":[113,113,113,93,93,93,93],"floor_reached":6,"language":"ENG","playtime":448,"items_purged":["bard:Inspire"],"score":32,"play_id":"6e37adb4-e3c3-403c-a2fb-651b9aa44882","local_time":"20210113163900","is_ascension_mode":false,"campfire_choices":[],"circlet_count":0,"master_deck":["bard:Strike","bard:Strike","bard:Strike","bard:Strike","bard:Defend","bard:Defend","bard:Defend","bard:Defend","bard:Riposte+1","bard:Rest","bard:Solo","bard:SixFourTime","bard:DiscordantVoice","bard:DervishDance","bard:QuickSong","bard:CuttingWords+1"],"relics":["bard:PitchPipe","bard:BagPipes","MerchantsRug","hubris:TenFootPole"],"acts_visited":["Exordium"],"potions_floor_usage":[],"damage_taken":[{"damage":12,"enemies":"Jaw Worm","floor":1,"turns":5},{"damage":0,"enemies":"Gremlin Nob","floor":6,"turns":1}],"seed_played":"7010539980893693308","potions_obtained":[{"floor":4,"key":"bard:InspiredBrew"}],"is_trial":false,"path_per_floor":["M","?","?","?","$","E"],"character_chosen":"BARD","items_purchased":["bard:Rest","bard:Solo","bard:SixFourTime","MerchantsRug","bard:DiscordantVoice","bard:DervishDance","bard:QuickSong","hubris:TenFootPole"],"campfire_rested":0,"item_purchase_floors":[0,0,0,0,0,0,0,0],"current_hp_per_floor":[30,23,23,23,23,23,23],"gold":93,"neow_bonus":"","is_daily":false,"chose_seed":false,"campfire_upgraded":0,"win_rate":0.0,"timestamp":1610584740,"path_taken":["M","?","?","?","$","E"],"items_purchased_type":["Card","Card","Card","Relic","Card","Card","Card","Relic"],"build_version":"2020-12-22","purchased_purges":1,"victory":false,"max_hp_per_floor":[70,70,70,70,70,70,70],"card_choices":[{"not_picked":["bard:FeastOnFear","bard:Silence"],"picked":"bard:CuttingWords","floor":1}],"player_experience":390077,"relics_obtained":[],"event_choices":[{"damage_healed":0,"gold_gain":0,"player_choice":"Entered Light","damage_taken":14,"max_hp_gain":0,"max_hp_loss":0,"event_name":"Shining Light","floor":2,"gold_loss":0,"cards_upgraded":["bard:Riposte","bard:CuttingWords"]},{"damage_healed":0,"gold_gain":0,"player_choice":"Bought 1 Potion","damage_taken":0,"max_hp_gain":0,"max_hp_loss":0,"event_name":"The Woman in Blue","floor":4,"gold_loss":0}],"is_beta":false,"boss_relics":[],"items_purged_floors":[0],"is_endless":false,"potions_floor_spawned":[],"killed_by":"Gremlin Nob","ascension_level":0}}