{"host":"nh1tx9wty0m9wedw","time":1610641491,"event":{"mods":["BaseMod","Colored Map","Colored Powertips","Minty Spire (QoL Compilation)"],"gold_per_floor":[114,42,53,71,51,85,95,128,167,197,229,259,298,310,322,436,448,479,504,529,559,87,87,87],"floor_reached":23,"language":"ENG","playtime":1269,"items_purged":["Strike_G"],"score":260,"play_id":"82c98536-d652-4bc5-aaf0-c2bd29b51528","local_time":"20210114172451","is_ascension_mode":true,"campfire_choices":[{"data":"Noxious Fumes","floor":15,"key":"SMITH"}],"circlet_count":0,"master_deck":["Strike_G","Strike_G","Strike_G","Strike_G","Defend_G","Defend_G","Defend_G","Defend_G","Defend_G","Survivor","Neutralize","Backstab","Infinite Blades","Dagger Throw","Underhanded Strike","Choke","Footwork","Well Laid Plans","Deadly Poison","Noxious Fumes+1","Quick Slash","Tactician","A Thousand Cuts","Dagger Spray","Finisher+1","Crippling Poison","Catalyst+1","Caltrops"],"relics":["Ring of the Snake","NeowsBlessing","Mercury Hourglass","MawBank","Bag of Marbles","Blood Vial","Cursed Key","Molten Egg 2"],"acts_visited":["Exordium","TheCity"],"potions_floor_usage":[6,6,6,13,16,16,18,19,23],"damage_taken":[{"damage":0,"enemies":"2 Louse","floor":1,"turns":1},{"damage":0,"enemies":"Cultist","floor":3,"turns":1},{"damage":0,"enemies":"Jaw Worm","floor":4,"turns":1},{"damage":8,"enemies":"Gremlin Nob","floor":6,"turns":3},{"damage":2,"enemies":"2 Fungi Beasts","floor":7,"turns":2},{"damage":6,"enemies":"Lagavulin","floor":8,"turns":5},{"damage":1,"enemies":"Exordium Wildlife","floor":10,"turns":2},{"damage":22,"enemies":"Exordium Thugs","floor":11,"turns":5},{"damage":0,"enemies":"Blue Slaver","floor":12,"turns":1},{"damage":2,"enemies":"Gremlin Nob","floor":13,"turns":3},{"damage":8,"enemies":"The Guardian","floor":16,"turns":7},{"damage":11,"enemies":"Spheric Guardian","floor":18,"turns":4},{"damage":0,"enemies":"3 Byrds","floor":19,"turns":2},{"damage":15,"enemies":"Snake Plant","floor":20,"turns":3},{"damage":15,"enemies":"Centurion and Healer","floor":21,"turns":4},{"damage":37,"enemies":"Book of Stabbing","floor":23,"turns":3}],"seed_played":"1375682432047699396","potions_obtained":[{"floor":1,"key":"Strength Potion"},{"floor":4,"key":"EssenceOfSteel"},{"floor":5,"key":"CultistPotion"},{"floor":10,"key":"Block Potion"},{"floor":11,"key":"Strength Potion"},{"floor":13,"key":"DuplicationPotion"},{"floor":16,"key":"Weak Potion"},{"floor":18,"key":"SteroidPotion"}],"is_trial":false,"path_per_floor":["M","$","M","M","?","E","M","E","T","M","M","M","E","?","R","B",null,"M","M","M","M","$","E"],"character_chosen":"THE_SILENT","items_purchased":["Infinite Blades","Molten Egg 2","Caltrops","DistilledChaos"],"campfire_rested":0,"item_purchase_floors":[2,22,22,22],"current_hp_per_floor":[70,70,70,70,70,62,60,54,54,53,31,31,29,52,52,46,70,59,61,48,35,35,0,0],"gold":87,"neow_bonus":"THREE_ENEMY_KILL","is_daily":false,"chose_seed":false,"campfire_upgraded":1,"win_rate":0.0,"timestamp":1610641491,"path_taken":["M","$","M","M","?","E","M","E","T","M","M","?","E","?","R","BOSS","M","M","M","M","$","E"],"items_purchased_type":["Card","Relic","Card","Potion"],"build_version":"2020-12-22","purchased_purges":1,"victory":false,"max_hp_per_floor":[70,70,70,70,70,70,70,70,70,70,70,70,70,70,70,70,70,70,70,70,70,70,70,70],"card_choices":[{"not_picked":["All Out Attack","Cloak And Dagger"],"picked":"Backstab","floor":1},{"not_picked":["Dodge and Roll","Quick Slash"],"picked":"Dagger Throw","floor":3},{"not_picked":["Reflex","Escape Plan"],"picked":"Underhanded Strike","floor":4},{"not_picked":["Phantasmal Killer","Backflip"],"picked":"Choke","floor":6},{"not_picked":["Deflect","Quick Slash"],"picked":"Footwork","floor":7},{"not_picked":["Predator","Sucker Punch"],"picked":"Well Laid Plans","floor":8},{"not_picked":["Leg Sweep","Slice"],"picked":"Deadly Poison","floor":10},{"not_picked":["Quick Slash","Poisoned Stab"],"picked":"Noxious Fumes","floor":11},{"not_picked":["Expertise","Skewer"],"picked":"Quick Slash","floor":12},{"not_picked":["Crippling Poison","Outmaneuver"],"picked":"Tactician","floor":13},{"not_picked":["Wraith Form v2","Doppelganger"],"picked":"A Thousand Cuts","floor":16},{"not_picked":["Choke","Skewer"],"picked":"Dagger Spray","floor":18},{"not_picked":["Deflect","Expertise"],"picked":"Finisher+1","floor":19},{"not_picked":["Choke","Eviscerate+1"],"picked":"Crippling Poison","floor":20},{"not_picked":["Quick Slash","Backflip"],"picked":"Catalyst+1","floor":21}],"player_experience":597710,"relics_obtained":[{"floor":6,"key":"Mercury Hourglass"},{"floor":8,"key":"MawBank"},{"floor":9,"key":"Bag of Marbles"},{"floor":13,"key":"Blood Vial"}],"event_choices":[{"damage_healed":0,"gold_gain":0,"player_choice":"Bought 1 Potion","damage_taken":0,"max_hp_gain":0,"max_hp_loss":0,"event_name":"The Woman in Blue","floor":5,"gold_loss":0},{"damage_healed":23,"gold_gain":0,"player_choice":"Banana","damage_taken":0,"max_hp_gain":0,"max_hp_loss":0,"event_name":"Big Fish","floor":14,"gold_loss":0}],"is_beta":false,"boss_relics":[{"not_picked":["WristBlade","Velvet Choker"],"picked":"Cursed Key"}],"items_purged_floors":[22],"is_endless":false,"potions_floor_spawned":[1,4,10,11,13,16,18],"killed_by":"Book of Stabbing","ascension_level":4}}