{"host":"dbkc9h3etq50r1dq","time":1610589770,"event":{"mods":["AchievementEnabler","BaseMod","Block Reminder","Colored Powertips","Curses Come First","Custom Start","Dark Map","Minty Spire (QoL Compilation)","Permanent Neow","Potion Indicator Mod","Rare Cards Sparkle","StSLib","SuperFastMode"],"gold_per_floor":[117,130,55,130,80,115,130,130,130,130,144,144,159,173,173,275,275,264,279,289,308,308,308,338,338,412,62,73,105,127,166,178,286,298,322,352,380,392,404,416,444,456,468,480,88,88,101,101,101,101],"floor_reached":51,"language":"ZHS","playtime":1504,"items_purged":["Defend_R","Strike_R","Defend_R"],"score":939,"play_id":"a2137dac-5db4-4279-9418-3e73a1c23827","local_time":"20210114100250","is_ascension_mode":true,"campfire_choices":[{"data":"Demon Form","floor":8.0,"key":"SMITH"},{"data":"Uppercut","floor":12.0,"key":"SMITH"},{"floor":15.0,"key":"REST"},{"floor":23.0,"key":"REST"},{"floor":32.0,"key":"REST"},{"floor":40.0,"key":"REST"},{"floor":42.0,"key":"REST"},{"data":"Double Tap","floor":49,"key":"SMITH"}],"circlet_count":0,"master_deck":["Strike_R","Strike_R","Defend_R","Defend_R","Bash","Demon Form+1","Shrug It Off","Uppercut+1","Battle Trance","Double Tap+1","Heavy Blade","Shrug It Off+1","Bloodletting","Inflame","Flex","Flash of Steel","Dropkick+1","Rupture","Offering","Inflame+1","Madness","Madness","Secret Technique","Metallicize","Shrug It Off"],"relics":["Burning Blood","CaptainsWheel","Mummified Hand","Philosopher\u0027s Stone","MealTicket","Pen Nib","Shuriken","MawBank","Strawberry","Black Star","Centennial Puzzle"],"acts_visited":["Exordium","TheCity","TheBeyond"],"potions_floor_usage":[50,50],"damage_taken":[{"damage":1.0,"enemies":"Cultist","floor":1.0,"turns":3.0},{"damage":0.0,"enemies":"Small Slimes","floor":2.0,"turns":3.0},{"damage":13.0,"enemies":"Gremlin Nob","floor":6.0,"turns":3.0},{"damage":10.0,"enemies":"2 Louse","floor":7.0,"turns":3.0},{"damage":15.0,"enemies":"Red Slaver","floor":11.0,"turns":3.0},{"damage":27.0,"enemies":"Gremlin Gang","floor":13.0,"turns":5.0},{"damage":12.0,"enemies":"Exordium Wildlife","floor":14.0,"turns":4.0},{"damage":10.0,"enemies":"Hexaghost","floor":16.0,"turns":7.0},{"damage":20.0,"enemies":"2 Thieves","floor":18.0,"turns":4.0},{"damage":38.0,"enemies":"3 Byrds","floor":19.0,"turns":6.0},{"damage":8.0,"enemies":"Centurion and Healer","floor":20.0,"turns":4.0},{"damage":8.0,"enemies":"Shelled Parasite and Fungi","floor":21.0,"turns":4.0},{"damage":31.0,"enemies":"Book of Stabbing","floor":24.0,"turns":5.0},{"damage":15.0,"enemies":"Snake Plant","floor":28.0,"turns":4.0},{"damage":37.0,"enemies":"Gremlin Leader","floor":29.0,"turns":3.0},{"damage":3.0,"enemies":"Snecko","floor":30.0,"turns":2.0},{"damage":22.0,"enemies":"Slavers","floor":31.0,"turns":4.0},{"damage":19.0,"enemies":"Automaton","floor":33.0,"turns":4.0},{"damage":4.0,"enemies":"Orb Walker","floor":35.0,"turns":3.0},{"damage":17.0,"enemies":"3 Shapes","floor":36.0,"turns":3.0},{"damage":13.0,"enemies":"Writhing Mass","floor":37.0,"turns":3.0},{"damage":34.0,"enemies":"3 Darklings","floor":41.0,"turns":3.0},{"damage":12,"enemies":"Spire Growth","floor":47,"turns":3},{"damage":67,"enemies":"Time Eater","floor":50,"turns":5}],"seed_played":"-9082435945134447128","potions_obtained":[{"floor":0.0,"key":"FairyPotion"},{"floor":0.0,"key":"DistilledChaos"},{"floor":0.0,"key":"Weak Potion"},{"floor":2.0,"key":"Energy Potion"},{"floor":20.0,"key":"DistilledChaos"},{"floor":24.0,"key":"PowerPotion"},{"floor":28.0,"key":"GamblersBrew"},{"floor":29.0,"key":"Block Potion"},{"floor":30.0,"key":"PowerPotion"},{"floor":31.0,"key":"Block Potion"},{"floor":37.0,"key":"DistilledChaos"}],"is_trial":false,"path_per_floor":["M","M","$","?","?","E","M","R","T","?","M","R","M","M","R","B",null,"M","M","M","M","?","R","E","?","T","$","M","E","M","E","R","B",null,"M","M","M","?","?","R","M","R","T","?","$","?","M","$","R","B",null],"character_chosen":"IRONCLAD","items_purchased":["Inflame","Flex","Flash of Steel","Dropkick","Metallicize","Centennial Puzzle","ColorlessPotion"],"campfire_rested":5,"item_purchase_floors":[27,27,27,27,45,45,45],"current_hp_per_floor":[77,80,80,69,69,62,58,58,58,58,49,49,28,22,46,42,71,57,25,23,21,47,71,46,46,46,61,52,21,24,15,41,28,72,74,63,56,45,45,71,43,69,69,69,84,84,78,87,87,26],"gold":101,"neow_bonus":"THREE_SMALL_POTIONS","is_daily":false,"chose_seed":false,"campfire_upgraded":3,"win_rate":0.0,"timestamp":1610589770,"path_taken":["M","M","?","?","?","E","M","R","T","?","M","R","M","?","R","BOSS","M","M","?","M","?","R","E","?","T","$","M","E","M","E","R","BOSS","M","M","M","?","?","R","M","R","T","?","$","?","M","?","R","BOSS"],"items_purchased_type":["Card","Card","Card","Card","Card","Relic","Potion"],"build_version":"2020-12-22","purchased_purges":3,"victory":true,"max_hp_per_floor":[80,80,80,80,80,80,80,80,80,80,80,80,80,80,80,80,80,80,80,80,80,80,80,80,80,80,80,80,80,80,87,87,87,87,87,87,87,87,87,87,87,87,87,87,87,87,87,87,87,87],"card_choices":[{"not_picked":["Evolve","Perfected Strike","Havoc"],"picked":"SKIP","floor":1.0},{"not_picked":["Hemokinesis","Blood for Blood","Body Slam"],"picked":"SKIP","floor":2.0},{"not_picked":["Thunderclap","Cleave"],"picked":"Demon Form","floor":6.0},{"not_picked":["Headbutt","Havoc"],"picked":"Shrug It Off","floor":7.0},{"not_picked":["Feel No Pain","Evolve"],"picked":"Uppercut","floor":11.0},{"not_picked":["Pummel","Iron Wave","Thunderclap"],"picked":"SKIP","floor":13.0},{"not_picked":["Cleave","True Grit"],"picked":"Battle Trance","floor":14.0},{"not_picked":["Impervious","Berserk"],"picked":"Double Tap","floor":16.0},{"not_picked":["Clothesline","Rupture+1"],"picked":"Heavy Blade","floor":18.0},{"not_picked":["Twin Strike","Armaments+1"],"picked":"Shrug It Off+1","floor":19.0},{"not_picked":["Iron Wave","Pommel Strike","Body Slam"],"picked":"SKIP","floor":20.0},{"not_picked":["Warcry","Perfected Strike","Cleave"],"picked":"SKIP","floor":21.0},{"not_picked":["Feed","Armaments"],"picked":"Bloodletting","floor":24.0},{"not_picked":["Combust","Infernal Blade","Fire Breathing"],"picked":"SKIP","floor":28.0},{"not_picked":["Cleave","Warcry"],"picked":"Dropkick+1","floor":29.0},{"not_picked":["Intimidate","Headbutt","Ghostly Armor"],"picked":"SKIP","floor":30.0},{"not_picked":["Perfected Strike+1","Sword Boomerang"],"picked":"Rupture","floor":31.0},{"not_picked":["Reaper","Corruption"],"picked":"Offering","floor":33.0},{"not_picked":["Havoc+1","Seeing Red+1"],"picked":"Inflame+1","floor":35.0},{"not_picked":["Ghostly Armor","Evolve+1","Havoc"],"picked":"SKIP","floor":36.0},{"not_picked":["Spot Weakness","Headbutt+1","Havoc+1"],"picked":"SKIP","floor":37.0},{"not_picked":["Wild Strike","Second Wind","Perfected Strike+1"],"picked":"SKIP","floor":41.0},{"not_picked":["Good Instincts","Impatience"],"picked":"Secret Technique","floor":44.0},{"not_picked":["Body Slam+1","Flame Barrier"],"picked":"Shrug It Off","floor":47}],"player_experience":143131,"relics_obtained":[{"floor":6.0,"key":"CaptainsWheel"},{"floor":9.0,"key":"Mummified Hand"},{"floor":24.0,"key":"MealTicket"},{"floor":26.0,"key":"Shuriken"},{"floor":29.0,"key":"MawBank"},{"floor":31.0,"key":"Strawberry"}],"event_choices":[{"damage_healed":0.0,"max_hp_gain":0.0,"max_hp_loss":0.0,"gold_gain":75.0,"event_name":"World of Goop","player_choice":"Gather Gold","floor":4.0,"gold_loss":0.0,"damage_taken":11.0},{"cards_removed":["Strike_R"],"damage_healed":0.0,"max_hp_gain":0.0,"max_hp_loss":0.0,"gold_gain":0.0,"event_name":"The Cleric","player_choice":"Card Removal","floor":5.0,"gold_loss":50.0,"damage_taken":0.0},{"cards_removed":["Strike_R"],"damage_healed":0.0,"max_hp_gain":0.0,"max_hp_loss":0.0,"gold_gain":0.0,"event_name":"Bonfire Elementals","player_choice":"Offered Basic","floor":10.0,"gold_loss":0.0,"damage_taken":0.0},{"damage_healed":26.0,"max_hp_gain":0.0,"max_hp_loss":0.0,"gold_gain":0.0,"event_name":"The Library","player_choice":"Heal","floor":22.0,"gold_loss":0.0,"damage_taken":0.0},{"damage_healed":0.0,"max_hp_gain":0.0,"max_hp_loss":0.0,"gold_gain":0.0,"event_name":"The Mausoleum","player_choice":"Opened","floor":25.0,"gold_loss":0.0,"damage_taken":0.0,"relics_obtained":["Pen Nib"]},{"damage_healed":0.0,"max_hp_gain":0.0,"max_hp_loss":0.0,"gold_gain":0.0,"event_name":"Winding Halls","player_choice":"Embrace Madness","floor":38.0,"gold_loss":0.0,"damage_taken":11.0,"cards_obtained":["Madness","Madness"]},{"cards_removed":["Dropkick"],"damage_healed":0.0,"max_hp_gain":0.0,"max_hp_loss":0.0,"gold_gain":0.0,"event_name":"Falling","player_choice":"Removed Attack","floor":39.0,"gold_loss":0.0,"damage_taken":0.0},{"damage_healed":0.0,"max_hp_gain":0.0,"max_hp_loss":0.0,"gold_gain":0.0,"event_name":"SensoryStone","player_choice":"Memory 1","floor":44.0,"gold_loss":0.0,"damage_taken":0.0},{"damage_healed":0,"gold_gain":0,"player_choice":"Ignored","damage_taken":0,"max_hp_gain":0,"max_hp_loss":0,"event_name":"Mysterious Sphere","floor":46,"gold_loss":0}],"is_beta":false,"boss_relics":[{"not_picked":["SlaversCollar","Runic Cube"],"picked":"Philosopher\u0027s Stone"},{"not_picked":["SacredBark","Velvet Choker"],"picked":"Black Star"}],"items_purged_floors":[3,27,45],"is_endless":false,"potions_floor_spawned":[1,2,20,24,28,29,30,31,37],"ascension_level":6}}