{"host":"kiah4uoohy01p0hv","time":1610622874,"event":{"mods":["AchievementEnabler","Aspiration","BaseMod","BetterRewards","CCEM","Colored Map","Colored Powertips","Conspire","Highlight Path","Hubris","Infinite Spire","Minty Spire (QoL Compilation)","Permanent Neow","Replay The Spire","Spicy Shops","Spikes Relics","StSLib"],"gold_per_floor":[110,110,110,110,110,135,155,155,155,169,185,185,185,216,216,315,315,333,333,353,353,353,353,353,388,435,451,451,468,23,37,37,134,134,153,169,181,29,29,29],"floor_reached":39,"language":"ENG","playtime":4119,"items_purged":["Replay:Hysterical Blindness"],"score":459,"play_id":"b0777c5c-0c64-4b82-b5ec-f1eb0179c95c","local_time":"20210114211434","is_ascension_mode":false,"campfire_choices":[{"data":"Replay:DivineShield","floor":8,"key":"SMITH"},{"floor":13,"key":"REST"},{"data":"ForeignInfluence","floor":15,"key":"SMITH"},{"floor":24,"key":"REST"},{"data":"Alpha","floor":28,"key":"SMITH"}],"circlet_count":0,"master_deck":["Prostrate","Strike_P","Strike_P","Strike_P+1","Strike_P","Defend_P","Defend_P+1","Defend_P","Sanctity","Replay:DivineShield+1","PathToVictory","PathToVictory","Nirvana","ForeignInfluence+1","SandsOfTime","PathToVictory","Alpha+1","Study+1","FlyingSleeves+1","Consecrate","Injury","JustLucky+1","Prostrate+1","Sadistic Nature","Metamorphosis+1","Flash of Steel","CutThroughFate","Ragnarok","Omniscience","EmptyBody+1"],"relics":["Cracked Core","infinitespire:Cubic Diamond","ReplayTheSpireMod:TigerMarble","Bag of Marbles","hubris:Towel","CCEMRelics:GrapeVine","Cursed Key","Dream Catcher","Replay:Bronze Core","FaceOfCleric","CCEMRelics:DissonantTune","Blue Doll","Shuriken","ReplayTheSpireMod:ShopPack","aspiration:FutureDiary","Orichalcum"],"acts_visited":["Exordium","TheCity","TheBeyond"],"potions_floor_usage":[16,18,25,27,33],"damage_taken":[{"damage":0,"enemies":"2 Louse","floor":1,"turns":5},{"damage":24,"enemies":"3 Sentries","floor":6,"turns":11},{"damage":0,"enemies":"Small Slimes","floor":7,"turns":1},{"damage":0,"enemies":"Jaw Worm","floor":10,"turns":3},{"damage":0,"enemies":"2 Fungi Beasts","floor":11,"turns":2},{"damage":3,"enemies":"Lagavulin","floor":14,"turns":4},{"damage":0,"enemies":"Hexaghost","floor":16,"turns":4},{"damage":11,"enemies":"3 Byrds","floor":18,"turns":6},{"damage":15,"enemies":"Shell Parasite","floor":20,"turns":4},{"damage":7,"enemies":"conspire:Head Lice","floor":25,"turns":3},{"damage":12,"enemies":"Cultist and Chosen","floor":27,"turns":7},{"damage":11,"enemies":"Shelled Parasite and Fungi","floor":29,"turns":3},{"damage":16,"enemies":"Centurion and Healer","floor":31,"turns":5},{"damage":34,"enemies":"Collector","floor":33,"turns":6},{"damage":21,"enemies":"3 Darklings","floor":35,"turns":6},{"damage":1,"enemies":"3 Shapes","floor":36,"turns":3},{"damage":11,"enemies":"3 Darklings","floor":37,"turns":4},{"damage":47,"enemies":"Sphere and 2 Shapes","floor":39,"turns":4}],"seed_played":"2557956462901692572","potions_obtained":[{"floor":7,"key":"Adrenaline Potion"},{"floor":11,"key":"Strength Potion"},{"floor":16,"key":"ColorlessPotion"},{"floor":20,"key":"Elixir"},{"floor":25,"key":"ColorlessPotion"},{"floor":36,"key":"Strength Potion"}],"is_trial":false,"path_per_floor":["M","?","?","?","?","E","M","R","T","M","M","?","R","E","R","B",null,"M","?","M","AVR","?","?","R","E","T","M","R","M","$","M","R_BF","B",null,"M","M","M","$","M"],"character_chosen":"WATCHER","items_purchased":["Shuriken","ReplayTheSpireMod:ShopPack","Orichalcum"],"campfire_rested":2,"item_purchase_floors":[30,30,38],"current_hp_per_floor":[72,72,72,58,58,34,34,34,34,34,34,34,55,52,52,52,72,61,61,46,46,46,46,67,61,61,50,50,40,40,25,47,14,77,57,57,47,47,0,0],"gold":29,"neow_bonus":"TRANSFORM_TWO_CARDS","is_daily":false,"chose_seed":false,"campfire_upgraded":3,"win_rate":0.0,"timestamp":1610622874,"path_taken":["M","?","?","?","?","E","M","R","T","M","M","?","R","E","R","BOSS","M","?","M","AVR","?","?","R","E","T","?","R","M","$","M","R_BF","BOSS","M","M","M","$","M"],"items_purchased_type":["Relic","Relic","Relic"],"build_version":"2020-12-22","purchased_purges":1,"victory":false,"max_hp_per_floor":[72,72,72,72,72,72,72,72,72,72,72,72,72,72,72,72,72,72,72,72,72,72,72,72,73,73,74,74,75,75,76,76,77,77,78,79,80,80,80,80],"card_choices":[{"not_picked":["Halt","FlyingSleeves","WheelKick"],"picked":"SKIP","floor":1},{"not_picked":["ClearTheMind","JustLucky"],"picked":"PathToVictory","floor":6},{"not_picked":["Weave","ThirdEye"],"picked":"Nirvana","floor":7},{"not_picked":["Vault","Protect"],"picked":"ForeignInfluence","floor":10},{"not_picked":["BattleHymn","CrushJoints"],"picked":"SandsOfTime","floor":11},{"not_picked":["Protect","FollowUp"],"picked":"PathToVictory","floor":14},{"not_picked":["DevaForm","Blasphemy"],"picked":"Alpha","floor":16},{"not_picked":["TalkToTheHand","Replay:AtTheReady"],"picked":"Study+1","floor":18},{"not_picked":["Swivel","Halt"],"picked":"FlyingSleeves+1","floor":20},{"not_picked":["Replay:BluntJabs","Replay:AllIn"],"picked":"Consecrate","floor":24},{"not_picked":["Tantrum","Protect","EmptyFist"],"picked":"SKIP","floor":25},{"not_picked":["Conclude","CarveReality"],"picked":"JustLucky+1","floor":27},{"not_picked":["ClearTheMind+1","Tantrum"],"picked":"Prostrate+1","floor":29},{"not_picked":["HandOfGreed","Chrysalis"],"picked":"Sadistic Nature","floor":30},{"not_picked":["Assess","ReplayTheSpireMod:Private Reserves"],"picked":"Metamorphosis","floor":30},{"not_picked":["Crow Ritual","Feint"],"picked":"Flash of Steel","floor":30},{"not_picked":["CarveReality","Tantrum"],"picked":"CutThroughFate","floor":31},{"not_picked":["ThirdEye","FearNoEvil"],"picked":"Ragnarok","floor":32},{"not_picked":["Blasphemy","Vault"],"picked":"Omniscience","floor":33},{"not_picked":["Evaluate","Halt+1"],"picked":"EmptyBody+1","floor":35},{"not_picked":["Study","Wallop+1","SashWhip"],"picked":"SKIP","floor":36},{"not_picked":["Indignation+1","EmptyBody","Halt"],"picked":"SKIP","floor":37}],"player_experience":239067,"relics_obtained":[{"floor":6,"key":"ReplayTheSpireMod:TigerMarble"},{"floor":9,"key":"Bag of Marbles"},{"floor":14,"key":"CCEMRelics:GrapeVine"},{"floor":25,"key":"CCEMRelics:DissonantTune"},{"floor":26,"key":"Blue Doll"}],"event_choices":[{"damage_healed":0,"gold_gain":0,"player_choice":"Entered Light","damage_taken":14,"max_hp_gain":0,"max_hp_loss":0,"event_name":"Shining Light","floor":4,"gold_loss":0,"cards_upgraded":["Defend_P","Strike_P"]},{"damage_healed":0,"gold_gain":0,"player_choice":"Ignored","damage_taken":0,"max_hp_gain":0,"max_hp_loss":0,"event_name":"Vampires","floor":22,"gold_loss":0},{"damage_healed":0,"gold_gain":0,"player_choice":"Trade","damage_taken":0,"relics_obtained":["FaceOfCleric"],"max_hp_gain":0,"max_hp_loss":0,"event_name":"FaceTrader","floor":23,"gold_loss":0}],"is_beta":false,"boss_relics":[{"not_picked":["hubris:Backtick","Coffee Dripper"],"picked":"Cursed Key"},{"not_picked":["aspiration:PoetsPen","ReplayTheSpireMod:DimensionalGlitch"],"picked":"aspiration:FutureDiary"}],"items_purged_floors":[30],"is_endless":false,"potions_floor_spawned":[7,11,16,20,25,36],"killed_by":"Sphere and 2 Shapes","ascension_level":0}}