{"host":"m0pgjzdcutgetovj","time":1610621584,"event":{"mods":["AchievementEnabler","BaseMod","Hermit","Minty Spire (QoL Compilation)","Replay The Spire","StSLib","The Cursed"],"gold_per_floor":[117,129,129,149,166,166,201,201,228,253,218,218,393,405,405,503,503,514,527,569,594,215,215,215,215,215,229,240,240,240,255,255,354,354,378,405,273,302,314,326,353,365,377,424,60,110,156,1,1,1,1],"floor_reached":50,"language":"ENG","playtime":2331,"items_purged":["Doubt","Writhe"],"score":622,"play_id":"1cf928df-bfdd-47e2-9215-d0f75044e4a6","local_time":"20210114215304","is_ascension_mode":false,"campfire_choices":[{"data":"hermit:CursedWeapon","floor":6.0,"key":"SMITH"},{"floor":8.0,"key":"REST"},{"floor":15.0,"key":"REST"},{"floor":23.0,"key":"REST"},{"floor":32.0,"key":"REST"},{"data":"hermit:DeadOrAlive","floor":40.0,"key":"SMITH"},{"data":"hermit:CursedWeapon","floor":42.0,"key":"SMITH"}],"circlet_count":0,"master_deck":["hermit:Strike_Hermit","hermit:Strike_Hermit+1","hermit:Strike_Hermit+1","hermit:Strike_Hermit","hermit:Defend_Hermit","hermit:Defend_Hermit","hermit:Defend_Hermit","hermit:Defend_Hermit","hermit:Snapshot+1","hermit:Ricochet","hermit:CursedWeapon+1","hermit:DeadOrAlive+1","hermit:GoldenBullet","hermit:CursedWeapon","hermit:WideOpen+1","hermit:CursedWeapon+1","hermit:Adapt","hermit:WideOpen","hermit:Dive","hermit:ItchyTrigger+1","hermit:Headshot","hermit:WideOpen","hermit:Headshot","hermit:HighCaliber+1","hermit:Grudge+1","hermit:Desperado","hermit:Roughhouse","CurseOfTheBell","hermit:HoleUp+1","hermit:ItchyTrigger+1","Parasite","hermit:WideOpen","hermit:Roulette","hermit:Headshot+1","hermit:Ricochet","hermit:BigShot","hermit:Misfire","hermit:Ricochet+1"],"relics":["hermit:Momento","hermit:RyeStalk","Whetstone","Darkstone Periapt","Velvet Choker","Red Mask","Ornamental Fan","MutagenicStrength","Vajra","Nilry\u0027s Codex","Calling Bell","MawBank","Pear","Du-Vu Doll","Pen Nib","HornCleat","Unceasing Top","Juzu Bracelet","Bird Faced Urn","Torii","Sling"],"acts_visited":[],"potions_floor_usage":[50,50],"damage_taken":[{"damage":0.0,"enemies":"Cultist","floor":1.0,"turns":3.0},{"damage":0.0,"enemies":"Small Slimes","floor":2.0,"turns":2.0},{"damage":2.0,"enemies":"Jaw Worm","floor":4.0,"turns":3.0},{"damage":8.0,"enemies":"Exordium Wildlife","floor":5.0,"turns":3.0},{"damage":59.0,"enemies":"Lagavulin","floor":7.0,"turns":9.0},{"damage":3.0,"enemies":"Large Slime","floor":10.0,"turns":3.0},{"damage":7.0,"enemies":"Looter","floor":14.0,"turns":3.0},{"damage":64.0,"enemies":"Slime Boss","floor":16.0,"turns":11.0},{"damage":11.0,"enemies":"Chosen","floor":18.0,"turns":3.0},{"damage":21.0,"enemies":"2 Thieves","floor":19.0,"turns":3.0},{"damage":7.0,"enemies":"Masked Bandits","floor":20.0,"turns":3.0},{"damage":2.0,"enemies":"Snake Plant","floor":21.0,"turns":1.0},{"damage":9.0,"enemies":"Shelled Parasite and Fungi","floor":27.0,"turns":4.0},{"damage":6.0,"enemies":"Cultist and Chosen","floor":28.0,"turns":4.0},{"damage":3.0,"enemies":"Chosen and Byrds","floor":31.0,"turns":2.0},{"damage":32.0,"enemies":"Collector","floor":33.0,"turns":3.0},{"damage":2.0,"enemies":"Orb Walker","floor":35.0,"turns":2.0},{"damage":13.0,"enemies":"3 Shapes","floor":36.0,"turns":3.0},{"damage":4.0,"enemies":"Writhing Mass","floor":38.0,"turns":2.0},{"damage":24.0,"enemies":"Transient","floor":41.0,"turns":5.0},{"damage":29.0,"enemies":"Nemesis","floor":44.0,"turns":5.0},{"damage":2.0,"enemies":"Mind Bloom Boss Battle","floor":46.0,"turns":3.0},{"damage":7.0,"enemies":"2 Orb Walkers","floor":47.0,"turns":2.0},{"damage":102,"enemies":"Awakened One","floor":50,"turns":10}],"seed_played":"6826526485672091177","potions_obtained":[{"floor":4.0,"key":"SkillPotion"},{"floor":5.0,"key":"Fire Potion"},{"floor":10.0,"key":"PowerPotion"},{"floor":18.0,"key":"LiquidMemories"},{"floor":19.0,"key":"hermit:Tonic"},{"floor":21.0,"key":"AttackPotion"},{"floor":28.0,"key":"LiquidBronze"},{"floor":44.0,"key":"Strength Potion"},{"floor":46.0,"key":"Toxic Potion"},{"floor":47.0,"key":"Explosive Potion"}],"is_trial":false,"path_per_floor":["M","M","?","M","M","R","E","R","T","M","?","T","?","M","R","B",null,"M","M","?","M","$","R","?","?","T","M","M","?","?","M","R","B",null,"M","M","?","M","?","R","M","R","T","E","$","?","?","$","R","B"],"character_chosen":"HERMIT","items_purchased":["hermit:WideOpen","Ornamental Fan","hermit:Ricochet","hermit:BigShot","Juzu Bracelet","Sling"],"campfire_rested":4,"item_purchase_floors":[22,22,45,45,45,48],"current_hp_per_floor":[75,75,75,73,65,65,6,28,28,25,43,43,49,42,66,2,81,70,49,42,40,40,64,64,64,64,55,49,33,33,30,54,22,97,95,82,82,84,109,109,85,85,85,56,56,54,47,47,79,0,0],"gold":1,"neow_bonus":"UPGRADE_CARD","is_daily":false,"chose_seed":false,"campfire_upgraded":3,"win_rate":0.0,"timestamp":1610621584,"path_taken":["M","?","?","M","?","R","E","R","T","M","?","?","?","M","R","BOSS","M","M","?","M","$","R","?","?","T","?","?","?","?","M","R","BOSS","M","M","?","?","?","R","M","R","T","E","$","?","?","?","R","BOSS"],"items_purchased_type":["Card","Relic","Card","Card","Relic","Relic"],"build_version":"2020-12-22","purchased_purges":2,"victory":false,"max_hp_per_floor":[75,75,75,75,75,75,75,75,75,75,75,75,81,81,81,81,81,81,81,81,81,81,81,81,81,81,81,81,81,81,81,81,81,97,97,97,97,103,109,109,109,109,109,109,109,109,109,109,109,109,109],"card_choices":[{"not_picked":["hermit:HighCaliber","hermit:Roulette"],"picked":"hermit:Ricochet","floor":1.0},{"not_picked":["hermit:LowProfile","hermit:Manifest"],"picked":"hermit:CursedWeapon","floor":2.0},{"not_picked":["hermit:FlashPowder","hermit:BodyArmor"],"picked":"hermit:DeadOrAlive","floor":4.0},{"not_picked":["hermit:Dive","hermit:ItchyTrigger"],"picked":"hermit:GoldenBullet","floor":5.0},{"not_picked":["hermit:DeadMansHand","hermit:Spite"],"picked":"hermit:CursedWeapon","floor":7.0},{"not_picked":["hermit:Feint","hermit:DeadMansHand"],"picked":"hermit:WideOpen","floor":10.0},{"not_picked":["hermit:Horror","hermit:Misfire"],"picked":"hermit:CursedWeapon","floor":14.0},{"not_picked":["hermit:OverwhelmingPower","hermit:HighNoon"],"picked":"hermit:Adapt","floor":16.0},{"not_picked":["hermit:Quickdraw","hermit:PistolWhip+1"],"picked":"hermit:WideOpen","floor":18.0},{"not_picked":["hermit:LowProfile+1","hermit:Coalescence"],"picked":"hermit:Dive","floor":19.0},{"not_picked":["hermit:FullyLoaded","hermit:Snipe"],"picked":"hermit:ItchyTrigger+1","floor":20.0},{"not_picked":["hermit:CalledShot","hermit:Dive+1"],"picked":"hermit:Headshot","floor":21.0},{"not_picked":["hermit:Malice","hermit:FlashPowder"],"picked":"hermit:HighCaliber+1","floor":27.0},{"not_picked":["hermit:Deadeye","hermit:Feint"],"picked":"hermit:Grudge+1","floor":28.0},{"not_picked":["hermit:ItchyTrigger","hermit:ShadowCloak"],"picked":"hermit:Desperado","floor":31.0},{"not_picked":["hermit:BlackWind","hermit:Gambit"],"picked":"hermit:Roughhouse","floor":33.0},{"not_picked":["hermit:Dive","hermit:TakeCover"],"picked":"hermit:HoleUp+1","floor":35.0},{"not_picked":["hermit:BodyArmor+1","hermit:Desperado"],"picked":"hermit:ItchyTrigger+1","floor":36.0},{"not_picked":["hermit:PistolWhip","hermit:FullyLoaded"],"picked":"hermit:WideOpen","floor":38.0},{"not_picked":["hermit:Deadeye","hermit:LowProfile+1"],"picked":"hermit:Roulette","floor":41.0},{"not_picked":["hermit:HighCaliber+1","hermit:LoneWolf"],"picked":"hermit:Headshot+1","floor":44.0},{"not_picked":["hermit:FullyLoaded+1","hermit:PistolWhip"],"picked":"hermit:Misfire","floor":46.0},{"not_picked":["hermit:Combo+1","hermit:Midnight"],"picked":"hermit:Ricochet+1","floor":47.0}],"player_experience":48790,"relics_obtained":[{"floor":7.0,"key":"hermit:RyeStalk"},{"floor":9.0,"key":"Whetstone"},{"floor":12.0,"key":"Darkstone Periapt"},{"floor":20.0,"key":"Red Mask"},{"floor":26.0,"key":"Vajra"},{"floor":29.0,"key":"Nilry\u0027s Codex"},{"floor":34.0,"key":"MawBank"},{"floor":34.0,"key":"Pear"},{"floor":34.0,"key":"Du-Vu Doll"},{"floor":43.0,"key":"HornCleat"},{"floor":44.0,"key":"Unceasing Top"},{"floor":46.0,"key":"Bird Faced Urn"},{"floor":47.0,"key":"Torii"}],"event_choices":[{"cards_removed":["hermit:Covet"],"damage_healed":0.0,"max_hp_gain":0.0,"max_hp_loss":0.0,"gold_gain":0.0,"event_name":"Bonfire Elementals","player_choice":"Offered Basic","floor":3.0,"gold_loss":0.0,"damage_taken":0.0},{"damage_healed":18.0,"max_hp_gain":0.0,"max_hp_loss":0.0,"gold_gain":0.0,"event_name":"The Cleric","player_choice":"Healed","floor":11.0,"gold_loss":35.0,"damage_taken":0.0},{"damage_healed":0.0,"max_hp_gain":0.0,"max_hp_loss":0.0,"gold_gain":175.0,"event_name":"Liars Game","player_choice":"AGREE","floor":13.0,"gold_loss":0.0,"damage_taken":0.0,"cards_obtained":["Doubt"]},{"damage_healed":0.0,"max_hp_gain":0.0,"max_hp_loss":0.0,"gold_gain":0.0,"event_name":"Masked Bandits","player_choice":"Fought Bandits","floor":20.0,"gold_loss":0.0,"damage_taken":0.0},{"damage_healed":0.0,"max_hp_gain":0.0,"max_hp_loss":0.0,"gold_gain":0.0,"event_name":"Drug Dealer","player_choice":"Inject Mutagens","floor":24.0,"gold_loss":0.0,"damage_taken":0.0,"relics_obtained":["MutagenicStrength"]},{"damage_healed":0.0,"max_hp_gain":0.0,"max_hp_loss":0.0,"gold_gain":0.0,"event_name":"The Library","player_choice":"Read","floor":25.0,"gold_loss":0.0,"damage_taken":0.0,"cards_obtained":["hermit:Headshot"]},{"damage_healed":0.0,"max_hp_gain":0.0,"max_hp_loss":0.0,"gold_gain":0.0,"event_name":"Cursed Tome","player_choice":"Obtained Book","floor":29.0,"gold_loss":0.0,"damage_taken":16.0},{"damage_healed":0.0,"max_hp_gain":0.0,"max_hp_loss":0.0,"gold_gain":0.0,"event_name":"Ghosts","player_choice":"Ignored","floor":30.0,"gold_loss":0.0,"damage_taken":0.0},{"damage_healed":0.0,"max_hp_gain":0.0,"max_hp_loss":0.0,"gold_gain":0.0,"event_name":"WeMeetAgain","player_choice":"Paid Gold","floor":37.0,"gold_loss":144.0,"damage_taken":0.0,"relics_obtained":["Pen Nib"]},{"damage_healed":26.0,"max_hp_gain":0.0,"max_hp_loss":0.0,"gold_gain":0.0,"event_name":"Winding Halls","player_choice":"Writhe","floor":39.0,"gold_loss":0.0,"damage_taken":0.0,"cards_obtained":["Writhe"]},{"damage_healed":0.0,"max_hp_gain":0.0,"max_hp_loss":0.0,"gold_gain":0.0,"event_name":"MindBloom","player_choice":"Fight","floor":46.0,"gold_loss":0.0,"damage_taken":0.0},{"damage_healed":0.0,"max_hp_gain":0.0,"max_hp_loss":0.0,"gold_gain":0.0,"event_name":"Mysterious Sphere","player_choice":"Fight","floor":47.0,"gold_loss":0.0,"damage_taken":0.0}],"is_beta":false,"boss_relics":[{"not_picked":["Coffee Dripper","SlaversCollar"],"picked":"Velvet Choker"},{"not_picked":["Fusion Hammer","hermit:DentedPlate"],"picked":"Calling Bell"}],"items_purged_floors":[22,45],"is_endless":false,"potions_floor_spawned":[4,5,10,14,18,19,21,28,44,46,47],"killed_by":"Awakened One","ascension_level":0}}