{"host":"0009l0kk6tb2u2kt","time":1610651489,"event":{"mods":["BaseMod","Downfall","Hermit","Hubris","Minty Spire (QoL Compilation)","Replay The Spire","StSLib"],"gold_per_floor":[99,119,119,138,138,138,164,196,207,225,225,260,185,185,201,201,201,201],"floor_reached":16,"language":"ENG","playtime":1013,"items_purged":[],"score":110,"play_id":"3c4387fe-675a-4cdc-8854-73770463c21d","local_time":"20210114201129","is_ascension_mode":false,"campfire_choices":[{"data":"hexamod:ExtraCrispy","floor":1,"key":"SMITH"},{"data":"hexamod:Firestarter","floor":6,"key":"SMITH"},{"floor":13,"key":"REST"}],"circlet_count":0,"master_deck":["hexamod:Strike","hexamod:Strike","hexamod:Strike","hexamod:Strike","hexamod:Defend","hexamod:Defend","hexamod:Defend+1","hexamod:Defend+1","hexamod:Sear","hexamod:Float+1","hexamod:ExtraCrispy+1","hexamod:Firestarter+1","Regret","hexamod:EmpoweringStance","hexamod:BurningTouch","hexamod:ThermalTransfer"],"relics":["Oddly Smooth Stone","hexamod:InflammatoryLetter","Potion Belt","downfall:HeartBlessingGreen","m_DevilBlood"],"acts_visited":["Exordium"],"potions_floor_usage":[8,16,16],"damage_taken":[{"damage":1,"enemies":"Jaw Worm","floor":2,"turns":4},{"damage":9,"enemies":"2 Louse","floor":4,"turns":3},{"damage":9,"enemies":"Replay:BlueRogue","floor":8,"turns":5},{"damage":2,"enemies":"Small Slimes","floor":9,"turns":4},{"damage":13,"enemies":"3 Louse","floor":10,"turns":4},{"damage":19,"enemies":"Lagavulin","floor":12,"turns":6},{"damage":18,"enemies":"Exordium Wildlife","floor":15,"turns":5},{"damage":35,"enemies":"downfall:Defect","floor":16,"turns":5}],"seed_played":"-6904967446932302729","potions_obtained":[{"floor":4,"key":"Weak Potion"},{"floor":12,"key":"AttackPotion"},{"floor":15,"key":"Swift Potion"}],"is_trial":false,"path_per_floor":["R","M","?","M","?","R","T","E","M","M","?","E","R","?","M","B"],"character_chosen":"THE_SPIRIT","items_purchased":[],"campfire_rested":1,"item_purchase_floors":[],"current_hp_per_floor":[70,69,74,65,65,65,65,56,54,41,41,22,44,44,34,0,0,0],"gold":201,"neow_bonus":"THREE_CARDS","is_daily":false,"chose_seed":false,"campfire_upgraded":2,"win_rate":0.0,"timestamp":1610651489,"path_taken":["R","M","?","M","?","R","T","E","M","M","?","E","R","?","M","BOSS"],"items_purchased_type":[],"build_version":"2020-12-22","purchased_purges":0,"victory":false,"max_hp_per_floor":[70,70,75,75,75,75,75,75,75,75,75,75,75,75,75,75,75,75],"card_choices":[{"not_picked":["hexamod:RainOfEmbers","hexamod:NightmareStrike"],"picked":"hexamod:ExtraCrispy","floor":0},{"not_picked":["hexamod:SecondSeal","hexamod:NightmareStrike"],"picked":"hexamod:Firestarter","floor":2},{"not_picked":["hexamod:ExtraCrispy","hexamod:StepThrough","hexamod:NightmareStrike"],"picked":"SKIP","floor":4},{"not_picked":["hexamod:ShieldOfDarkness","hexamod:NightmareGuise"],"picked":"hexamod:EmpoweringStance","floor":8},{"not_picked":["hexamod:FastForward","hexamod:ExtraCrispy"],"picked":"hexamod:BurningTouch","floor":9},{"not_picked":["hexamod:BacktrackSmack","hexamod:Again","hexamod:AdvancingGuard"],"picked":"SKIP","floor":10},{"not_picked":["hexamod:UnleashSpirits","hexamod:BacktrackSmack"],"picked":"hexamod:ThermalTransfer","floor":12},{"not_picked":["hexamod:Again","hexamod:EtherealExpedition","hexamod:HauntingEcho"],"picked":"SKIP","floor":15}],"player_experience":222123,"relics_obtained":[{"floor":7,"key":"Oddly Smooth Stone"},{"floor":8,"key":"hexamod:InflammatoryLetter"},{"floor":12,"key":"Potion Belt"}],"event_choices":[{"damage_healed":0,"gold_gain":0,"player_choice":"Donut","damage_taken":0,"max_hp_gain":5,"max_hp_loss":0,"event_name":"Big Fish","floor":3,"gold_loss":0}],"is_beta":false,"boss_relics":[],"items_purged_floors":[],"is_endless":false,"potions_floor_spawned":[4,12,15],"killed_by":"downfall:Defect","ascension_level":0}}