{"host":"ELF","time":1610658081,"event":{"mods":["BaseMod","Minty Spire (QoL Compilation)"],"gold_per_floor":[118,128,128,128,93,93,125,125,125,144,144,157,171,171,171,269,269,279,319,319,330,330,330,341,366,366,366,385,397,397,409,409,508,558,578,208,208,62,104,137,149,149,149,0,41,41,41],"floor_reached":46,"language":"ENG","playtime":1862,"items_purged":["Regret"],"score":732,"play_id":"f0ecf266-5948-4b98-a701-91839bafd7e3","local_time":"20210114150121","is_ascension_mode":true,"campfire_choices":[{"data":"Eruption","floor":6.0,"key":"SMITH"},{"floor":8.0,"key":"REST"},{"data":"DeceiveReality","floor":11.0,"key":"SMITH"},{"data":"CrushJoints","floor":15.0,"key":"SMITH"},{"floor":23.0,"key":"REST"},{"floor":27.0,"key":"REST"},{"floor":32.0,"key":"REST"}],"circlet_count":0,"master_deck":["AscendersBane","Strike_P+1","Strike_P","Defend_P+1","Defend_P","Defend_P","Eruption+1","Vigilance","ClearTheMind+1","CrushJoints+1","DeceiveReality+1","FearNoEvil","Wish","SignatureMove+1","FearNoEvil","ReachHeaven","Clumsy","EmptyFist","FollowUp+1","Devotion","LikeWater","ClearTheMind","EmptyBody+1","FlurryOfBlows+1","Clumsy","Prostrate"],"relics":["Busted Crown","Ornamental Fan","Ice Cream","Cursed Key","Kunai","HornCleat","Regal Pillow","Letter Opener","Tiny House","Oddly Smooth Stone","Lantern","Happy Flower","MealTicket","Red Mask"],"acts_visited":["Exordium","TheCity","TheBeyond"],"potions_floor_usage":[],"damage_taken":[{"damage":0.0,"enemies":"2 Louse","floor":1.0,"turns":1.0},{"damage":0.0,"enemies":"Cultist","floor":2.0,"turns":3.0},{"damage":14.0,"enemies":"Lagavulin","floor":7.0,"turns":7.0},{"damage":4.0,"enemies":"Jaw Worm","floor":10.0,"turns":4.0},{"damage":0.0,"enemies":"Exordium Wildlife","floor":12.0,"turns":4.0},{"damage":0.0,"enemies":"Looter","floor":13.0,"turns":4.0},{"damage":25.0,"enemies":"Hexaghost","floor":16.0,"turns":12.0},{"damage":0.0,"enemies":"Chosen","floor":18.0,"turns":4.0},{"damage":6.0,"enemies":"2 Thieves","floor":19.0,"turns":4.0},{"damage":9.0,"enemies":"Snake Plant","floor":21.0,"turns":2.0},{"damage":9.0,"enemies":"Shelled Parasite and Fungi","floor":24.0,"turns":6.0},{"damage":39.0,"enemies":"Slavers","floor":25.0,"turns":4.0},{"damage":17.0,"enemies":"Centurion and Healer","floor":28.0,"turns":7.0},{"damage":9.0,"enemies":"Cultist and Chosen","floor":29.0,"turns":3.0},{"damage":3.0,"enemies":"Snecko","floor":31.0,"turns":4.0},{"damage":61.0,"enemies":"Automaton","floor":33.0,"turns":9.0},{"damage":1.0,"enemies":"Orb Walker","floor":35.0,"turns":4.0},{"damage":21.0,"enemies":"3 Shapes","floor":39.0,"turns":7.0},{"damage":28.0,"enemies":"Giant Head","floor":40.0,"turns":8.0},{"damage":0.0,"enemies":"Maw","floor":41.0,"turns":6.0},{"damage":4.0,"enemies":"Spire Growth","floor":45.0,"turns":5.0},{"damage":25,"enemies":"Nemesis","floor":46,"turns":3}],"seed_played":"-3376115469613034324","potions_obtained":[{"floor":2.0,"key":"SneckoOil"},{"floor":10.0,"key":"BlessingOfTheForge"},{"floor":19.0,"key":"Swift Potion"},{"floor":25.0,"key":"ColorlessPotion"},{"floor":28.0,"key":"CultistPotion"},{"floor":31.0,"key":"BlessingOfTheForge"},{"floor":34.0,"key":"BottledMiracle"},{"floor":40.0,"key":"GamblersBrew"},{"floor":45.0,"key":"Ancient Potion"}],"is_trial":false,"path_per_floor":["M","M","?","?","?","R","E","R","T","M","R","M","M","?","R","B",null,"M","M","?","M","T","R","M","E","T","R","M","M","?","M","R","B",null,"M","$","?","$","M","E","M","?","T","?","M","E"],"character_chosen":"WATCHER","items_purchased":["Oddly Smooth Stone","Lantern","Happy Flower"],"campfire_rested":4,"item_purchase_floors":[36,36,38],"current_hp_per_floor":[65,65,58,44,62,62,48,69,69,65,65,65,65,65,65,40,64,64,58,58,49,49,70,61,22,22,58,41,32,32,29,65,4,60,59,59,77,77,56,28,28,28,28,28,24,0,0],"gold":41,"neow_bonus":"BOSS_RELIC","is_daily":false,"chose_seed":false,"campfire_upgraded":3,"win_rate":0.0,"timestamp":1610658081,"path_taken":["M","M","?","?","?","R","E","R","T","M","R","M","M","?","R","BOSS","M","?","?","M","?","R","M","E","T","R","M","M","?","?","R","BOSS","M","$","?","?","?","E","M","?","T","?","M","E"],"items_purchased_type":["Relic","Relic","Relic"],"build_version":"2020-12-18","purchased_purges":1,"victory":false,"max_hp_per_floor":[72,72,72,72,72,72,72,72,72,72,72,72,72,72,72,72,72,72,72,72,72,72,72,72,72,72,72,72,72,72,72,72,72,77,77,77,77,77,77,77,77,77,77,77,77,77,77],"card_choices":[{"not_picked":[],"picked":"ClearTheMind","floor":1.0},{"not_picked":["Evaluate"],"picked":"SKIP","floor":2.0},{"not_picked":[],"picked":"CrushJoints","floor":7.0},{"not_picked":[],"picked":"DeceiveReality","floor":10.0},{"not_picked":["CutThroughFate"],"picked":"SKIP","floor":12.0},{"not_picked":[],"picked":"FearNoEvil","floor":13.0},{"not_picked":[],"picked":"Wish","floor":16.0},{"not_picked":[],"picked":"SignatureMove+1","floor":18.0},{"not_picked":[],"picked":"FearNoEvil","floor":19.0},{"not_picked":["FearNoEvil"],"picked":"SKIP","floor":21.0},{"not_picked":[],"picked":"ReachHeaven","floor":24.0},{"not_picked":["CarveReality"],"picked":"SKIP","floor":25.0},{"not_picked":["DeceiveReality"],"picked":"SKIP","floor":28.0},{"not_picked":[],"picked":"EmptyFist","floor":29.0},{"not_picked":[],"picked":"FollowUp+1","floor":31.0},{"not_picked":[],"picked":"Devotion","floor":33.0},{"not_picked":[],"picked":"LikeWater","floor":34.0},{"not_picked":["Wireheading+1"],"picked":"SKIP","floor":35.0},{"not_picked":[],"picked":"ClearTheMind","floor":39.0},{"not_picked":[],"picked":"EmptyBody+1","floor":40.0},{"not_picked":[],"picked":"FlurryOfBlows+1","floor":41.0},{"not_picked":[],"picked":"Prostrate","floor":45.0}],"player_experience":3212387,"relics_obtained":[{"floor":7.0,"key":"Ornamental Fan"},{"floor":9.0,"key":"Ice Cream"},{"floor":22.0,"key":"Kunai"},{"floor":25.0,"key":"HornCleat"},{"floor":26.0,"key":"Regal Pillow"},{"floor":40.0,"key":"MealTicket"}],"event_choices":[{"cards_removed":["Defend_P"],"damage_healed":0.0,"max_hp_gain":0.0,"max_hp_loss":0.0,"gold_gain":0.0,"event_name":"Golden Wing","player_choice":"Card Removal","floor":3.0,"gold_loss":0.0,"damage_taken":7.0},{"damage_healed":0.0,"max_hp_gain":0.0,"max_hp_loss":0.0,"gold_gain":0.0,"event_name":"Shining Light","player_choice":"Entered Light","floor":4.0,"gold_loss":0.0,"damage_taken":14.0,"cards_upgraded":["ClearTheMind","Defend_P"]},{"damage_healed":18.0,"max_hp_gain":0.0,"max_hp_loss":0.0,"gold_gain":0.0,"event_name":"The Cleric","player_choice":"Healed","floor":5.0,"gold_loss":35.0,"damage_taken":0.0},{"cards_removed":["Strike_P"],"damage_healed":0.0,"max_hp_gain":0.0,"max_hp_loss":0.0,"gold_gain":0.0,"event_name":"Purifier","player_choice":"Purged","floor":14.0,"gold_loss":0.0,"damage_taken":0.0},{"cards_removed":["Strike_P"],"damage_healed":0.0,"max_hp_gain":0.0,"max_hp_loss":0.0,"gold_gain":0.0,"event_name":"Back to Basics","player_choice":"Elegance","floor":20.0,"gold_loss":0.0,"damage_taken":0.0},{"damage_healed":0.0,"max_hp_gain":0.0,"max_hp_loss":0.0,"gold_gain":0.0,"event_name":"WeMeetAgain","player_choice":"Gave Potion","floor":30.0,"gold_loss":0.0,"damage_taken":0.0,"relics_obtained":["Letter Opener"]},{"damage_healed":18.0,"max_hp_gain":0.0,"max_hp_loss":0.0,"gold_gain":0.0,"event_name":"Wheel of Change","player_choice":"Full Heal","floor":37.0,"gold_loss":0.0,"damage_taken":0.0},{"damage_healed":0.0,"max_hp_gain":0.0,"max_hp_loss":0.0,"gold_gain":0.0,"event_name":"Mysterious Sphere","player_choice":"Ignored","floor":42.0,"gold_loss":0.0,"damage_taken":0.0},{"damage_healed":0.0,"max_hp_gain":0.0,"max_hp_loss":0.0,"gold_gain":0.0,"event_name":"Tomb of Lord Red Mask","player_choice":"Paid","floor":44.0,"gold_loss":149.0,"damage_taken":0.0,"relics_obtained":["Red Mask"]}],"is_beta":true,"boss_relics":[{"not_picked":["Calling Bell","Pandora\u0027s Box"],"picked":"Cursed Key"},{"not_picked":["SacredBark","Velvet Choker"],"picked":"Tiny House"}],"items_purged_floors":[36],"is_endless":false,"potions_floor_spawned":[2,10,19,21,25,28,31,39,40,41,45],"killed_by":"Nemesis","ascension_level":11}}