{"host":"0mk07bycsqo1qk03","time":1610621165,"event":{"mods":["BaseMod","Bestiary","Downfall","Hermit","Hubris","Minty Spire (QoL Compilation)","Replay The Spire","StSLib","The Cursed","The Servant 0.9.4"],"gold_per_floor":[118,155,155,35,48,78,78,93,117,142,142,92,62,77,77,173,173,189,202,202,220,220,220,220],"floor_reached":23,"language":"ENG","playtime":746,"items_purged":[],"score":358,"play_id":"b08f7748-edb5-4c56-8688-b62af0320665","local_time":"20210114114605","is_ascension_mode":true,"campfire_choices":[{"data":"expansioncontent:StudyTheSpire","floor":7.0,"key":"SMITH"},{"data":"Prepared","floor":11.0,"key":"SMITH"},{"data":"Replay:SS_forest_5","floor":15.0,"key":"SMITH"}],"circlet_count":0,"master_deck":["AscendersBane","Strike_G","Strike_G","Strike_G+1","Defend_G","Defend_G","Defend_G","Defend_G","Survivor","Neutralize","All Out Attack","ReplayTheSpireMod:Tripwire+1","Toxin Wave","Replay:SS_forest_5+1","expansioncontent:GuardianWhirl","expansioncontent:StudyTheSpire+1","Prepared+1","Escape Plan","Poison Darts","ReplayTheSpireMod:Speed Training","Decay"],"relics":["Ring of the Snake","NeowsBlessing","Oddly Smooth Stone","ReplayTheSpireMod:ShopPack","Eternal Feather","Art of War","hubris:OldNail","Empty Cage"],"acts_visited":["Exordium","TheCity"],"potions_floor_usage":[18,23],"damage_taken":[{"damage":0.0,"enemies":"Small Slimes","floor":1.0,"turns":1.0},{"damage":0.0,"enemies":"2 Louse","floor":5.0,"turns":1.0},{"damage":0.0,"enemies":"Gremlin Nob","floor":6.0,"turns":1.0},{"damage":4.0,"enemies":"Jaw Worm","floor":8.0,"turns":4.0},{"damage":19.0,"enemies":"3 Sentries","floor":10.0,"turns":7.0},{"damage":7.0,"enemies":"3 Louse","floor":14.0,"turns":2.0},{"damage":37.0,"enemies":"Slime Boss","floor":16.0,"turns":13.0},{"damage":25,"enemies":"2 Thieves","floor":18,"turns":4},{"damage":0,"enemies":"Chosen","floor":19,"turns":5},{"damage":20,"enemies":"3 Cultists","floor":21,"turns":3},{"damage":12,"enemies":"Replay:Snechameleon","floor":23,"turns":4}],"seed_played":"-2579550125934886596","potions_obtained":[{"floor":1.0,"key":"SpeedPotion"},{"floor":2.0,"key":"Languid Potion"},{"floor":13.0,"key":"Toxic Potion"},{"floor":13.0,"key":"SneckoOil"},{"floor":19,"key":"Energy Potion"},{"floor":21,"key":"hexamod:EctoCoolerPotion"}],"is_trial":false,"path_per_floor":["M","?","?","$","M","E","R","M","T","E","R","?","?","M","R","B",null,"M","M","?","M","?","E"],"character_chosen":"THE_SILENT","items_purchased":["ReplayTheSpireMod:ShopPack"],"campfire_rested":0,"item_purchase_floors":[4],"current_hp_per_floor":[63,63,49,49,49,49,58,54,54,35,47,47,47,40,52,15,56,31,31,31,11,11,0,0],"gold":220,"neow_bonus":"THREE_ENEMY_KILL","is_daily":false,"chose_seed":false,"campfire_upgraded":3,"win_rate":0.0,"timestamp":1610621165,"path_taken":["M","?","?","$","M","E","R","M","T","E","R","?","?","?","R","BOSS","M","M","?","M","?","E"],"items_purchased_type":["Relic"],"build_version":"2020-12-22","purchased_purges":0,"victory":false,"max_hp_per_floor":[70,70,70,70,70,70,70,70,70,70,70,70,70,70,70,70,70,70,70,70,70,70,70,70],"card_choices":[{"not_picked":["Setup","hubris:Sniper"],"picked":"All Out Attack","floor":1.0},{"not_picked":["Flying Knee","Dagger Spray"],"picked":"ReplayTheSpireMod:Tripwire","floor":2.0},{"not_picked":["Reflex","Infinite Blades"],"picked":"Toxin Wave","floor":2.0},{"not_picked":["The Bomb","Good Instincts"],"picked":"Replay:SS_forest_5","floor":4.0},{"not_picked":["Dramatic Entrance","hubris:Ssssneak"],"picked":"expansioncontent:GuardianWhirl","floor":4.0},{"not_picked":["Thinking Ahead","ReplayUltimateDefense"],"picked":"expansioncontent:StudyTheSpire","floor":4.0},{"not_picked":["Dodge and Roll","Cloak And Dagger","Accuracy"],"picked":"SKIP","floor":5.0},{"not_picked":["Envenom","Dagger Spray","Eviscerate"],"picked":"SKIP","floor":6.0},{"not_picked":["Hidden Blade","Slice","ReplayTheSpireMod:The Works"],"picked":"SKIP","floor":8.0},{"not_picked":["Poisoned Stab","PiercingWail"],"picked":"Prepared","floor":10.0},{"not_picked":["Quick Slash","Prepared"],"picked":"Escape Plan","floor":14.0},{"not_picked":["Unload","Envenom"],"picked":"Poison Darts","floor":16.0},{"not_picked":["Hidden Blade","Dash+1","Acrobatics"],"picked":"SKIP","floor":18},{"not_picked":["Calculated Gamble+1","Dagger Throw"],"picked":"ReplayTheSpireMod:Speed Training","floor":19},{"not_picked":["PiercingWail+1","Expertise","hubris:TrickCloak"],"picked":"SKIP","floor":21}],"player_experience":880941,"relics_obtained":[{"floor":2.0,"key":"Oddly Smooth Stone"},{"floor":6.0,"key":"Eternal Feather"},{"floor":9.0,"key":"Art of War"},{"floor":10.0,"key":"hubris:OldNail"}],"event_choices":[{"damage_healed":0.0,"max_hp_gain":0.0,"max_hp_loss":0.0,"gold_gain":0.0,"event_name":"Shining Light","player_choice":"Entered Light","floor":3.0,"gold_loss":0.0,"damage_taken":14.0,"cards_upgraded":["Strike_G","ReplayTheSpireMod:Tripwire"]},{"cards_removed":["Strike_G"],"damage_healed":0.0,"max_hp_gain":0.0,"max_hp_loss":0.0,"gold_gain":0.0,"event_name":"The Cleric","player_choice":"Card Removal","floor":12.0,"gold_loss":50.0,"damage_taken":0.0},{"damage_healed":0.0,"max_hp_gain":0.0,"max_hp_loss":0.0,"gold_gain":0.0,"event_name":"The Woman in Blue","player_choice":"Bought 2 Potions","floor":13.0,"gold_loss":0.0,"damage_taken":0.0},{"damage_healed":0,"gold_gain":0,"player_choice":"Smashed Altar","damage_taken":0,"max_hp_gain":0,"max_hp_loss":0,"event_name":"Forgotten Altar","floor":20,"gold_loss":0,"cards_obtained":["Decay"]},{"damage_healed":0,"gold_gain":0,"player_choice":"Ignored","damage_taken":0,"max_hp_gain":0,"max_hp_loss":0,"event_name":"The Mausoleum","floor":22,"gold_loss":0}],"is_beta":false,"boss_relics":[{"not_picked":["Ring of the Serpent","Pandora\u0027s Box"],"picked":"Empty Cage"}],"items_purged_floors":[],"is_endless":false,"potions_floor_spawned":[1,5,10,14,19,21],"killed_by":"Replay:Snechameleon","ascension_level":12}}