{"host":"ygfasg9u7olr7skw","time":1610639251,"event":{"mods":["AchievementEnabler","BaseMod","Better Note","Better Vampires","Colored Powertips","Minty Spire (QoL Compilation)","Replay The Spire","Spicy Shops","StSLib","The IronCluck"],"gold_per_floor":[119,62,62,76,151,24,38,38,62,81,4,16,32,51,51,146,146,157,57,67,87,99,99,99,99],"floor_reached":24,"language":"ENG","playtime":1448,"items_purged":["Strike_B","Strike_B"],"score":292,"play_id":"334591ac-c9f6-483e-ba66-4ac9a05af143","local_time":"20210114104731","is_ascension_mode":false,"campfire_choices":[{"floor":8,"key":"REST"},{"floor":15,"key":"REST"},{"floor":23,"key":"REST"}],"circlet_count":0,"master_deck":["Strike_B","Strike_B","Defend_B","Defend_B","Defend_B","Defend_B","Zap","Dualcast","Genetic Algorithm","Defragment+1","Gash","Gash","Go for the Eyes","Rebound","Steam","Beam Cell","ReplayGash"],"relics":["Cracked Core","Anchor","Pen Nib","Cauldron","Runic Pyramid"],"acts_visited":["Exordium","TheCity"],"potions_floor_usage":[24,24],"damage_taken":[{"damage":1,"enemies":"Cultist","floor":1,"turns":3},{"damage":2,"enemies":"Small Slimes","floor":4,"turns":4},{"damage":0,"enemies":"2 Louse","floor":7,"turns":2},{"damage":0,"enemies":"Blue Slaver","floor":10,"turns":3},{"damage":3,"enemies":"Large Slime","floor":12,"turns":3},{"damage":2,"enemies":"Exordium Wildlife","floor":13,"turns":5},{"damage":10,"enemies":"Exordium Thugs","floor":14,"turns":4},{"damage":39,"enemies":"Slime Boss","floor":16,"turns":9},{"damage":4,"enemies":"Spheric Guardian","floor":18,"turns":4},{"damage":0,"enemies":"Chosen","floor":20,"turns":6},{"damage":12,"enemies":"Snake Plant","floor":21,"turns":5},{"damage":19,"enemies":"Shelled Parasite and Fungi","floor":22,"turns":6},{"damage":0,"enemies":"Chosen and Byrds","floor":24,"turns":4}],"seed_played":"308379199981343110","potions_obtained":[{"floor":1,"key":"Energy Potion"},{"floor":11,"key":"DuplicationPotion"},{"floor":11,"key":"LiquidMemories"},{"floor":11,"key":"EntropicBrew"},{"floor":12,"key":"Ancient Potion"},{"floor":21,"key":"Swift Potion"}],"is_trial":true,"path_per_floor":["M","$","?","M","?","$","M","R","T","M","$","M","M","M","R","B",null,"M","$","M","M","M","R","M"],"character_chosen":"DEFECT","items_purchased":["Defragment+1","Gash","Cauldron"],"campfire_rested":3,"item_purchase_floors":[2,6,11],"current_hp_per_floor":[74,74,49,47,36,36,36,58,58,58,58,55,53,43,65,26,75,71,71,71,59,40,62,62,62],"gold":99,"neow_bonus":"","is_daily":false,"chose_seed":false,"campfire_upgraded":0,"win_rate":0.0,"timestamp":1610639251,"path_taken":["M","?","?","M","?","$","M","R","T","M","?","M","M","M","R","BOSS","M","$","M","M","M","R","M"],"items_purchased_type":["Card","Card","Relic"],"build_version":"2020-12-22","purchased_purges":2,"victory":false,"max_hp_per_floor":[75,75,75,75,75,75,75,75,75,75,75,75,75,75,75,75,75,75,75,75,75,75,75,75,75],"card_choices":[{"not_picked":["Leap","Time Bomb"],"picked":"Genetic Algorithm","floor":1},{"not_picked":["Hologram","Glacier"],"picked":"Gash","floor":4},{"not_picked":["ReplayTheSpireMod:Repulse","Sweeping Beam"],"picked":"Go for the Eyes","floor":7},{"not_picked":["Steam","Hologram"],"picked":"Rebound","floor":10},{"not_picked":["Compile Driver","ReplayTheSpireMod:Reroute Power"],"picked":"Steam","floor":12},{"not_picked":["Streamline","Genetic Algorithm"],"picked":"Beam Cell","floor":13},{"not_picked":["FTL","BasicCrystalCard","Genetic Algorithm"],"picked":"SKIP","floor":14},{"not_picked":["Genetic Algorithm","Compile Driver","Streamline"],"picked":"SKIP","floor":18},{"not_picked":["Beam Cell+1","Stack"],"picked":"ReplayGash","floor":20},{"not_picked":["ReplayTheSpireMod:System Scan","Turbo","Loop"],"picked":"SKIP","floor":21},{"not_picked":["ReplaySort+1","ReplaySolidLightProjector","Coolheaded"],"picked":"SKIP","floor":22}],"player_experience":283812,"relics_obtained":[{"floor":9,"key":"Pen Nib"}],"event_choices":[{"damage_healed":0,"gold_gain":0,"player_choice":"Success","damage_taken":25,"relics_obtained":["Anchor"],"max_hp_gain":0,"max_hp_loss":0,"event_name":"Scrap Ooze","floor":3,"gold_loss":0},{"damage_healed":0,"gold_gain":75,"player_choice":"Gather Gold","damage_taken":11,"max_hp_gain":0,"max_hp_loss":0,"event_name":"World of Goop","floor":5,"gold_loss":0}],"is_beta":false,"boss_relics":[{"not_picked":["Astrolabe","Snecko Heart"],"picked":"Runic Pyramid"}],"items_purged_floors":[6,19],"is_endless":true,"potions_floor_spawned":[1,12,16,21],"killed_by":"Chosen and Byrds","ascension_level":0}}