{"host":"qik6c64y69p9jmph","time":1610607231,"event":{"mods":["AchievementEnabler","BaseMod","BetterRewards","Highlight Path","Minty Spire (QoL Compilation)","Quick Restart","Replay The Spire","StSLib","Synergy Search"],"gold_per_floor":[117,117,141,161,177,177,213,213,213,213,213,213],"floor_reached":11,"language":"ENG","playtime":526,"items_purged":[],"score":88,"play_id":"6e69b458-2e14-49d4-87ee-36aebe1dea3e","local_time":"20210114015351","is_ascension_mode":true,"campfire_choices":[{"data":"Dark Embrace","floor":6,"key":"SMITH"},{"floor":10,"key":"REST"}],"circlet_count":0,"master_deck":["Strike_R","Strike_R","Strike_R","Strike_R","Strike_R","Defend_R","Defend_R","Defend_R","Defend_R","Bash","Defy Death","Injury","Dark Embrace+1","Power Through","Parasite"],"relics":["Burning Blood","Ring of Peace","Golden Idol","Oddly Smooth Stone"],"acts_visited":["Exordium"],"potions_floor_usage":[7],"damage_taken":[{"damage":0,"enemies":"Small Slimes","floor":1,"turns":4},{"damage":0,"enemies":"Jaw Worm","floor":3,"turns":5},{"damage":0,"enemies":"Cultist","floor":4,"turns":4},{"damage":16,"enemies":"3 Louse","floor":5,"turns":5},{"damage":65,"enemies":"3 Sentries","floor":7,"turns":16},{"damage":53,"enemies":"Gremlin Nob","floor":11,"turns":7}],"seed_played":"9193510629857404379","potions_obtained":[{"floor":1,"key":"SpeedPotion"},{"floor":4,"key":"Swift Potion"}],"is_trial":false,"path_per_floor":["M","?","M","M","M","R","E","?","T","R","E"],"character_chosen":"IRONCLAD","items_purchased":[],"campfire_rested":1,"item_purchase_floors":[],"current_hp_per_floor":[78,78,80,80,70,70,11,31,31,55,2,2],"gold":213,"neow_bonus":"","is_daily":false,"chose_seed":false,"campfire_upgraded":1,"win_rate":0.0,"timestamp":1610607231,"path_taken":["M","?","M","M","M","R","E","?","T","R","E"],"items_purchased_type":[],"build_version":"2020-12-22","purchased_purges":0,"victory":false,"max_hp_per_floor":[80,80,80,80,80,80,80,80,80,80,80,80],"card_choices":[{"not_picked":["Heavy Blade","Flex"],"picked":"Defy Death","floor":1},{"not_picked":["Rage","Thunderclap","Pommel Strike"],"picked":"SKIP","floor":3},{"not_picked":["Flex","Sword Boomerang","Run Through"],"picked":"SKIP","floor":4},{"not_picked":["Clash","Pommel Strike"],"picked":"Dark Embrace","floor":5},{"not_picked":["Run Through","Bludgeon"],"picked":"Power Through","floor":7}],"player_experience":491317,"relics_obtained":[{"floor":7,"key":"Oddly Smooth Stone"}],"event_choices":[{"damage_healed":0,"gold_gain":0,"player_choice":"Take Wound","damage_taken":0,"relics_obtained":["Golden Idol"],"max_hp_gain":0,"max_hp_loss":0,"event_name":"Golden Idol","floor":2,"gold_loss":0,"cards_obtained":["Injury"]},{"damage_healed":20,"gold_gain":0,"player_choice":"Healed and dodged fight","damage_taken":0,"max_hp_gain":0,"max_hp_loss":0,"event_name":"Mushrooms","floor":8,"gold_loss":0,"cards_obtained":["Parasite"]}],"is_beta":false,"boss_relics":[],"items_purged_floors":[],"is_endless":false,"potions_floor_spawned":[1,4],"killed_by":"Gremlin Nob","ascension_level":4}}