{"host":"uceopoba4zvqsgiy","time":1610582762,"event":{"mods":["Act Like it!","BaseMod","Better Skull","Better Third Choice","Elementarium","Evolution","GifTheSpireLib","Hermit","Humility","Infinite Spire","Jorbs\u0027s Wanderer Trilogy","Marked Mod","Minty Spire (QoL Compilation)","Potionbrewer","Replay The Spire","Robot Space Explorer","Shade Mod","Spicy Shops","StSLib","Stuff the Spire","The Blue Laboratory","The Caster","The Cursed","The Dragon Tamer","The Hierophant","The Judge","The Jungle","Wandering Minibosses"],"gold_per_floor":[117,67,43,57,57,57,142,174,227,237,263,148,25,41,41,152,152,152,152],"floor_reached":18,"language":"ENG","playtime":2105,"items_purged":[],"score":212,"play_id":"0511606a-9cdc-40c7-8519-cb273732a72a","local_time":"20210114103602","is_ascension_mode":true,"campfire_choices":[{"floor":6.0,"key":"REST"},{"floor":15,"key":"REST"}],"circlet_count":0,"master_deck":["SashWhip","SashWhip","SashWhip","Strike_P","Defend_P","Defend_P","Defend_P","Defend_P","Eruption","Vigilance","Metamorphosis","JustLucky","PathToVictory","StuffTheSpire:CuriosityCurse","Replay:Battleflow","Parasite","MarkedMod:GracefulMovements","Alpha"],"relics":["PureWater","EVO:Axolotl","betterThird:SlimedRelic","infinitespire:Lucky Rock","Vajra","Replay:Rubber Ducky","Dream Catcher","Ornamental Fan","Prayer Wheel","Replay:Lucky Slots","SlaversCollar"],"acts_visited":["Exordium","TheCity"],"potions_floor_usage":[],"damage_taken":[{"damage":0.0,"enemies":"Small Slimes","floor":1.0,"turns":3.0},{"damage":0.0,"enemies":"2 Louse","floor":4.0,"turns":2.0},{"damage":17.0,"enemies":"Replay:BlueRogue","floor":8.0,"turns":5.0},{"damage":2.0,"enemies":"Jaw Worm","floor":10.0,"turns":3.0},{"damage":0.0,"enemies":"Gremlin Nob","floor":11.0,"turns":2.0},{"damage":8.0,"enemies":"Blue Slaver","floor":14.0,"turns":3.0},{"damage":13,"enemies":"Fading Forest","floor":16,"turns":11},{"damage":84,"enemies":"Spheric Guardian","floor":18,"turns":5}],"seed_played":"-2235959953862274795","potions_obtained":[{"floor":4.0,"key":"blueLaboratory:HorrorPotion"},{"floor":7.0,"key":"Dexterity Potion"},{"floor":7.0,"key":"Ambrosia"},{"floor":11.0,"key":"blueLaboratory:BottledHope"},{"floor":16,"key":"potionbrewer:ToxicPotion"}],"is_trial":false,"path_per_floor":["M","?","$","M","?","R","?","E","T","M","E","$","$","M","R","B",null,"M"],"character_chosen":"WATCHER","items_purchased":["PathToVictory","Prayer Wheel","MarkedMod:GracefulMovements","Replay:Lucky Slots"],"campfire_rested":2,"item_purchase_floors":[3,12,13,13],"current_hp_per_floor":[51,40,40,40,40,61,33,16,16,14,14,14,14,6,27,24,72,0,0],"gold":152,"neow_bonus":"RANDOM_COLORLESS_2","is_daily":false,"chose_seed":false,"campfire_upgraded":0,"win_rate":0.0,"timestamp":1610582762,"path_taken":["M","?","$","M","?","R","?","E","T","M","E","?","$","M","R","BOSS","M"],"items_purchased_type":["Card","Relic","Card","Relic"],"build_version":"2020-12-22","purchased_purges":0,"victory":false,"max_hp_per_floor":[72,72,72,72,72,72,72,72,72,72,72,72,72,72,72,72,72,72,72],"card_choices":[{"not_picked":["Violence","StuffTheSpire:Recharge"],"picked":"Metamorphosis","floor":0.0},{"not_picked":["Replay:AtTheReady","ThirdEye"],"picked":"JustLucky","floor":1.0},{"not_picked":["MarkedMod:Acupuncture","FlyingSleeves","Replay:Cycle"],"picked":"SKIP","floor":4.0},{"not_picked":["Sanctity","BowlingBash","WaveOfTheHand"],"picked":"SKIP","floor":8.0},{"not_picked":["Protect","Replay:ManipulateFuture","FearNoEvil"],"picked":"SKIP","floor":10.0},{"not_picked":["FlurryOfBlows","Replay:Vibes"],"picked":"Replay:Battleflow","floor":11.0},{"not_picked":["EmptyFist","SandsOfTime","Meditate"],"picked":"SKIP","floor":14},{"not_picked":["Evaluate","JustLucky","Study"],"picked":"SKIP","floor":14},{"not_picked":["LessonLearned","Replay:AllIn"],"picked":"Alpha","floor":16}],"player_experience":1672434,"relics_obtained":[{"floor":7.0,"key":"Vajra"},{"floor":8.0,"key":"Replay:Rubber Ducky"},{"floor":9.0,"key":"Dream Catcher"},{"floor":11.0,"key":"Ornamental Fan"}],"event_choices":[{"damage_healed":0.0,"max_hp_gain":0.0,"max_hp_loss":0.0,"gold_gain":0.0,"event_name":"betterThird:BetterGoop","player_choice":"Slimed","floor":2.0,"gold_loss":50.0,"damage_taken":11.0}],"is_beta":false,"boss_relics":[{"not_picked":["Abe\u0027s Treasure","StuffTheSpire:ModemDavis"],"picked":"SlaversCollar"}],"items_purged_floors":[],"is_endless":false,"potions_floor_spawned":[4,10,11,16],"killed_by":"Spheric Guardian","ascension_level":2}}