{"host":"zzgvnd5w85j1s2e6","time":1610614071,"event":{"mods":["Act Like it!","BaseMod","Minty Spire (QoL Compilation)","Quick Restart","SIMod","StSLib","[IsaacMod]ÒÔÈö¼âËþ","vexMod"],"gold_per_floor":[112,112,62,62,77,108,119,146,146,177,177,187,187,198,198,298,298,308,321,420,431,191,225,237,237,283,283,283,309,309,309,309,309,309],"floor_reached":33,"language":"ZHS","playtime":3328,"items_purged":[],"score":435,"play_id":"ae23c066-0674-4b96-a925-7f14931245cd","local_time":"20210114164751","is_ascension_mode":true,"campfire_choices":[{"data":"Noxious Fumes","floor":13.0,"key":"SMITH"},{"floor":15.0,"key":"REST"},{"floor":25,"key":"REST"},{"data":"Terror","floor":28,"key":"SMITH"},{"data":"Tools of the Trade","floor":30,"key":"SMITH"},{"data":"A Thousand Cuts","floor":32,"key":"SMITH"}],"circlet_count":0,"master_deck":["Defend_G","Defend_G","Defend_G","Defend_G","Survivor","Neutralize","EpicFetus","Setup","A Thousand Cuts+1","Backstab","Cloak And Dagger","Noxious Fumes+1","Expertise","Tools of the Trade+1","Terror+1","Quick Slash+1","Outmaneuver+1","Adrenaline","Leg Sweep","Bite","Bite","Bite","Bite","Bite","Deadly Poison+1"],"relics":["Ring of the Snake","HushsDoor","PunchingBag","Nunchaku","Lantern","PreservedInsect","Regal Pillow","vexMod:TanglingVine","TheBible","BelialBook","Bag of Preparation","GuppysTail"],"acts_visited":["Exordium","TheCity"],"potions_floor_usage":[],"damage_taken":[{"damage":0.0,"enemies":"Small Slimes","floor":1.0,"turns":4.0},{"damage":13.0,"enemies":"Jaw Worm","floor":5.0,"turns":4.0},{"damage":26.0,"enemies":"Gremlin Nob","floor":6.0,"turns":5.0},{"damage":0.0,"enemies":"Cultist","floor":7.0,"turns":3.0},{"damage":0.0,"enemies":"3 Sentries","floor":8.0,"turns":1.0},{"damage":7.0,"enemies":"Gremlin Nob","floor":10.0,"turns":3.0},{"damage":12.0,"enemies":"Exordium Wildlife","floor":12.0,"turns":3.0},{"damage":8.0,"enemies":"Looter","floor":14.0,"turns":4.0},{"damage":45.0,"enemies":"Slime Boss","floor":16.0,"turns":8.0},{"damage":14.0,"enemies":"3 Byrds","floor":18.0,"turns":4.0},{"damage":9.0,"enemies":"Shell Parasite","floor":19.0,"turns":5.0},{"damage":30.0,"enemies":"Sentry and Sphere","floor":21.0,"turns":5.0},{"damage":2.0,"enemies":"Book of Stabbing","floor":23.0,"turns":4.0},{"damage":2,"enemies":"Centurion and Healer","floor":24,"turns":3},{"damage":13,"enemies":"Gremlin Leader","floor":29,"turns":6},{"damage":57,"enemies":"Collector","floor":33,"turns":5}],"seed_played":"5003745721621393153","potions_obtained":[{"floor":6.0,"key":"AttackPotion"},{"floor":7.0,"key":"Dexterity Potion"},{"floor":8.0,"key":"CunningPotion"},{"floor":18.0,"key":"BlessingOfTheForge"}],"is_trial":false,"path_per_floor":["M","?","?","$","M","E","M","E","T","E","$","M","R","M","R","B",null,"M","M","?","M","$","E","M","R","T","?","R","E","R","T","R","B"],"character_chosen":"THE_SILENT","items_purchased":["TheBible"],"campfire_rested":2,"item_purchase_floors":[22],"current_hp_per_floor":[77,77,77,77,64,38,38,38,38,31,31,19,19,11,49,4,59,45,36,36,6,6,4,2,40,40,40,40,41,41,41,41,0,0],"gold":309,"neow_bonus":"TEN_PERCENT_HP_BONUS","is_daily":false,"chose_seed":false,"campfire_upgraded":4,"win_rate":0.0,"timestamp":1610614071,"path_taken":["M","?","?","?","?","E","M","E","T","E","$","M","R","M","R","BOSS","M","M","?","?","$","E","M","R","T","?","R","E","R","?","R","BOSS"],"items_purchased_type":["Relic"],"build_version":"2020-12-22","purchased_purges":0,"victory":false,"max_hp_per_floor":[77,77,77,77,77,77,77,77,77,77,77,77,77,77,77,77,77,77,77,77,77,77,77,77,77,77,53,53,53,53,53,53,53,53],"card_choices":[{"not_picked":[],"picked":"EpicFetus","floor":0.0},{"not_picked":["Dodge and Roll","Blade Dance"],"picked":"Setup","floor":1.0},{"not_picked":["Dagger Throw","Poisoned Stab"],"picked":"Bomb","floor":5.0},{"not_picked":["Tactician","Leg Sweep"],"picked":"A Thousand Cuts","floor":6.0},{"not_picked":["Heel Hook","Slice"],"picked":"Backstab","floor":7.0},{"not_picked":["Crippling Poison","Underhanded Strike"],"picked":"Cloak And Dagger","floor":8.0},{"not_picked":["Acrobatics","Storm of Steel","Reflex"],"picked":"SKIP","floor":10.0},{"not_picked":["Cloak And Dagger","Flying Knee"],"picked":"Noxious Fumes","floor":12.0},{"not_picked":["Outmaneuver","Sucker Punch"],"picked":"Expertise","floor":14.0},{"not_picked":["Bullet Time","Unload"],"picked":"Tools of the Trade","floor":16.0},{"not_picked":["Calculated Gamble","Dodge and Roll"],"picked":"Terror","floor":18.0},{"not_picked":["Cloak And Dagger","Bane"],"picked":"Quick Slash+1","floor":19.0},{"not_picked":["Prepared","Finisher"],"picked":"Outmaneuver+1","floor":21.0},{"not_picked":["Finisher","Setup"],"picked":"Adrenaline","floor":23.0},{"not_picked":["Slice","Prepared"],"picked":"Leg Sweep","floor":24},{"not_picked":["Prepared","Endless Agony"],"picked":"Deadly Poison+1","floor":29}],"player_experience":430644,"relics_obtained":[{"floor":6.0,"key":"Nunchaku"},{"floor":8.0,"key":"Lantern"},{"floor":9.0,"key":"PreservedInsect"},{"floor":10.0,"key":"Regal Pillow"},{"floor":23.0,"key":"BelialBook"},{"floor":29,"key":"Bag of Preparation"},{"floor":31,"key":"GuppysTail"}],"event_choices":[{"damage_healed":0.0,"max_hp_gain":0.0,"max_hp_loss":0.0,"gold_gain":0.0,"cards_transformed":["Strike_G"],"event_name":"Living Wall","player_choice":"Change","floor":2.0,"gold_loss":0.0,"damage_taken":0.0,"cards_obtained":["Bomb"]},{"cards_removed":["Defend_G"],"damage_healed":0.0,"max_hp_gain":0.0,"max_hp_loss":0.0,"gold_gain":0.0,"event_name":"The Cleric","player_choice":"Card Removal","floor":3.0,"gold_loss":50.0,"damage_taken":0.0},{"damage_healed":0.0,"max_hp_gain":0.0,"max_hp_loss":0.0,"gold_gain":99.0,"event_name":"Nest","player_choice":"Stole From Cult","floor":20.0,"gold_loss":0.0,"damage_taken":0.0},{"damage_healed":0,"gold_gain":0,"player_choice":"Became a vampire","damage_taken":0,"max_hp_gain":0,"max_hp_loss":24,"event_name":"Vampires","floor":27,"gold_loss":0,"cards_obtained":["Bite","Bite","Bite","Bite","Bite"]}],"is_beta":false,"boss_relics":[{"not_picked":["Pandora\u0027s Box","vexMod:EndlessSickness"],"picked":"vexMod:TanglingVine"},{"not_picked":[]}],"items_purged_floors":[],"is_endless":false,"potions_floor_spawned":[6,7,8,18,19,23],"killed_by":"Collector","ascension_level":5}}