{"host":"eemx8njkng76fu5x","time":1610583719,"event":{"mods":["2.2 Compatiblity","BaseMod","Downfall","Minty Spire (QoL Compilation)","Permanent Neow","StSLib","Unceasing Turn Reminder","Unknown Chances"],"gold_per_floor":[99,99,157,157,157,182,182,107,121,139,154,164,164,176,186,260,260,260,274,292,202,202,35,61,74,102,122,47,77,2,2,13,92,92,92,112,132,146,146,146,146,146,146,67,67,77,77,97,109,109,109,142,17,17,17],"floor_reached":56,"language":"ENG","playtime":3371,"items_purged":["Slimebound:Split","Slimebound:Strike_Slimebound","Slimebound:Defend_Slimebound"],"score":2344,"play_id":"30c56639-0723-417b-ab83-61643ded7760","local_time":"20210114082159","is_ascension_mode":true,"campfire_choices":[{"floor":1.0,"key":"RECALL"},{"data":"Slimebound:CorrosiveSpit","floor":8.0,"key":"SMITH"},{"data":"Slimebound:SamplingLick","floor":13.0,"key":"SMITH"},{"data":"Slimebound:GrowthPunch","floor":18.0,"key":"SMITH"},{"data":"Slimebound:RejuvenatingLick","floor":28.0,"key":"SMITH"},{"data":"Slimebound:GrowthPunch","floor":30.0,"key":"SMITH"},{"data":"Slimebound:Recollect","floor":35.0,"key":"SMITH"},{"data":"Slimebound:SlimeSpikes","floor":40.0,"key":"SMITH"},{"data":"Slimebound:Defend_Slimebound","floor":43.0,"key":"SMITH"},{"data":"Slimebound:GrowthPunch","floor":45.0,"key":"SMITH"},{"data":"Slimebound:Recycling","floor":47.0,"key":"SMITH"},{"floor":54.0,"key":"REST"}],"circlet_count":0,"master_deck":["AscendersBane","Slimebound:Defend_Slimebound+1","Slimebound:CorrosiveSpit+1","Slimebound:GrowthPunch+1","Slimebound:SlimeSpikes+1","Slimebound:Recollect+1","Slimebound:SamplingLick+1","Slimebound:GrowthPunch+1","Slimebound:RejuvenatingLick+1","Slimebound:LivingWall+1","Slimebound:Chomp+1","Slimebound:SplitSpecialist+1","Slimebound:SamplingLick+1","Slimebound:Recycling+1","Slimebound:GrowthPunch+1"],"relics":["Slimebound:AbsorbEndCombat","downfall:HeartsMalice","PreservedInsect","Anchor","InkBottle","downfall:HeartBlessingRed","Busted Crown","Mercury Hourglass","downfall:HeartBlessingBlue","Bird Faced Urn","downfall:HeartBlessingGreen","Astrolabe","champ:DuelingGlove","HornCleat","Incense Burner"],"acts_visited":["Exordium","TheCity","TheBeyond","TheEnding"],"potions_floor_usage":[55],"damage_taken":[{"damage":0.0,"enemies":"Small Slimes","floor":2.0,"turns":1.0},{"damage":0.0,"enemies":"Lagavulin Event","floor":3.0,"turns":1.0},{"damage":0.0,"enemies":"2 Louse","floor":4.0,"turns":1.0},{"damage":17.0,"enemies":"Lagavulin","floor":6.0,"turns":7.0},{"damage":8.0,"enemies":"Jaw Worm","floor":9.0,"turns":4.0},{"damage":4.0,"enemies":"Lots of Slimes","floor":10.0,"turns":5.0},{"damage":8.0,"enemies":"Red Slaver","floor":11.0,"turns":3.0},{"damage":5.0,"enemies":"Gremlin Gang","floor":12.0,"turns":4.0},{"damage":8.0,"enemies":"2 Fungi Beasts","floor":14.0,"turns":4.0},{"damage":4.0,"enemies":"Exordium Wildlife","floor":15.0,"turns":5.0},{"damage":51.0,"enemies":"downfall:Ironclad","floor":16.0,"turns":13.0},{"damage":20.0,"enemies":"Spheric Guardian","floor":19.0,"turns":7.0},{"damage":15.0,"enemies":"3 Byrds","floor":20.0,"turns":5.0},{"damage":8.0,"enemies":"downfall:FleeingMerchant","floor":21.0,"turns":4.0},{"damage":8.0,"enemies":"downfall:FleeingMerchant","floor":22.0,"turns":9.0},{"damage":0.0,"enemies":"downfall:FleeingMerchant","floor":23.0,"turns":4.0},{"damage":32.0,"enemies":"Sentry and Sphere","floor":25.0,"turns":10.0},{"damage":37.0,"enemies":"Gremlin Leader","floor":26.0,"turns":8.0},{"damage":3.0,"enemies":"Snake Plant","floor":27.0,"turns":4.0},{"damage":37.0,"enemies":"Slavers","floor":29.0,"turns":8.0},{"damage":0.0,"enemies":"Cultist and Chosen","floor":32.0,"turns":8.0},{"damage":0.0,"enemies":"downfall:Silent","floor":33.0,"turns":8.0},{"damage":4.0,"enemies":"3 Darklings","floor":36.0,"turns":5.0},{"damage":4.0,"enemies":"Orb Walker","floor":37.0,"turns":5.0},{"damage":9.0,"enemies":"Jaw Worm Horde","floor":38.0,"turns":5.0},{"damage":4.0,"enemies":"downfall:FleeingMerchant","floor":44.0,"turns":4.0},{"damage":4.0,"enemies":"Writhing Mass","floor":46.0,"turns":5.0},{"damage":15.0,"enemies":"4 Shapes","floor":48.0,"turns":4.0},{"damage":4.0,"enemies":"3 Darklings","floor":49.0,"turns":5.0},{"damage":4.0,"enemies":"downfall:Defect","floor":50.0,"turns":7.0},{"damage":39.0,"enemies":"downfall:CharBossMerchant","floor":52.0,"turns":9.0},{"damage":4,"enemies":"downfall:NeowBoss","floor":55,"turns":19}],"seed_played":"-5180892900236848343","potions_obtained":[{"floor":9.0,"key":"Slimebound:SlimedPotion"},{"floor":10.0,"key":"FearPotion"},{"floor":16.0,"key":"CultistPotion"},{"floor":25.0,"key":"Regen Potion"},{"floor":26.0,"key":"SteroidPotion"},{"floor":27.0,"key":"Fruit Juice"},{"floor":37.0,"key":"PowerPotion"},{"floor":46.0,"key":"BlessingOfTheForge"},{"floor":49.0,"key":"Weak Potion"}],"is_trial":false,"path_per_floor":["R","M","?","M","?","E","T","R","M","M","M","M","R","M","M","B",null,"R","M","M","$","?","$","T","M","E","M","R","E","R","?","M","B",null,"R","M","M","M","?","R","T","?","R","$","R","M","R","M","M","B",null,"E","$","R","B",null],"character_chosen":"SLIMEBOUND","items_purchased":["Slimebound:GrowthPunch","Slimebound:Recycling","HornCleat","Slimebound:GrowthPunch"],"campfire_rested":1,"item_purchase_floors":[23,44,44,44],"current_hp_per_floor":[49,49,49,49,49,48,48,48,54,54,54,54,54,54,54,34,49,49,49,50,54,54,54,54,32,28,37,47,25,25,25,47,69,69,69,69,69,69,69,69,69,69,69,69,69,69,69,64,69,69,69,58,58,69,69],"gold":17,"neow_bonus":"THREE_ENEMY_KILL","is_daily":false,"chose_seed":false,"campfire_upgraded":10,"win_rate":0.0,"timestamp":1610583719,"path_taken":["R","M","?","M","?","E","T","R","M","M","M","M","R","M","M","BOSS","R","M","M","$","?","$","T","M","E","M","R","E","R","?","M","BOSS","R","M","M","M","?","R","T","?","R","$","R","M","R","M","M","BOSS","E","$","R","BOSS"],"items_purchased_type":["Card","Card","Relic","Card"],"build_version":"2020-12-22","purchased_purges":3,"victory":true,"max_hp_per_floor":[54,54,54,54,54,54,54,54,54,54,54,54,54,54,54,54,54,54,54,54,54,54,54,54,54,54,54,64,69,69,69,69,69,69,69,69,69,69,69,69,69,69,69,69,69,69,69,69,69,69,69,69,69,69,69],"card_choices":[{"not_picked":["Slimebound:PressTheAttack","Slimebound:SplitBruiser","Slimebound:FlameTackle"],"picked":"SKIP","floor":2.0},{"not_picked":["Slimebound:AcidTongue","Slimebound:ForwardTackle"],"picked":"Slimebound:GrowthPunch","floor":3.0},{"not_picked":["Slimebound:LeechEnergy","Slimebound:RollThrough"],"picked":"Slimebound:SlimeSpikes","floor":4.0},{"not_picked":["Slimebound:HungryTackle","Slimebound:SplitLeeching"],"picked":"Slimebound:Recollect","floor":6.0},{"not_picked":["Slimebound:GoopTackle","Slimebound:SplitMire","Slimebound:LeechEnergy"],"picked":"SKIP","floor":9.0},{"not_picked":["Slimebound:LeechingTouch","Slimebound:DouseInSlime","Slimebound:ComboTackle"],"picked":"SKIP","floor":10.0},{"not_picked":["Slimebound:LeechEnergy","Slimebound:FirmFortitude"],"picked":"Slimebound:SamplingLick","floor":11.0},{"not_picked":["Slimebound:Replication","Slimebound:Chomp","Slimebound:SlimeBrawl"],"picked":"SKIP","floor":12.0},{"not_picked":["Slimebound:SplitSpecialist","Slimebound:FlameTackle","Slimebound:ComboTackle"],"picked":"SKIP","floor":14.0},{"not_picked":["Slimebound:SplitLeeching","Slimebound:SplitBruiser","Slimebound:PressTheAttack"],"picked":"SKIP","floor":15.0},{"not_picked":["Slimebound:MassFeed","Slimebound:TagTeam"],"picked":"Slimebound:OozeBath","floor":16.0},{"not_picked":["Slimebound:LevelUp+1"],"picked":"SKIP","floor":19.0},{"not_picked":["Slimebound:ViciousTackle"],"picked":"SKIP","floor":20.0},{"not_picked":[],"picked":"Slimebound:Prepare","floor":21.0},{"not_picked":["Slimebound:SamplingLick"],"picked":"SKIP","floor":23.0},{"not_picked":["Slimebound:RollThrough"],"picked":"SKIP","floor":25.0},{"not_picked":[],"picked":"Slimebound:RejuvenatingLick","floor":26.0},{"not_picked":["Slimebound:PressTheAttack"],"picked":"SKIP","floor":27.0},{"not_picked":["Slimebound:GoopSpray"],"picked":"SKIP","floor":29.0},{"not_picked":["Slimebound:SplitAcid"],"picked":"SKIP","floor":32.0},{"not_picked":["Slimebound:ServeAndProtect"],"picked":"SKIP","floor":36.0},{"not_picked":[],"picked":"Slimebound:SamplingLick+1","floor":37.0},{"not_picked":["Slimebound:FlameTackle"],"picked":"SKIP","floor":38.0},{"not_picked":["Slimebound:GoopSpray"],"picked":"SKIP","floor":44.0},{"not_picked":["Slimebound:SplitAcid"],"picked":"SKIP","floor":46.0},{"not_picked":["Slimebound:LeechEnergy"],"picked":"SKIP","floor":48.0},{"not_picked":["Slimebound:MinionMaster"],"picked":"SKIP","floor":49.0},{"not_picked":["Slimebound:Darklings"],"picked":"SKIP","floor":52.0}],"player_experience":482661,"relics_obtained":[{"floor":3.0,"key":"PreservedInsect"},{"floor":6.0,"key":"Anchor"},{"floor":7.0,"key":"InkBottle"},{"floor":26.0,"key":"Mercury Hourglass"},{"floor":29.0,"key":"Bird Faced Urn"},{"floor":41.0,"key":"champ:DuelingGlove"},{"floor":52.0,"key":"Incense Burner"}],"event_choices":[{"cards_removed":["Slimebound:Strike_Slimebound"],"damage_healed":0.0,"max_hp_gain":0.0,"max_hp_loss":0.0,"gold_gain":0.0,"event_name":"The Cleric","player_choice":"Card Removal","floor":5.0,"gold_loss":0.0,"damage_taken":0.0},{"damage_healed":0.0,"max_hp_gain":0.0,"max_hp_loss":0.0,"gold_gain":0.0,"event_name":"Vampires","player_choice":"Ignored","floor":31.0,"gold_loss":0.0,"damage_taken":0.0},{"cards_removed":["Slimebound:Prepare"],"damage_healed":0.0,"max_hp_gain":0.0,"max_hp_loss":0.0,"gold_gain":0.0,"event_name":"Falling","player_choice":"Removed Skill","floor":39.0,"gold_loss":0.0,"damage_taken":0.0}],"is_beta":false,"boss_relics":[{"not_picked":["Runic Pyramid","Philosopher\u0027s Stone"],"picked":"Busted Crown"},{"not_picked":["SacredBark","Fusion Hammer"],"picked":"Astrolabe"}],"items_purged_floors":[21,23,53],"is_endless":false,"potions_floor_spawned":[9,10,11,16,25,26,27,37,46,49],"ascension_level":18}}