{"host":"51fyd6gkml7xavq8","time":1610619936,"event":{"mods":["BaseMod","BetterRewards","Colored Map","Energized Spire","Infinite Spire","Minty Spire (QoL Compilation)","Replay The Spire","Shop Mod","Spicy Shops","StSLib","The Blue Laboratory","[IsaacMod]????"],"gold_per_floor":[109,120,120,131,147,147,147],"floor_reached":6,"language":"ENG","playtime":456,"items_purged":[],"score":49,"play_id":"2a7cf75f-5bac-408b-92ae-30ae8f17e412","local_time":"20210114072536","is_ascension_mode":true,"campfire_choices":[],"circlet_count":0,"master_deck":["Strike_B","Strike_B","Strike_B","Strike_B","Defend_B","Defend_B","Defend_B","Defend_B","Zap","Dualcast","EpicFetus","ReplayTheSpireMod:Brewmster","ReplayTheSpireMod:Fabricate Wheel"],"relics":["Cracked Core","HushsDoor","AnarchistCookbook","Dream Catcher"],"acts_visited":["Exordium"],"potions_floor_usage":[2,4,4,4,5,5,6,6,6,6],"damage_taken":[{"damage":20,"enemies":"Cultist","floor":1,"turns":5},{"damage":7,"enemies":"Jaw Worm","floor":2,"turns":3},{"damage":18,"enemies":"Small Slimes","floor":4,"turns":5},{"damage":1,"enemies":"2 Fungi Beasts","floor":5,"turns":2},{"damage":8,"enemies":"Lagavulin","floor":6,"turns":5}],"seed_played":"-1628311943048148866","potions_obtained":[{"floor":1,"key":"ColorlessPotion"},{"floor":5,"key":"Block Potion"}],"is_trial":false,"path_per_floor":["M","M","?","M","M","E"],"character_chosen":"DEFECT","items_purchased":["ReplayTheSpireMod:Brewmster","ReplayTheSpireMod:Fabricate Wheel"],"campfire_rested":0,"item_purchase_floors":[0,0],"current_hp_per_floor":[34,27,20,2,1,0,0],"gold":147,"neow_bonus":"","is_daily":false,"chose_seed":false,"campfire_upgraded":0,"win_rate":0.0,"timestamp":1610619936,"path_taken":["M","?","?","M","?","E"],"items_purchased_type":["Card","Card"],"build_version":"2020-12-22","purchased_purges":0,"victory":false,"max_hp_per_floor":[75,75,75,75,75,75,75],"card_choices":[{"not_picked":[],"picked":"EpicFetus","floor":0},{"not_picked":["Ball Lightning","Cancel","Streamline"],"picked":"SKIP","floor":1},{"not_picked":["Streamline","Aggregate","Steam Power"],"picked":"SKIP","floor":2},{"not_picked":["Hologram","Steam"],"picked":"Bomb","floor":4},{"not_picked":["Coolheaded","Stack","Panic Button"],"picked":"SKIP","floor":5}],"player_experience":516023,"relics_obtained":[],"event_choices":[{"damage_healed":0,"gold_gain":0,"player_choice":"Success","damage_taken":7,"relics_obtained":["Dream Catcher"],"max_hp_gain":0,"max_hp_loss":0,"event_name":"Scrap Ooze","floor":3,"gold_loss":0}],"is_beta":false,"boss_relics":[],"items_purged_floors":[],"is_endless":false,"potions_floor_spawned":[1,5],"killed_by":"Lagavulin","ascension_level":6}}