{"host":"eu5wvbbtjeiar27l","time":1610630260,"event":{"mods":["Astrologer","BaseMod","Colored Powertips","Conspire","Energized Spire","Hubris","Infinite Spire","Mad Scientist","Melee Mod","Minty Spire (QoL Compilation)","Potionbrewer","Rare Cards Sparkle","StSLib","The Construct","The Factory","The Jungle","The Runesmith","The Valiant","Treasure Hunter","themimic","vexMod"],"gold_per_floor":[114,124,124,137,137,137,137,173,173,187,210,246,246,123,123,252,252,277,293,293,293],"floor_reached":20,"language":"ENG","playtime":1115,"items_purged":[],"score":184,"play_id":"3acb65dd-12ff-4501-89ff-88ab661851fb","local_time":"20210114131740","is_ascension_mode":false,"campfire_choices":[{"data":"construct:ShiftStrike","floor":6,"key":"SMITH"},{"data":"1","floor":15,"key":"LIFT"}],"circlet_count":0,"master_deck":["construct:Strike_Gold","construct:Strike_Gold","construct:Strike_Gold","construct:Strike_Gold","construct:Defend_Gold","construct:Defend_Gold","construct:Defend_Gold","construct:Defend_Gold","construct:AttackMode","construct:DefenseMode","construct:ShiftStrike+1","construct:Accumulate","construct:GuardCore","construct:Accumulate","construct:GuardCore","construct:Hazardproof","construct:Autoturret","construct:CriticalHit","construct:Autoturret","construct:ChargeShot"],"relics":["construct:Cogwheel","hubris:Towel","Golden Idol","Lizard Tail","Girya","infinitespire:Lucky Rock"],"acts_visited":["Exordium","TheCity"],"potions_floor_usage":[10,10],"damage_taken":[{"damage":7,"enemies":"Jaw Worm","floor":1,"turns":4},{"damage":6,"enemies":"Cultist","floor":2,"turns":4},{"damage":8,"enemies":"Small Slimes","floor":4,"turns":4},{"damage":31,"enemies":"3 Sentries","floor":8,"turns":6},{"damage":7,"enemies":"Gremlin Gang","floor":10,"turns":5},{"damage":22,"enemies":"Large Slime","floor":11,"turns":5},{"damage":16,"enemies":"Gremlin Nob","floor":12,"turns":4},{"damage":49,"enemies":"Slime Boss","floor":16,"turns":7},{"damage":28,"enemies":"Spheric Guardian","floor":18,"turns":5},{"damage":45,"enemies":"Shell Parasite","floor":19,"turns":8},{"damage":16,"enemies":"Snecko","floor":20,"turns":3}],"seed_played":"4306397483178039131","potions_obtained":[{"floor":2,"key":"Regen Potion"},{"floor":8,"key":"Regen Potion"},{"floor":11,"key":"potionbrewer:CleansingPotion"},{"floor":18,"key":"SpeedPotion"}],"is_trial":false,"path_per_floor":["M","M","?","M","?","R","?","E","T","M","M","E","?","$","R","B",null,"M","M","M"],"character_chosen":"THE_CONSTRUCT_MOD","items_purchased":["construct:Autoturret","construct:CriticalHit"],"campfire_rested":0,"item_purchase_floors":[14,14],"current_hp_per_floor":[78,72,72,64,64,64,43,12,12,39,17,1,1,1,1,47,85,57,12,0,0],"gold":293,"neow_bonus":"TRANSFORM_CARD","is_daily":false,"chose_seed":false,"campfire_upgraded":1,"win_rate":0.0,"timestamp":1610630260,"path_taken":["M","M","?","?","?","R","?","E","T","M","M","E","?","$","R","BOSS","M","?","M"],"items_purchased_type":["Card","Card"],"build_version":"2020-12-22","purchased_purges":0,"victory":false,"max_hp_per_floor":[85,85,85,85,85,85,85,85,85,85,85,85,85,85,85,85,85,85,85,85,85],"card_choices":[{"not_picked":["construct:Disrupt","construct:Reinforce","construct:OneWayMirror"],"picked":"SKIP","floor":1},{"not_picked":["construct:FocusedBeam","construct:CriticalHit","construct:UnbalancingBlast"],"picked":"SKIP","floor":2},{"not_picked":["construct:Isolate","construct:FocusedBeam","construct:ShiftGuard"],"picked":"SKIP","floor":4},{"not_picked":["construct:Anticipate","construct:SweepLaser"],"picked":"construct:GuardCore","floor":8},{"not_picked":["TH:ArmorSpikes","TH:PixieDust"],"picked":"SKIP","floor":8},{"not_picked":["TH:BikiniMail","TH:DeckOfManyThings"],"picked":"SKIP","floor":9},{"not_picked":["construct:Overcharge","construct:HeavyBolt","construct:SuppressiveFire"],"picked":"SKIP","floor":10},{"not_picked":["construct:Reinforce","construct:Backfire"],"picked":"construct:Accumulate","floor":11},{"not_picked":["construct:HardReboot","construct:FierceBash"],"picked":"construct:GuardCore","floor":12},{"not_picked":["TH:PixieDust","TH:CopperCoins"],"picked":"SKIP","floor":12},{"not_picked":["construct:BatteryAcid","construct:Accumulate"],"picked":"construct:Autoturret","floor":18},{"not_picked":["construct:FocusedBeam","construct:Backfire"],"picked":"construct:ChargeShot","floor":19}],"player_experience":162659,"relics_obtained":[{"floor":8,"key":"Lizard Tail"},{"floor":9,"key":"Girya"},{"floor":12,"key":"infinitespire:Lucky Rock"}],"event_choices":[{"damage_healed":0,"gold_gain":0,"player_choice":"1 cards matched","damage_taken":0,"max_hp_gain":0,"max_hp_loss":0,"event_name":"Match and Keep!","floor":3,"gold_loss":0,"cards_obtained":["construct:Accumulate"]},{"damage_healed":0,"gold_gain":0,"player_choice":"Take Damage","damage_taken":21,"relics_obtained":["Golden Idol"],"max_hp_gain":0,"max_hp_loss":0,"event_name":"Golden Idol","floor":7,"gold_loss":0},{"damage_healed":0,"gold_gain":0,"cards_transformed":["construct:Defend_Gold"],"player_choice":"Transformed","damage_taken":0,"max_hp_gain":0,"max_hp_loss":0,"event_name":"Transmorgrifier","floor":13,"gold_loss":0,"cards_obtained":["construct:Hazardproof"]}],"is_beta":false,"boss_relics":[{"not_picked":["vexMod:TanglingVine","SacredBark","Ectoplasm"]}],"items_purged_floors":[],"is_endless":false,"potions_floor_spawned":[2,8,11,18],"killed_by":"Snecko","ascension_level":0}}