{"host":"jpzdg3po3tjxdjri","time":1610655219,"event":{"mods":["BaseMod","Better Third Choice","Colored Map","Colored Powertips","Minty Spire (QoL Compilation)","StSLib"],"gold_per_floor":[116,130,20,35,47,82,82,111,111,111,111],"floor_reached":10,"language":"ENG","playtime":298,"items_purged":[],"score":107,"play_id":"42d962bb-a78a-41e2-95de-035100442e0e","local_time":"20210114201339","is_ascension_mode":true,"campfire_choices":[],"circlet_count":0,"master_deck":["Strike_R","Strike_R","Strike_R","Strike_R","Strike_R","Defend_R","Defend_R","Defend_R","Defend_R","Bash","Twin Strike","Pummel","Whirlwind","Spot Weakness","Sword Boomerang","Ghostly Armor","Evolve+1","Seeing Red"],"relics":["Burning Blood","Molten Egg 2","Pen Nib","Ornamental Fan"],"acts_visited":["Exordium"],"potions_floor_usage":[10,10],"damage_taken":[{"damage":2,"enemies":"2 Louse","floor":1,"turns":3},{"damage":6,"enemies":"Cultist","floor":2,"turns":3},{"damage":8,"enemies":"Jaw Worm","floor":4,"turns":3},{"damage":10,"enemies":"Looter","floor":5,"turns":2},{"damage":26,"enemies":"3 Sentries","floor":6,"turns":6},{"damage":30,"enemies":"Gremlin Nob","floor":8,"turns":4},{"damage":30,"enemies":"Lagavulin","floor":10,"turns":6}],"seed_played":"-8066505275955706158","potions_obtained":[{"floor":2,"key":"SkillPotion"},{"floor":6,"key":"DuplicationPotion"}],"is_trial":false,"path_per_floor":["M","M","$","M","M","E","?","E","T","E"],"character_chosen":"IRONCLAD","items_purchased":["Whirlwind","Fire Breathing"],"campfire_rested":0,"item_purchase_floors":[3,3],"current_hp_per_floor":[76,76,76,74,70,50,50,26,26,0,0],"gold":111,"neow_bonus":"TWENTY_PERCENT_HP_BONUS","is_daily":false,"chose_seed":false,"campfire_upgraded":0,"win_rate":0.0,"timestamp":1610655219,"path_taken":["M","M","$","M","M","E","?","E","T","E"],"items_purchased_type":["Card","Card"],"build_version":"2020-12-22","purchased_purges":0,"victory":false,"max_hp_per_floor":[96,96,96,96,96,96,96,96,96,96,96],"card_choices":[{"not_picked":["Havoc","Iron Wave"],"picked":"Twin Strike","floor":1},{"not_picked":["Disarm","Burning Pact"],"picked":"Pummel","floor":2},{"not_picked":["Rampage","Flame Barrier"],"picked":"Spot Weakness","floor":4},{"not_picked":["Iron Wave","True Grit"],"picked":"Sword Boomerang","floor":5},{"not_picked":["Clash+1","Disarm"],"picked":"Ghostly Armor","floor":6},{"not_picked":["Warcry","Infernal Blade"],"picked":"Seeing Red","floor":8}],"player_experience":833764,"relics_obtained":[{"floor":6,"key":"Molten Egg 2"},{"floor":8,"key":"Pen Nib"},{"floor":9,"key":"Ornamental Fan"}],"event_choices":[{"cards_removed":["Fire Breathing"],"damage_healed":0,"gold_gain":0,"player_choice":"Took Card","damage_taken":0,"max_hp_gain":0,"max_hp_loss":0,"event_name":"NoteForYourself","floor":7,"gold_loss":0,"cards_obtained":["Evolve"]}],"is_beta":false,"boss_relics":[],"items_purged_floors":[],"is_endless":false,"potions_floor_spawned":[2,6],"killed_by":"Lagavulin","ascension_level":1}}