{"host":"oehe2dxjvdgux73m","time":1610589675,"event":{"mods":["AchievementEnabler","BaseMod","Colored Map","Colored Powertips","DeckTracker","Keyboard Shortcuts","Minty Spire (QoL Compilation)","Permanent Neow","Quick Restart","StSLib","SuperFastMode"],"gold_per_floor":[119,131,131,131,151,182,182,198,225,241,251,281,24,37,37,133,133,146,146,146,164,64,64,64],"floor_reached":23,"language":"KOR","playtime":2032,"items_purged":["Strike_R","Strike_R"],"score":284,"play_id":"57e1aa9c-3ac4-4db2-806a-9837dfee8cb1","local_time":"20210114110115","is_ascension_mode":true,"campfire_choices":[{"floor":7.0,"key":"REST"},{"data":"Double Tap","floor":15.0,"key":"SMITH"}],"circlet_count":0,"master_deck":["Defend_R","Defend_R","Defend_R","Defend_R","Wild Strike+1","Shockwave","Disarm","Havoc","Exhume","Shrug It Off","Armaments","Double Tap+1","Dark Embrace","Shrug It Off","Fiend Fire","True Grit","Iron Wave","Heavy Blade"],"relics":["Burning Blood","Bag of Preparation","Nunchaku","Centennial Puzzle","Happy Flower","Mark of Pain"],"acts_visited":["TheCity"],"potions_floor_usage":[],"damage_taken":[{"damage":2.0,"enemies":"Small Slimes","floor":1.0,"turns":4.0},{"damage":12.0,"enemies":"Jaw Worm","floor":2.0,"turns":3.0},{"damage":3.0,"enemies":"Cultist","floor":5.0,"turns":3.0},{"damage":50.0,"enemies":"Gremlin Nob","floor":6.0,"turns":5.0},{"damage":13.0,"enemies":"Blue Slaver","floor":8.0,"turns":3.0},{"damage":5.0,"enemies":"Looter","floor":10.0,"turns":4.0},{"damage":0.0,"enemies":"3 Louse","floor":11.0,"turns":4.0},{"damage":27.0,"enemies":"3 Sentries","floor":12.0,"turns":9.0},{"damage":1.0,"enemies":"2 Fungi Beasts","floor":14.0,"turns":3.0},{"damage":17.0,"enemies":"The Guardian","floor":16.0,"turns":22.0},{"damage":21.0,"enemies":"3 Byrds","floor":18.0,"turns":9.0},{"damage":5.0,"enemies":"Shell Parasite","floor":21.0,"turns":7.0},{"damage":67,"enemies":"Book of Stabbing","floor":23,"turns":9}],"seed_played":"-1824132372986430287","potions_obtained":[{"floor":1.0,"key":"SpeedPotion"},{"floor":2.0,"key":"SpeedPotion"},{"floor":6.0,"key":"Dexterity Potion"},{"floor":11.0,"key":"LiquidMemories"},{"floor":12.0,"key":"Fire Potion"},{"floor":18.0,"key":"Weak Potion"}],"is_trial":false,"path_per_floor":["M","M","?","?","M","E","R","M","T","M","M","E","$","M","R","B",null,"M","?","?","M","$","E"],"character_chosen":"IRONCLAD","items_purchased":["Dark Embrace","Happy Flower"],"campfire_rested":1,"item_purchase_floors":[13,13],"current_hp_per_floor":[76,70,70,70,73,29,53,46,46,47,53,32,32,37,37,26,67,52,52,52,53,53,0,0],"gold":64,"neow_bonus":"TRANSFORM_CARD","is_daily":false,"chose_seed":false,"campfire_upgraded":1,"win_rate":0.0,"timestamp":1610589675,"path_taken":["M","M","?","?","?","E","R","M","T","M","M","E","$","M","R","BOSS","M","?","?","M","$","E"],"items_purchased_type":["Card","Relic"],"build_version":"2020-12-22","purchased_purges":2,"victory":false,"max_hp_per_floor":[80,80,80,80,80,80,80,80,80,80,80,80,80,80,80,80,80,80,80,80,80,80,80,80],"card_choices":[{"not_picked":["Ghostly Armor","Rupture","Clash"],"picked":"SKIP","floor":1.0},{"not_picked":["Clash","Seeing Red"],"picked":"Shockwave","floor":2.0},{"not_picked":["Headbutt","Rupture"],"picked":"Havoc","floor":5.0},{"not_picked":["Clothesline","Clash"],"picked":"Exhume","floor":6.0},{"not_picked":["Warcry","Cleave"],"picked":"Shrug It Off","floor":8.0},{"not_picked":["Dropkick","Blood for Blood"],"picked":"Armaments","floor":10.0},{"not_picked":["True Grit","Perfected Strike","Cleave"],"picked":"SKIP","floor":11.0},{"not_picked":["Clash","Pommel Strike"],"picked":"Double Tap","floor":12.0},{"not_picked":["Thunderclap","Sword Boomerang"],"picked":"Shrug It Off","floor":14.0},{"not_picked":["Double Tap","Juggernaut"],"picked":"Fiend Fire","floor":16.0},{"not_picked":["Heavy Blade","Sword Boomerang+1"],"picked":"True Grit","floor":18.0},{"not_picked":["Heavy Blade+1","Cleave","Reckless Charge"],"picked":"SKIP","floor":21.0}],"player_experience":167142,"relics_obtained":[{"floor":6.0,"key":"Bag of Preparation"},{"floor":9.0,"key":"Nunchaku"},{"floor":12.0,"key":"Centennial Puzzle"}],"event_choices":[{"damage_healed":0.0,"max_hp_gain":0.0,"max_hp_loss":0.0,"gold_gain":0.0,"cards_transformed":["Bash"],"event_name":"Living Wall","player_choice":"Change","floor":3.0,"gold_loss":0.0,"damage_taken":0.0,"cards_obtained":["Disarm"]},{"damage_healed":0.0,"max_hp_gain":0.0,"max_hp_loss":0.0,"gold_gain":0.0,"event_name":"Upgrade Shrine","player_choice":"Upgraded","floor":4.0,"gold_loss":0.0,"damage_taken":0.0,"cards_upgraded":["Wild Strike"]},{"damage_healed":0.0,"max_hp_gain":0.0,"max_hp_loss":0.0,"gold_gain":0.0,"cards_transformed":["Strike_R","Strike_R"],"event_name":"Drug Dealer","player_choice":"Became Test Subject","floor":19.0,"gold_loss":0.0,"damage_taken":0.0,"cards_obtained":["Iron Wave","Heavy Blade"]},{"damage_healed":0.0,"max_hp_gain":0.0,"max_hp_loss":0.0,"gold_gain":0.0,"event_name":"Ghosts","player_choice":"Ignored","floor":20.0,"gold_loss":0.0,"damage_taken":0.0}],"is_beta":false,"boss_relics":[{"not_picked":["Velvet Choker","SacredBark"],"picked":"Mark of Pain"}],"items_purged_floors":[13,22],"is_endless":false,"potions_floor_spawned":[1,2,6,11,12,18],"killed_by":"Book of Stabbing","ascension_level":8}}