{"host":"d7fiu2yjkssjxoz6","time":1610667323,"event":{"mods":["AchievementEnabler","BaseMod","Duelist Mod","GifTheSpireLib","Minty Spire (QoL Compilation)","StSLib"],"gold_per_floor":[135,153,168,180,231,261,261,296,296,296,296,322,322,341,341,440,440,451,471,347,347,366,395,395,345,345,395,406,419,452,492,492,595,645,657,657,737,771,771,771,807,547,547,588,588,619,619,632,632,632,632,632,0,27,27,27],"floor_reached":55,"language":"ENG","playtime":4764,"items_purged":[],"score":924,"play_id":"46bbeb5a-1fc4-4e9d-859e-bccbcba5bb3c","local_time":"20210114153523","is_ascension_mode":false,"campfire_choices":[{"data":"theDuelist:MiraculousDescent","floor":7.0,"key":"SMITH"},{"floor":13,"key":"RECALL"},{"data":"theDuelist:ElectromagneticShield","floor":15,"key":"SMITH"},{"data":"theDuelist:AssaultArmor","floor":24,"key":"SMITH"},{"data":"theDuelist:KamionTimelord","floor":32,"key":"SMITH"},{"floor":40,"key":"REST"},{"data":"theDuelist:AmuletAmbition","floor":45,"key":"SMITH"},{"floor":47,"key":"REST"},{"floor":49,"key":"REST"},{"data":"Mayhem","floor":52,"key":"SMITH"}],"circlet_count":0,"master_deck":["theDuelist:ImperialOrder","theDuelist:SpiralSpearStrike","theDuelist:GiantSoldier","theDuelist:Tuningware","theDuelist:MagicalStone","theDuelist:ScrapFactory+1","theDuelist:Sangan","theDuelist:SwordsConcealing+1","theDuelist:EarthquakeGiant","theDuelist:LegendarySword+1","theDuelist:ElectromagneticShield+1","theDuelist:KamionTimelord+1","theDuelist:GiantSoldier","theDuelist:DarkFactory","theDuelist:CastleWalls","theDuelist:BeaverWarrior","theDuelist:GravityBlaster","theDuelist:Tuningware","theDuelist:MiraculousDescent+1","theDuelist:CastleWalls","theDuelist:Sparks","theDuelist:FinalFlame","theDuelist:BattleguardKing","theDuelist:AssaultArmor+1","theDuelist:InstantFusion","theDuelist:BeaverWarrior","theDuelist:FusionFire","theDuelist:AmuletAmbition+1","theDuelist:Reinforcements","theDuelist:MeteorDestruction+1","theDuelist:MagnumShield+1","theDuelist:YellowBelliedOni+1","theDuelist:RainbowKuriboh","theDuelist:ScrapFactory+1","theDuelist:FrontierWiseman+1","theDuelist:CrystalRaigeki","Mayhem+1","theDuelist:Terraforming","Parasite","theDuelist:Blockman+1","theDuelist:AssaultArmor+1","theDuelist:MeteorDestruction+1","theDuelist:WingedKuriboh+1","theDuelist:GravityLash+1","theDuelist:PsychicShockwave+1","theDuelist:YamiForm","Dark Shackles+1"],"relics":["theDuelist:MillenniumPuzzle","theDuelist:CardPoolRelic","theDuelist:CardPoolBasicRelic","theDuelist:BoosterPackPoolRelic","theDuelist:CardPoolAddRelic","theDuelist:CardPoolMinusRelic","theDuelist:CardPoolSaveRelic","theDuelist:CardPoolOptionsRelic","theDuelist:BoosterBetterBoostersRelic","Blood Vial","theDuelist:SolderToken","theDuelist:DuelistLetterOpener","Philosopher\u0027s Stone","theDuelist:DuelistLetterOpener","theDuelist:KaibaToken","Pear","Matryoshka","Tingsha","Tiny House","Prayer Wheel","theDuelist:ZoneToken","Bottled Lightning","Molten Egg 2","Shuriken","OrangePellets","theDuelist:MillenniumPrayerbook"],"acts_visited":["Exordium","TheCity","TheBeyond","TheEnding"],"potions_floor_usage":[37,50,54,55,55],"damage_taken":[{"damage":0.0,"enemies":"2 Louse","floor":1.0,"turns":3.0},{"damage":0.0,"enemies":"Small Slimes","floor":2.0,"turns":3.0},{"damage":0.0,"enemies":"Jaw Worm","floor":3.0,"turns":5.0},{"damage":6.0,"enemies":"Looter","floor":4.0,"turns":4.0},{"damage":0.0,"enemies":"Lagavulin","floor":6.0,"turns":13.0},{"damage":6.0,"enemies":"Gremlin Nob","floor":8.0,"turns":7.0},{"damage":0,"enemies":"Lagavulin","floor":12,"turns":13},{"damage":11,"enemies":"Large Slime","floor":14,"turns":9},{"damage":22,"enemies":"Slime Boss","floor":16,"turns":11},{"damage":10,"enemies":"2 Thieves","floor":18,"turns":5},{"damage":0,"enemies":"Shell Parasite","floor":19,"turns":5},{"damage":17,"enemies":"Snake Plant","floor":22,"turns":9},{"damage":0,"enemies":"theDuelist:KaibaA2","floor":23,"turns":5},{"damage":10,"enemies":"Gremlin Leader","floor":27,"turns":11},{"damage":0,"enemies":"3 Cultists","floor":28,"turns":6},{"damage":0,"enemies":"Sentry and Sphere","floor":29,"turns":6},{"damage":0,"enemies":"theDuelist:KaibaA2","floor":30,"turns":7},{"damage":3,"enemies":"Shelled Parasite and Fungi","floor":31,"turns":4},{"damage":15,"enemies":"Champ","floor":33,"turns":11},{"damage":1,"enemies":"Orb Walker","floor":35,"turns":5},{"damage":46,"enemies":"2 Orb Walkers","floor":37,"turns":5},{"damage":14,"enemies":"3 Shapes","floor":38,"turns":4},{"damage":0,"enemies":"Sphere and 2 Shapes","floor":41,"turns":4},{"damage":6,"enemies":"Writhing Mass","floor":44,"turns":7},{"damage":13,"enemies":"4 Shapes","floor":46,"turns":6},{"damage":7,"enemies":"Spire Growth","floor":48,"turns":4},{"damage":11,"enemies":"Donu and Deca","floor":50,"turns":8},{"damage":51,"enemies":"Shield and Spear","floor":54,"turns":5},{"damage":56,"enemies":"The Heart","floor":55,"turns":3}],"seed_played":"2746427368446345805","potions_obtained":[{"floor":4.0,"key":"theDuelist:BurningPotion"},{"floor":8.0,"key":"theDuelist:ReducerPotion"},{"floor":14,"key":"FocusPotion"},{"floor":16,"key":"theDuelist:ElectricPotion"},{"floor":19,"key":"theDuelist:FlamingBottle"},{"floor":27,"key":"SkillPotion"},{"floor":33,"key":"ColorlessPotion"},{"floor":41,"key":"theDuelist:FlamingBottle"}],"is_trial":false,"path_per_floor":["M","M","M","M","?","E","R","E","T","?","T","E","R","M","R","B",null,"M","M","?","?","M","E","R","?","T","E","M","M","E","M","R","B",null,"M","?","?","M","?","R","M","$","T","M","R","M","R","M","R","B",null,"R","$","E","B"],"character_chosen":"THE_DUELIST","items_purchased":["Mayhem","theDuelist:Terraforming","Shuriken","OrangePellets","theDuelist:YamiForm","LiquidBronze"],"campfire_rested":3,"item_purchase_floors":[42,42,53,53,53,53],"current_hp_per_floor":[88,88,88,82,82,82,82,76,76,76,76,78,78,69,69,49,88,78,80,80,80,65,67,67,67,77,69,71,73,75,74,74,61,103,102,102,57,45,39,69,74,74,74,70,70,59,89,84,103,92,103,103,103,52,0,0],"gold":27,"neow_bonus":"TEN_PERCENT_HP_BONUS","is_daily":false,"chose_seed":false,"campfire_upgraded":6,"win_rate":0.0,"timestamp":1610667323,"path_taken":["M","M","M","M","?","E","R","E","T","?","?","E","R","M","R","BOSS","M","M","?","?","M","E","R","?","T","E","M","M","E","?","R","BOSS","M","?","?","M","?","R","M","$","T","M","R","?","R","?","R","BOSS","R","$","E","BOSS"],"items_purchased_type":["Card","Card","Relic","Relic","Card","Potion"],"build_version":"2020-12-22","purchased_purges":0,"victory":false,"max_hp_per_floor":[88,88,88,88,88,88,88,88,88,88,88,88,88,88,88,88,88,88,88,88,88,88,88,88,88,98,98,98,98,98,98,98,98,103,103,103,103,103,103,103,103,103,103,103,103,103,103,103,103,103,103,103,103,103,103,103],"card_choices":[{"not_picked":["theDuelist:YamiForm","theDuelist:SwordsRevealing","theDuelist:Raigeki","theDuelist:PineappleBlast"],"picked":"theDuelist:SwordsConcealing","floor":1.0},{"not_picked":["theDuelist:FrontierWiseman","theDuelist:BlackPendant","theDuelist:PreventRat","theDuelist:BattleOx"],"picked":"theDuelist:Tuningware","floor":2.0},{"not_picked":["theDuelist:GauntletWarrior","theDuelist:GreyGreedOni","theDuelist:BlueBloodedOni","theDuelist:Polymerization"],"picked":"theDuelist:DarkFactory","floor":3.0},{"not_picked":["theDuelist:WhiteHowling","theDuelist:GravityAxe","theDuelist:Electrowhip"],"picked":"theDuelist:MiraculousDescent","floor":4.0},{"not_picked":["theDuelist:AfterGenocide","theDuelist:WhiteNinja","theDuelist:CrystalRaigeki","theDuelist:Graverobber"],"picked":"theDuelist:GravityBlaster","floor":6.0},{"not_picked":["theDuelist:BattleguardKing","theDuelist:MudGolem","theDuelist:ClearKuriboh","theDuelist:GilfordLegend"],"picked":"theDuelist:EarthquakeGiant","floor":8.0},{"not_picked":["theDuelist:MeteorDestruction","theDuelist:EgoBoost","theDuelist:SilverApples","theDuelist:MythicalBeast"],"picked":"theDuelist:Tuningware","floor":12},{"not_picked":["theDuelist:ImperialOrder","theDuelist:GravityAxe","theDuelist:Electrowhip"],"picked":"theDuelist:ElectromagneticShield","floor":14},{"not_picked":["theDuelist:YamiForm","theDuelist:SwordsConcealing","theDuelist:FeatherShot","theDuelist:AmuletAmbition"],"picked":"theDuelist:InstantFusion","floor":16},{"not_picked":["theDuelist:DestroyerGolem","theDuelist:LightningVortex","theDuelist:WormKing","theDuelist:Mathematician"],"picked":"theDuelist:BattleguardKing","floor":18},{"not_picked":["theDuelist:PsychicShockwave+1","theDuelist:Mathematician"],"picked":"theDuelist:LegendarySword+1","floor":19},{"not_picked":["theDuelist:ForbiddenLance","theDuelist:Mathematician"],"picked":"theDuelist:SpiralSpearStrike","floor":22},{"not_picked":["theDuelist:Hinotama+1","theDuelist:CoreBlaster","theDuelist:CombinationAttack","theDuelist:RainbowNeos"],"picked":"theDuelist:AssaultArmor","floor":23},{"not_picked":["theDuelist:SpellShatteringArrow","theDuelist:MeteorDestruction","theDuelist:Hinotama","theDuelist:CombinationAttack"],"picked":"theDuelist:Sangan","floor":27},{"not_picked":["theDuelist:Wiretap","theDuelist:Graverobber","theDuelist:Reinforcements","theDuelist:MiraculousDescent"],"picked":"theDuelist:ImperialOrder","floor":28},{"not_picked":["theDuelist:DoubleTool","theDuelist:CoreBlaster+1","theDuelist:PowerKaishin+1","theDuelist:Downbeat"],"picked":"theDuelist:MagicalStone","floor":29},{"not_picked":["theDuelist:VendreadCharge","theDuelist:CharcoalInpachi","theDuelist:MillenniumShield","theDuelist:Raigeki"],"picked":"theDuelist:FusionFire","floor":30},{"not_picked":["theDuelist:RainbowNeos","theDuelist:HappyLover+1","theDuelist:Eva","theDuelist:RainbowOverdragon+1"],"picked":"theDuelist:KamionTimelord","floor":31},{"not_picked":["theDuelist:SwordsRevealing","theDuelist:Raigeki","theDuelist:FeatherShot","theDuelist:MillenniumShield"],"picked":"theDuelist:AmuletAmbition","floor":33},{"not_picked":["theDuelist:Wiretap","theDuelist:PsychicShockwave","theDuelist:Graverobber","theDuelist:FairyBox+1"],"picked":"theDuelist:Reinforcements","floor":34},{"not_picked":["theDuelist:SpellShatteringArrow+1","theDuelist:CombinationAttack+1","theDuelist:BigFire+1","theDuelist:SpiralSpearStrike+1"],"picked":"theDuelist:MeteorDestruction+1","floor":35},{"not_picked":["theDuelist:Wildfire+1","theDuelist:VenomShot+1","theDuelist:SpiralSpearStrike+1","theDuelist:InfernoFireBlast+2"],"picked":"theDuelist:MagnumShield+1","floor":36},{"not_picked":["theDuelist:RainbowNeos+1","theDuelist:KamionTimelord+1","theDuelist:HappyLover+1","theDuelist:Eva+1"],"picked":"theDuelist:YellowBelliedOni+1","floor":37},{"not_picked":["theDuelist:RainbowNeos","theDuelist:KamionTimelord","theDuelist:Eva+1","theDuelist:RainbowOverdragon+1"],"picked":"theDuelist:RainbowKuriboh","floor":38},{"not_picked":["theDuelist:CoreBlaster+2","theDuelist:CombinationAttack+1","theDuelist:FluteKuriboh+1","theDuelist:CrossAttack"],"picked":"theDuelist:ScrapFactory+1","floor":38},{"not_picked":["theDuelist:GiantTrunade+1","theDuelist:FairyBox+1","theDuelist:EgoBoost+1","theDuelist:SilverApples+1"],"picked":"theDuelist:FrontierWiseman+1","floor":41},{"not_picked":["theDuelist:Graverobber","theDuelist:SilverApples","theDuelist:PowerWall","theDuelist:MiraculousDescent"],"picked":"theDuelist:CrystalRaigeki","floor":41},{"not_picked":["theDuelist:BattleOx+1","theDuelist:HammerShot+1","theDuelist:LightningDarts+2","theDuelist:LightningRodLord+1"],"picked":"theDuelist:Blockman+1","floor":44},{"not_picked":["theDuelist:Hinotama+2","theDuelist:DoubleTool+1","theDuelist:PowerKaishin+1","theDuelist:Invigoration+1"],"picked":"theDuelist:AssaultArmor+1","floor":44},{"not_picked":["theDuelist:Hinotama+2","theDuelist:FuryFire+1","theDuelist:CoreBlaster+1","theDuelist:CombinationAttack+2"],"picked":"theDuelist:MeteorDestruction+1","floor":46},{"not_picked":["theDuelist:RedHeadedOni","theDuelist:WormKing+1","theDuelist:FeatherPho+1","theDuelist:PurplePainOni+1"],"picked":"theDuelist:WingedKuriboh+1","floor":46},{"not_picked":["theDuelist:SevenCompleted","theDuelist:LightLaser","theDuelist:ForbiddenLance+1","theDuelist:FeatherShot+3"],"picked":"theDuelist:GravityLash+1","floor":48},{"not_picked":["theDuelist:PineappleBlast+1","theDuelist:MiraculousDescent+1","theDuelist:CrystalRaigeki+1","theDuelist:Graverobber+1"],"picked":"theDuelist:PsychicShockwave+1","floor":48},{"not_picked":["Bandage Up+1","Deep Breath+1","Master of Strategy+1"],"picked":"Dark Shackles+1","floor":54}],"player_experience":160157,"relics_obtained":[{"floor":6.0,"key":"theDuelist:BoosterBetterBoostersRelic"},{"floor":8.0,"key":"Blood Vial"},{"floor":11.0,"key":"theDuelist:SolderToken"},{"floor":12,"key":"theDuelist:DuelistLetterOpener"},{"floor":23,"key":"theDuelist:KaibaToken"},{"floor":26,"key":"Pear"},{"floor":27,"key":"Matryoshka"},{"floor":30,"key":"Tingsha"},{"floor":37,"key":"Prayer Wheel"},{"floor":43,"key":"Bottled Lightning"},{"floor":43,"key":"Molten Egg 2"},{"floor":54,"key":"theDuelist:MillenniumPrayerbook"}],"event_choices":[{"damage_healed":0.0,"max_hp_gain":0.0,"max_hp_loss":0.0,"gold_gain":51.0,"event_name":"Golden Wing","player_choice":"Gained Gold","floor":5.0,"gold_loss":0.0,"damage_taken":0.0},{"damage_healed":0.0,"max_hp_gain":0.0,"max_hp_loss":0.0,"gold_gain":0.0,"event_name":"Living Wall","player_choice":"Grow","floor":10.0,"gold_loss":0.0,"damage_taken":0.0,"cards_upgraded":["theDuelist:SwordsConcealing"]},{"damage_healed":0,"gold_gain":0,"player_choice":"Duplicated Relic - Paladin Scrollcleaver","duelist":true,"damage_taken":0,"max_hp_gain":0,"max_hp_loss":0,"event_name":"Relic Duplicator","floor":20,"gold_loss":0},{"cards_removed":["theDuelist:Sparks"],"damage_healed":0,"gold_gain":0,"player_choice":"Elegance","damage_taken":0,"max_hp_gain":0,"max_hp_loss":0,"event_name":"Back to Basics","floor":21,"gold_loss":0},{"damage_healed":0,"gold_gain":0,"player_choice":"Bet on Murderer","damage_taken":0,"max_hp_gain":0,"max_hp_loss":0,"event_name":"The Joust","floor":25,"gold_loss":50},{"damage_healed":0,"gold_gain":0,"player_choice":"Memory 1","damage_taken":0,"max_hp_gain":0,"max_hp_loss":0,"event_name":"SensoryStone","floor":36,"gold_loss":0},{"damage_healed":0,"gold_gain":0,"player_choice":"Fight","damage_taken":0,"max_hp_gain":0,"max_hp_loss":0,"event_name":"Mysterious Sphere","floor":37,"gold_loss":0},{"damage_healed":0,"gold_gain":0,"player_choice":"Dig - random Duelist relic","duelist":true,"damage_taken":0,"max_hp_gain":0,"max_hp_loss":0,"event_name":"Aknamkanon\u0027s Tomb","floor":39,"gold_loss":0}],"is_beta":false,"boss_relics":[{"not_picked":["Fusion Hammer","Busted Crown"],"picked":"Philosopher\u0027s Stone"},{"not_picked":["SlaversCollar","Cursed Key"],"picked":"Tiny House"}],"items_purged_floors":[],"is_endless":false,"potions_floor_spawned":[4,8,14,16,19,23,27,33,41,46],"killed_by":"The Heart","ascension_level":0}}