{"host":"ibonnlq6s1c814xj","time":1610601655,"event":{"mods":["BaseMod","BetterRewards","Good Game Mod","Minty Spire (QoL Compilation)","Shop Mod","【功能Mod】聪明的最终Boss"],"gold_per_floor":[117,192,192,206,219,219,219],"floor_reached":6,"language":"ZHS","playtime":279,"items_purged":["Infinite Blades"],"score":38,"play_id":"bf2d3a55-a6c4-4a0d-b3e9-cb56df0f6e8e","local_time":"20210114132055","is_ascension_mode":true,"campfire_choices":[],"circlet_count":0,"master_deck":["Strike_G","Strike_G","Strike_G","Strike_G","Strike_G","Defend_G","Defend_G","Defend_G","Defend_G","Defend_G","Survivor","Neutralize","Panache","Noxious Fumes","Corpse Explosion","Envenom","Pain"],"relics":["Ring of the Snake","REME:ComplimentaryCards","MerchantsRug","Tiny Chest","WarpedTongs"],"acts_visited":["Exordium"],"potions_floor_usage":[5,5],"damage_taken":[{"damage":14,"enemies":"Jaw Worm","floor":1,"turns":4},{"damage":2,"enemies":"2 Louse","floor":4,"turns":3},{"damage":10,"enemies":"Cultist","floor":5,"turns":4},{"damage":1,"enemies":"Gremlin Nob","floor":6,"turns":2}],"seed_played":"-1649784465535968710","potions_obtained":[{"floor":1,"key":"Energy Potion"},{"floor":4,"key":"FearPotion"}],"is_trial":false,"path_per_floor":["M","?","?","M","M","E"],"character_chosen":"THE_SILENT","items_purchased":["Infinite Blades","Panache","MerchantsRug","Noxious Fumes","Corpse Explosion","Tiny Chest"],"campfire_rested":0,"item_purchase_floors":[0,0,0,0,0,0],"current_hp_per_floor":[24,13,13,11,1,0,0],"gold":219,"neow_bonus":"","is_daily":false,"chose_seed":false,"campfire_upgraded":0,"win_rate":0.0,"timestamp":1610601655,"path_taken":["M","?","?","M","M","E"],"items_purchased_type":["Card","Card","Relic","Card","Card","Relic"],"build_version":"2020-12-22","purchased_purges":1,"victory":false,"max_hp_per_floor":[70,70,70,70,70,70,70],"card_choices":[{"not_picked":["Heel Hook","Bane","Flechettes"],"picked":"SKIP","floor":1},{"not_picked":["Slice","Backflip","Flechettes"],"picked":"SKIP","floor":4},{"not_picked":["Underhanded Strike","Cloak And Dagger","Acrobatics"],"picked":"SKIP","floor":5}],"player_experience":192642,"relics_obtained":[],"event_choices":[{"damage_healed":0,"gold_gain":75,"player_choice":"Gather Gold","damage_taken":11,"max_hp_gain":0,"max_hp_loss":0,"event_name":"World of Goop","floor":2,"gold_loss":0},{"damage_healed":0,"gold_gain":0,"player_choice":"Rummage","damage_taken":0,"relics_obtained":["WarpedTongs"],"max_hp_gain":0,"max_hp_loss":0,"event_name":"Accursed Blacksmith","floor":3,"gold_loss":0,"cards_obtained":["Pain"]}],"is_beta":false,"boss_relics":[],"items_purged_floors":[0],"is_endless":false,"potions_floor_spawned":[1,4],"killed_by":"Gremlin Nob","ascension_level":1}}