{"host":"sc0o2qwpf9j16a4i","time":1610659786,"event":{"mods":["AchievementEnabler","BaseMod","BetterRewards","Block Reminder","Colored Map","Colored Powertips","Custom Start","Highlight Path","Minty Spire (QoL Compilation)","Relic Stats"],"gold_per_floor":[99,99,99,13,13,13,13,13,13,13,13,13,13,13,13,13,13],"floor_reached":16,"language":"ENG","playtime":450,"items_purged":[],"score":212,"play_id":"23fca85e-9b97-4ad5-8434-ab90aa28fb71","local_time":"20210114232946","is_ascension_mode":true,"campfire_choices":[{"data":"Worship","floor":6,"key":"SMITH"},{"floor":12,"key":"REST"},{"floor":15,"key":"REST"}],"circlet_count":0,"master_deck":["AscendersBane","Strike_P+1","Strike_P","Strike_P","Strike_P+1","Defend_P","Defend_P","Defend_P","Defend_P","Eruption","Vigilance","EmptyMind","FollowUp","MentalFortress","Conclude","Worship+1","Worship","Prostrate","Wallop","Protect","Halt"],"relics":["Ectoplasm","Happy Flower","Whetstone"],"acts_visited":["Exordium"],"potions_floor_usage":[3,7,16],"damage_taken":[{"damage":0,"enemies":"2 Louse","floor":1,"turns":3},{"damage":0,"enemies":"Small Slimes","floor":2,"turns":4},{"damage":0,"enemies":"Cultist","floor":3,"turns":3},{"damage":2,"enemies":"Lots of Slimes","floor":5,"turns":3},{"damage":27,"enemies":"3 Sentries","floor":7,"turns":6},{"damage":2,"enemies":"Gremlin Gang","floor":8,"turns":2},{"damage":14,"enemies":"Large Slime","floor":10,"turns":4},{"damage":4,"enemies":"Blue Slaver","floor":11,"turns":3},{"damage":0,"enemies":"2 Fungi Beasts","floor":13,"turns":3},{"damage":27,"enemies":"Hexaghost","floor":16,"turns":9}],"seed_played":"8728425998302948964","potions_obtained":[{"floor":2,"key":"Swift Potion"},{"floor":3,"key":"GamblersBrew"},{"floor":11,"key":"SpeedPotion"}],"is_trial":false,"path_per_floor":["M","M","M","$","M","R","E","M","T","M","M","R","M","?","R","B"],"character_chosen":"WATCHER","items_purchased":["Conclude"],"campfire_rested":2,"item_purchase_floors":[4],"current_hp_per_floor":[61,61,61,61,59,59,32,30,30,16,12,32,32,6,26,0,0],"gold":13,"neow_bonus":"BOSS_RELIC","is_daily":false,"chose_seed":false,"campfire_upgraded":1,"win_rate":0.0,"timestamp":1610659786,"path_taken":["M","M","M","$","M","R","E","M","T","M","M","R","M","?","R","BOSS"],"items_purchased_type":["Card"],"build_version":"2020-12-22","purchased_purges":0,"victory":false,"max_hp_per_floor":[68,68,68,68,68,68,68,68,68,68,68,68,68,68,68,68,68],"relic_stats":{"Happy Flower":[7],"counters":[10,40],"Ectoplasm":161,"Whetstone":["Strike_P","Strike_P"],"obtain_stats":[{"Happy Flower":7,"Ectoplasm":0,"Whetstone":9,"PureWater":0},{"Happy Flower":5,"Ectoplasm":0,"Whetstone":6,"PureWater":0},{"Happy Flower":19,"Ectoplasm":0,"Whetstone":21,"PureWater":0}]},"card_choices":[{"not_picked":["FlyingSleeves","ForeignInfluence"],"picked":"EmptyMind","floor":1},{"not_picked":["EmptyBody","Consecrate"],"picked":"FollowUp","floor":2},{"not_picked":["Evaluate","ConjureBlade"],"picked":"MentalFortress","floor":3},{"not_picked":["CutThroughFate","BowlingBash"],"picked":"Worship","floor":5},{"not_picked":["Halt","WreathOfFlame"],"picked":"Worship","floor":7},{"not_picked":["Weave","FollowUp"],"picked":"Prostrate","floor":8},{"not_picked":["Indignation","ReachHeaven"],"picked":"Wallop","floor":10},{"not_picked":["CutThroughFate","JustLucky"],"picked":"Protect","floor":11},{"not_picked":["Consecrate","Evaluate"],"picked":"Halt","floor":13}],"player_experience":642153,"relics_obtained":[{"floor":7,"key":"Happy Flower"},{"floor":9,"key":"Whetstone"}],"event_choices":[{"damage_healed":0,"gold_gain":0,"player_choice":"Fled","damage_taken":26,"max_hp_gain":0,"max_hp_loss":0,"event_name":"Scrap Ooze","floor":14,"gold_loss":0}],"is_beta":false,"boss_relics":[],"items_purged_floors":[],"is_endless":false,"potions_floor_spawned":[2,3,11],"killed_by":"Hexaghost","ascension_level":20}}