{"host":"ci7cmvrwpmzqnw7e","time":1610668718,"event":{"mods":["BaseMod","BetterRewards","Colored Map","Downfall","GungeonMod","Highlight Path","Hubris","Infinite Spire","Minty Spire (QoL Compilation)","Random Character Button","Rare Cards Sparkle","Replay The Spire","Shop Mod","StSLib"],"gold_per_floor":[99,99,99,99,99,99,99,99,99,99,99,99,99,99,99,99,99,99],"floor_reached":16,"language":"ENG","playtime":459,"items_purged":[],"score":110,"play_id":"2157979e-f823-40bf-bf38-1c6b97c8c09f","local_time":"20210114165838","is_ascension_mode":false,"campfire_choices":[{"floor":1,"key":"DIG"},{"floor":6,"key":"RECALL"},{"floor":12,"key":"REST"},{"floor":13,"key":"REST"}],"circlet_count":0,"master_deck":["hexamod:Strike","hexamod:Strike","hexamod:Strike","hexamod:Defend","hexamod:Defend","hexamod:Defend","hexamod:Defend","hexamod:Sear","hexamod:Float","hexamod:SoulSteal","hexamod:PhantomCloak","hexamod:Firestarter","hexamod:TimeOfNeed"],"relics":["downfall:Hecktoplasm","DemoMod:SerJunkan","WingedGreaves","DemoMod:Junk","downfall:HeartBlessingRed","DemoMod:MemoryAlloy"],"acts_visited":["Exordium"],"potions_floor_usage":[11],"damage_taken":[{"damage":0,"enemies":"2 Louse","floor":2,"turns":3},{"damage":0,"enemies":"Cultist","floor":3,"turns":3},{"damage":0,"enemies":"Jaw Worm","floor":4,"turns":3},{"damage":0,"enemies":"2 Fungi Beasts","floor":8,"turns":4},{"damage":60,"enemies":"Gremlin Nob","floor":11,"turns":6},{"damage":19,"enemies":"Lagavulin","floor":14,"turns":6},{"damage":9,"enemies":"Gremlin Gang","floor":15,"turns":3},{"damage":25,"enemies":"downfall:Defect","floor":16,"turns":4}],"seed_played":"-713171534025012738","potions_obtained":[{"floor":8,"key":"hexamod:DoubleChargePotion"}],"is_trial":false,"path_per_floor":["R_BF","M","M","M","?","R","T","M","?","?","E","R","R","E","M","B"],"character_chosen":"THE_SPIRIT","items_purchased":[],"campfire_rested":2,"item_purchase_floors":[],"current_hp_per_floor":[70,70,70,70,70,70,70,70,70,70,10,31,52,33,24,0,0,0],"gold":99,"neow_bonus":"BOSS_RELIC","is_daily":false,"chose_seed":false,"campfire_upgraded":0,"win_rate":0.0,"timestamp":1610668718,"path_taken":["R_BF","M","M","M","?","R","T","?","?","?","E","R","R","E","M","BOSS"],"items_purchased_type":[],"build_version":"2020-12-22","purchased_purges":0,"victory":false,"max_hp_per_floor":[70,70,70,70,70,70,70,70,70,70,70,70,70,70,70,70,70,70],"card_choices":[{"not_picked":["hexamod:HauntingEcho","hexamod:NightmareStrike"],"picked":"hexamod:SoulSteal","floor":2},{"not_picked":["hexamod:HauntingEcho","hexamod:SpectralAdrenaline"],"picked":"hexamod:PhantomCloak","floor":3},{"not_picked":["hexamod:ThermalTransfer","hexamod:AdvancingGuard"],"picked":"hexamod:Firestarter","floor":4},{"not_picked":["hexamod:AdvancingGuard","hexamod:NecessarySacrifice","hexamod:FourthSeal"],"picked":"SKIP","floor":8},{"not_picked":["hexamod:NecessarySacrifice","hexamod:AdvancingGuard","hexamod:Again"],"picked":"SKIP","floor":11},{"not_picked":["hexamod:SpectralAdrenaline","hexamod:GhostShield"],"picked":"hexamod:TimeOfNeed","floor":14},{"not_picked":["hexamod:InspiringFlames","hexamod:SpectralAdrenaline","hexamod:AdvancingGuard"],"picked":"SKIP","floor":15}],"player_experience":72021,"relics_obtained":[{"floor":1,"key":"DemoMod:SerJunkan"},{"floor":7,"key":"WingedGreaves"},{"floor":11,"key":"DemoMod:Junk"},{"floor":14,"key":"DemoMod:MemoryAlloy"}],"event_choices":[{"cards_removed":["hexamod:Strike"],"damage_healed":0,"gold_gain":0,"player_choice":"Offered Basic","damage_taken":0,"max_hp_gain":0,"max_hp_loss":0,"event_name":"Bonfire Elementals","floor":5,"gold_loss":0}],"is_beta":false,"boss_relics":[],"items_purged_floors":[],"is_endless":false,"potions_floor_spawned":[8],"killed_by":"downfall:Defect","ascension_level":0}}