{"host":"h7v50ofoukcy1stu","time":1610582671,"event":{"mods":["2.2 Compatiblity","BaseMod","Beaked The Cultist","Downfall","Minty Spire (QoL Compilation)","StSLib","The Blackbeard","The Bladedancer","The Runesmith"],"gold_per_floor":[119,119,133,133,45,45,75,75,75,102,102,121,133,151,151,249,249,269,368,368,200,200,228,228,553,626,654,668,668,694,439,439,535,535,546,560,560,172,217,217,230,259,284,334,344,371,371,389,389,389,389,389,31,56,56],"floor_reached":56,"language":"ENG","playtime":4161,"items_purged":[],"score":1708,"play_id":"78e70ff4-24aa-49bc-8c8e-bcc7a1457b26","local_time":"20210114010431","is_ascension_mode":true,"campfire_choices":[{"data":"blademaster:AncestralHealing","floor":6,"key":"SMITH"},{"floor":8,"key":"REST"},{"data":"blademaster:LeechingStrike","floor":15,"key":"SMITH"},{"data":"blademaster:EyeOfTheTornado","floor":24,"key":"SMITH"},{"data":"blademaster:EyeOfTheStorm","floor":32,"key":"SMITH"},{"data":"1","floor":40,"key":"LIFT"},{"floor":47,"key":"RECALL"},{"data":"2","floor":49,"key":"LIFT"},{"data":"3","floor":52,"key":"LIFT"}],"circlet_count":0,"master_deck":["blademaster:Strike","blademaster:Strike","blademaster:Strike","blademaster:Defend","blademaster:Defend","blademaster:RagingBlow","blademaster:HighVoltage","blademaster:AncestralHealing+1","blademaster:AspectOfWind","Finesse+1","blademaster:Flurry","blademaster:Vortex","blademaster:Safeguard","blademaster:LeechingStrike+1","blademaster:Empower","blademaster:AwakeningDefend","blademaster:EyeOfTheTornado+1","blademaster:Cut","blademaster:Breeze","blademaster:Overcharge","blademaster:SharpBlades+1","blademaster:DaggerAndCloak+1","blademaster:RollingTyphoon","blademaster:EyeOfTheTornado+1","Sadistic Nature","blademaster:Cut+1","blademaster:ParryingStrike+1","blademaster:LeechingStrike+1","blademaster:EyeOfTheStorm+1","blademaster:Bloodbath","blademaster:EnchantedCuirass","blademaster:Blindside","blademaster:StanceMastery","Apotheosis+1","blademaster:Blockade+1","blademaster:Meditate","blademaster:EyeOfTheTornado","blademaster:DaggerAndCloak+1","blademaster:Reversal","blademaster:EyeOfTheTornado+1"],"relics":["blademaster:DancersAmulet","Boot","Bird Faced Urn","PreservedInsect","Sozu","Enchiridion","FossilizedHelix","Pen Nib","Old Coin","The Courier","HornCleat","Nloth\u0027s Gift","Lantern","Orrery","Philosopher\u0027s Stone","Bag of Preparation","Nunchaku","Girya","Lizard Tail","Prayer Wheel","Centennial Puzzle","Strawberry","Bronze Scales","War Paint","Happy Flower"],"acts_visited":["Exordium","TheCity","TheBeyond","TheEnding"],"potions_floor_usage":[10,16],"damage_taken":[{"damage":0,"enemies":"Small Slimes","floor":1,"turns":3},{"damage":1,"enemies":"Cultist","floor":3,"turns":4},{"damage":69,"enemies":"Lagavulin","floor":7,"turns":12},{"damage":17,"enemies":"3 Sentries","floor":10,"turns":8},{"damage":2,"enemies":"2 Louse","floor":12,"turns":3},{"damage":0,"enemies":"2 Fungi Beasts","floor":13,"turns":4},{"damage":1,"enemies":"Red Slaver","floor":14,"turns":5},{"damage":11,"enemies":"Hexaghost","floor":16,"turns":8},{"damage":0,"enemies":"3 Byrds","floor":18,"turns":3},{"damage":7,"enemies":"Gremlin Leader","floor":23,"turns":4},{"damage":0,"enemies":"Slavers","floor":25,"turns":4},{"damage":0,"enemies":"Gremlin Leader","floor":27,"turns":3},{"damage":0,"enemies":"Spheric Guardian","floor":28,"turns":2},{"damage":0,"enemies":"Slavers","floor":30,"turns":3},{"damage":0,"enemies":"Champ","floor":33,"turns":5},{"damage":7,"enemies":"3 Darklings","floor":35,"turns":4},{"damage":0,"enemies":"3 Shapes","floor":36,"turns":2},{"damage":0,"enemies":"2 Orb Walkers","floor":39,"turns":2},{"damage":4,"enemies":"3 Darklings","floor":41,"turns":4},{"damage":0,"enemies":"Reptomancer","floor":42,"turns":4},{"damage":9,"enemies":"Mind Bloom Boss Battle","floor":44,"turns":3},{"damage":0,"enemies":"Transient","floor":45,"turns":5},{"damage":0,"enemies":"Giant Head","floor":46,"turns":4},{"damage":0,"enemies":"Spire Growth","floor":48,"turns":1},{"damage":0,"enemies":"Donu and Deca","floor":50,"turns":5},{"damage":8,"enemies":"Shield and Spear","floor":54,"turns":3},{"damage":3,"enemies":"The Heart","floor":55,"turns":6}],"seed_played":"7417351264248270466","potions_obtained":[{"floor":1,"key":"hexamod:EctoCoolerPotion"},{"floor":10,"key":"Dexterity Potion"},{"floor":12,"key":"FearPotion"},{"floor":13,"key":"SpeedPotion"},{"floor":16,"key":"PowerPotion"}],"is_trial":false,"path_per_floor":["M","?","M","?","$","R","E","R","T","E","?","M","M","M","R","B",null,"M","?","?","$","?","E","R","E","T","E","M","?","E","$","R","B",null,"M","M","?","$","?","R","M","E","T","?","M","E","R","M","R","B",null,"R","$","E","B",null],"character_chosen":"THE_BLADEMASTER","items_purchased":["Finesse","blademaster:EyeOfTheTornado","blademaster:Cut","blademaster:Breeze","Sadistic Nature","Orrery","Apotheosis","Bag of Preparation","Nunchaku","Strawberry","Bronze Scales","War Paint"],"campfire_rested":1,"item_purchase_floors":[5,21,21,21,31,31,38,38,38,53,53,53],"current_hp_per_floor":[75,75,74,79,79,79,12,36,36,29,29,39,53,68,68,72,80,80,80,64,64,64,69,69,75,75,80,80,80,80,80,80,80,80,80,80,80,80,80,80,80,80,80,80,80,80,80,80,80,80,80,80,87,87,87],"gold":56,"neow_bonus":"RANDOM_COMMON_RELIC","is_daily":false,"chose_seed":false,"campfire_upgraded":4,"win_rate":0.0,"timestamp":1610582671,"path_taken":["M","?","?","?","$","R","E","R","T","E","?","M","?","M","R","BOSS","M","?","?","$","?","E","R","E","T","E","?","?","E","?","R","BOSS","M","M","?","$","?","R","M","E","T","?","M","E","R","?","R","BOSS","R","$","E","BOSS"],"items_purchased_type":["Card","Card","Card","Card","Card","Relic","Card","Relic","Relic","Relic","Relic","Relic"],"build_version":"2020-12-22","purchased_purges":0,"victory":true,"max_hp_per_floor":[75,75,75,80,80,80,80,80,80,80,80,80,80,80,80,80,80,80,80,80,80,80,80,80,80,80,80,80,80,80,80,80,80,80,80,80,80,80,80,80,80,80,80,80,80,80,80,80,80,80,80,80,87,87,87],"card_choices":[{"not_picked":["blademaster:ThunderSlash","blademaster:Sunder"],"picked":"blademaster:AncestralHealing","floor":1},{"not_picked":["blademaster:KiBarrier","blademaster:BrainBloom","blademaster:CombatPrep"],"picked":"SKIP","floor":3},{"not_picked":["blademaster:AspectOfWind","blademaster:Vortex"],"picked":"blademaster:Flurry","floor":7},{"not_picked":["blademaster:WindSlash","blademaster:Flash"],"picked":"blademaster:Vortex","floor":10},{"not_picked":["blademaster:Blockade","blademaster:AspectOfWind"],"picked":"blademaster:Safeguard","floor":12},{"not_picked":["blademaster:ThunderSlash","blademaster:ChargingUp"],"picked":"blademaster:LeechingStrike","floor":13},{"not_picked":["blademaster:BloodyBlow","blademaster:AspectOfWind","blademaster:CombatPrep"],"picked":"SKIP","floor":14},{"not_picked":["blademaster:FuryOfTheElements","blademaster:RollingTyphoon"],"picked":"blademaster:Empower","floor":16},{"not_picked":["blademaster:AspectOfWind","blademaster:BladeMastery"],"picked":"blademaster:AwakeningDefend","floor":18},{"not_picked":["blademaster:Frenzy","blademaster:Slice"],"picked":"blademaster:Overcharge","floor":23},{"not_picked":["blademaster:DragonStrike+1","blademaster:Hailwind"],"picked":"blademaster:SharpBlades+1","floor":25},{"not_picked":["blademaster:AwakeningStrike","blademaster:FuriousStrike"],"picked":"blademaster:DaggerAndCloak+1","floor":27},{"not_picked":["blademaster:Sunder","blademaster:AspectOfWind+1"],"picked":"blademaster:RollingTyphoon","floor":28},{"not_picked":["blademaster:SharpBlades","blademaster:OneTrickPony+1"],"picked":"blademaster:EyeOfTheTornado+1","floor":30},{"not_picked":["blademaster:Sharpen","blademaster:AwakeningDefend"],"picked":"blademaster:Cut+1","floor":31},{"not_picked":["blademaster:CullingStrike","blademaster:Flash"],"picked":"blademaster:ParryingStrike+1","floor":31},{"not_picked":["blademaster:Flurry","blademaster:DeadlyDance"],"picked":"blademaster:LeechingStrike+1","floor":31},{"not_picked":["blademaster:Breeze","blademaster:FuriousStrike"],"picked":"blademaster:EyeOfTheStorm","floor":31},{"not_picked":["blademaster:TraverseCut","blademaster:BloodyBlow"],"picked":"blademaster:Bloodbath","floor":31},{"not_picked":["blademaster:UnrelentingWind","blademaster:ColdBlood"],"picked":"blademaster:EnchantedCuirass","floor":33},{"not_picked":["blademaster:Safeguard","blademaster:ParryingStrike+1"],"picked":"blademaster:Blindside","floor":35},{"not_picked":["blademaster:DancingEdge","blademaster:Sharpen"],"picked":"blademaster:StanceMastery","floor":36},{"not_picked":["blademaster:AspectOfWind+1","blademaster:DragonStrike"],"picked":"blademaster:Blockade+1","floor":39},{"not_picked":["blademaster:ThunderSlash","blademaster:Bloodbath"],"picked":"blademaster:Meditate","floor":41},{"not_picked":["blademaster:SlyStabs","blademaster:AncestralHealing+1","blademaster:Vortex"],"picked":"SKIP","floor":42},{"not_picked":["blademaster:ParryingStrike+1","blademaster:LightningCrash"],"picked":"blademaster:EyeOfTheTornado","floor":45},{"not_picked":["blademaster:Flurry+1","blademaster:Thrust"],"picked":"blademaster:DaggerAndCloak+1","floor":45},{"not_picked":["blademaster:Sharpen","blademaster:Frenzy+1"],"picked":"blademaster:Reversal","floor":46},{"not_picked":["blademaster:AwakeningDefend","blademaster:Frontflip","blademaster:DancingEdge+1"],"picked":"SKIP","floor":48},{"not_picked":["blademaster:FuriousStrike","blademaster:Vortex","blademaster:RagingBlow"],"picked":"SKIP","floor":48},{"not_picked":["blademaster:Quickness","blademaster:IcyWind+1"],"picked":"blademaster:EyeOfTheTornado+1","floor":54}],"player_experience":179520,"relics_obtained":[{"floor":7,"key":"Vajra"},{"floor":7,"key":"blademaster:RandomStancePerk"},{"floor":9,"key":"Bird Faced Urn"},{"floor":10,"key":"PreservedInsect"},{"floor":10,"key":"blademaster:RandomBladePerk"},{"floor":20,"key":"Enchiridion"},{"floor":23,"key":"Pen Nib"},{"floor":23,"key":"blademaster:StrongPerk"},{"floor":25,"key":"Old Coin"},{"floor":25,"key":"blademaster:StanceHealPerk"},{"floor":26,"key":"The Courier"},{"floor":27,"key":"HornCleat"},{"floor":27,"key":"blademaster:LightningChargePerk"},{"floor":30,"key":"Lantern"},{"floor":30,"key":"blademaster:DextrousPerk"},{"floor":39,"key":"Girya"},{"floor":39,"key":"blademaster:WindChargePerk"},{"floor":42,"key":"Lizard Tail"},{"floor":42,"key":"blademaster:FuryEveryTurnPerk"},{"floor":44,"key":"Prayer Wheel"},{"floor":44,"key":"blademaster:ComboEveryTurnPerk"},{"floor":46,"key":"Centennial Puzzle"},{"floor":46,"key":"blademaster:OnAttackedChargePerk"},{"floor":54,"key":"Happy Flower"},{"floor":54,"key":"blademaster:BleedingMoreDamagePerk"}],"event_choices":[{"damage_healed":0,"gold_gain":0,"cards_transformed":["blademaster:Defend"],"player_choice":"Transformed","damage_taken":0,"max_hp_gain":0,"max_hp_loss":0,"event_name":"Transmorgrifier","floor":2,"gold_loss":0,"cards_obtained":["blademaster:AspectOfWind"]},{"damage_healed":0,"gold_gain":0,"player_choice":"Donut","damage_taken":0,"max_hp_gain":5,"max_hp_loss":0,"event_name":"Big Fish","floor":4,"gold_loss":0},{"cards_removed":["blademaster:Strike"],"damage_healed":0,"gold_gain":0,"player_choice":"Purged","damage_taken":0,"max_hp_gain":0,"max_hp_loss":0,"event_name":"Purifier","floor":11,"gold_loss":0},{"damage_healed":0,"gold_gain":99,"player_choice":"Stole From Cult","damage_taken":0,"max_hp_gain":0,"max_hp_loss":0,"event_name":"Nest","floor":19,"gold_loss":0},{"damage_healed":0,"gold_gain":0,"player_choice":"Obtained Book","damage_taken":16,"max_hp_gain":0,"max_hp_loss":0,"event_name":"Cursed Tome","floor":20,"gold_loss":0},{"damage_healed":0,"gold_gain":0,"player_choice":"Opened","damage_taken":0,"relics_obtained":["FossilizedHelix"],"max_hp_gain":0,"max_hp_loss":0,"event_name":"The Mausoleum","floor":22,"gold_loss":0},{"damage_healed":0,"gold_gain":0,"player_choice":"Traded Relic","damage_taken":0,"relics_obtained":["Nloth\u0027s Gift"],"max_hp_gain":0,"max_hp_loss":0,"event_name":"N\u0027loth","floor":29,"relics_lost":["Vajra"],"gold_loss":0},{"cards_removed":["blademaster:Defend"],"damage_healed":0,"gold_gain":0,"player_choice":"Removed Skill","damage_taken":0,"max_hp_gain":0,"max_hp_loss":0,"event_name":"Falling","floor":37,"gold_loss":0},{"damage_healed":0,"gold_gain":0,"player_choice":"Fight","damage_taken":0,"max_hp_gain":0,"max_hp_loss":0,"event_name":"Mysterious Sphere","floor":39,"gold_loss":0},{"damage_healed":0,"gold_gain":0,"player_choice":"Fight","damage_taken":0,"max_hp_gain":0,"max_hp_loss":0,"event_name":"MindBloom","floor":44,"gold_loss":0}],"is_beta":false,"boss_relics":[{"not_picked":["Fusion Hammer","Astrolabe"],"picked":"Sozu"},{"not_picked":["Runesmith:UraniumAnvil","SacredBark"],"picked":"Philosopher\u0027s Stone"}],"items_purged_floors":[],"is_endless":false,"potions_floor_spawned":[1,10,12,13,16,18,25,27,30,35,39,44,45,46,54],"ascension_level":2}}