{"host":"bxdue9bkfm2khp2x","time":1610596858,"event":{"mods":["ATMod(阿瑾Mod)","Arknights The Spire","Aspiration","BaseMod","Better Vampires","Challenge The Spire","Colored Map","Colored Powertips","Conspire","Decade(王小明)","Dota2Spire","Highlight Path","Minty Spire (QoL Compilation)","MostiFishMod","Remilia（蕾米莉亚）","Replay The Spire","RumiaBox-露米娅的神秘盒子","Ryuuou龙王","Spicy Shops","StSLib","Td1madao Mod","The Alterego","The Bug Knight","The Cursed","The Servant 0.9.4","WarShipGirlsR/战舰少女R mod","noobMod","vexMod","【功能Mod】混沌之环修复补丁","【遗物卡牌】REMEMod","篝火指南"],"gold_per_floor":[111,36,36,36,54,86,86,86,110,110,125,125,145,161,161,264,264,284,37,54,54,65,65,96,96,119,119,119,130,130,146,146,250,250,268,282,332,332,60,60,114,114,168,185,199,199,228,244,244,244],"floor_reached":51,"language":"ZHS","playtime":3707,"items_purged":["rmod:strick","rmod:defend","rmod:defend"],"score":1255,"play_id":"ab393435-0e80-4f1a-830c-fb51ce04e9dd","local_time":"20210114120058","is_ascension_mode":true,"campfire_choices":[{"data":"AT_EssenceShift","floor":7.0,"key":"SMITH"},{"data":"rmod:chargemoney","floor":10.0,"key":"SMITH"},{"data":"rmod:lonelyqueen","floor":12.0,"key":"SMITH"},{"data":"rmod:expedition","floor":15.0,"key":"SMITH"},{"data":"rmod:expedition+1","floor":23.0,"key":"SMITH"},{"data":"rmod:expedition+2","floor":27.0,"key":"SMITH"},{"data":"rmod:basicallowance","floor":32.0,"key":"SMITH"},{"data":"rmod:smokecover","floor":40.0,"key":"SMITH"},{"data":"rmod:mineteam","floor":42.0,"key":"SMITH"},{"floor":46,"key":"REST"},{"data":"rmod:highspeedmaneuver","floor":49,"key":"SMITH"}],"circlet_count":0,"master_deck":["AscendersBane","rmod:strick","rmod:strick","rmod:defend","rmod:defend","rmod:basicallowance+1","rmod:maingunfire","De Ware Chip","AT_EssenceShift+1","rmod:lonelyqueen+1","rmod:chargemoney+1","rmod:expedition+3","rmod:highspeedmaneuver+1","rmod:mineteam+1","rmod:smokecover+1","rmod:overbreakdown+1","rmod:intelligenceanalysis","rmod:heivgo+1"],"relics":["rmod:firstchargereward","DaveBox","REME_ComplimentaryCards","ice","AT_ATBox","RhineSuit","NeowsBlessing","SynthV:TestCard","Strawberry","ShadowXiaoBlade","ZombieArmy","conspire:DeflatedDodgeball","Enchiridion","Lantern","Black Star","Durian","REME_CardOfGreed","REME_HourglassOfDeath","Potion Belt","Dota2Spire:ArcaneBoots"],"acts_visited":["Exordium","TheCity","TheBeyond"],"potions_floor_usage":[],"damage_taken":[{"damage":0.0,"enemies":"Cultist","floor":1.0,"turns":1.0},{"damage":0.0,"enemies":"Jaw Worm","floor":5.0,"turns":1.0},{"damage":0.0,"enemies":"Lagavulin","floor":6.0,"turns":1.0},{"damage":0.0,"enemies":"conspire:RoseBush","floor":11.0,"turns":3.0},{"damage":0.0,"enemies":"Exordium Wildlife","floor":13.0,"turns":3.0},{"damage":0.0,"enemies":"Large Slime","floor":14.0,"turns":2.0},{"damage":0.0,"enemies":"The Guardian","floor":16.0,"turns":8.0},{"damage":3.0,"enemies":"conspire:FuzzyDice","floor":18.0,"turns":4.0},{"damage":7.0,"enemies":"2 Thieves","floor":20.0,"turns":4.0},{"damage":10.0,"enemies":"Centurion and Healer","floor":22.0,"turns":4.0},{"damage":5.0,"enemies":"Replay:Snechameleon","floor":24.0,"turns":5.0},{"damage":0.0,"enemies":"conspire:HollyBat","floor":29.0,"turns":4.0},{"damage":0.0,"enemies":"Shelled Parasite and Fungi","floor":31.0,"turns":4.0},{"damage":6.0,"enemies":"conspire:MysteriousRune","floor":33.0,"turns":5.0},{"damage":20.0,"enemies":"3 Darklings","floor":35.0,"turns":5.0},{"damage":0.0,"enemies":"3 Shapes","floor":36.0,"turns":6.0},{"damage":2.0,"enemies":"Mind Bloom Boss Battle","floor":37.0,"turns":5.0},{"damage":26.0,"enemies":"R_Hoarder","floor":41.0,"turns":7.0},{"damage":15.0,"enemies":"Spire Growth","floor":44.0,"turns":5.0},{"damage":0.0,"enemies":"Maw","floor":45.0,"turns":5.0},{"damage":0,"enemies":"conspire:MimicChest","floor":47,"turns":4},{"damage":0,"enemies":"3 Darklings","floor":48,"turns":3},{"damage":0,"enemies":"Donu and Deca","floor":50,"turns":8}],"seed_played":"-2471144541450705035","potions_obtained":[{"floor":5.0,"key":"BlessingOfTheForge"},{"floor":11.0,"key":"Regen Potion"},{"floor":14.0,"key":"Elixir"},{"floor":36.0,"key":"Explosive Potion"},{"floor":48,"key":"Dota2Spire:HealingSalve"}],"is_trial":false,"path_per_floor":["M","$","?","$","M","E","R","$","T","R","M","R","M","M","R","B",null,"M","$","M","?","M","R","E","?","T","R","?","M","?","M","R","B",null,"M","M","?","?","$","R","E","R","T","M","M","R","?","M","R","B",null],"character_chosen":"PRAEFECT","items_purchased":["ZombieArmy","REME_CardOfGreed"],"campfire_rested":1,"item_purchase_floors":[19,39],"current_hp_per_floor":[68,68,68,68,68,68,68,68,75,75,75,75,75,75,75,75,80,77,77,78,78,68,68,63,47,47,47,47,47,47,47,47,41,72,52,52,55,55,55,55,30,30,30,15,15,41,41,41,41,41],"gold":244,"neow_bonus":"THREE_ENEMY_KILL","is_daily":false,"chose_seed":false,"campfire_upgraded":10,"win_rate":0.0,"timestamp":1610596858,"path_taken":["M","?","?","?","?","E","R","$","T","R","M","R","?","M","R","BOSS","M","$","M","?","M","R","E","?","T","R","?","?","?","M","R","BOSS","M","M","?","?","$","R","E","R","T","M","M","R","?","M","R","BOSS"],"items_purchased_type":["Relic","Relic"],"build_version":"2020-12-22","purchased_purges":3,"victory":true,"max_hp_per_floor":[75,75,75,75,75,75,75,75,82,82,82,82,82,82,82,82,82,82,82,82,82,82,82,82,82,82,82,82,82,82,82,82,82,82,82,82,87,87,87,87,88,88,88,88,88,88,88,88,88,88],"card_choices":[{"not_picked":["rmod:intelligenceanalysis","rmod:unsinkable","rmod:desperatesituation","rmod:aluminumsupply"],"picked":"rmod:lonelyqueen","floor":5.0},{"not_picked":["rmod:capitalist","rmod:wolves","rmod:tearstotiara","rmod:combined"],"picked":"rmod:chargemoney","floor":6.0},{"not_picked":["rmod:goodsister","rmod:supportescort","rmod:tearstotiara","rmod:ammunitionsupply","rmod:supportaircraftcarrier"],"picked":"SKIP","floor":11.0},{"not_picked":["rmod:launchingtorpedo","rmod:firesupport","rmod:smokecover","rmod:ammunitionsupply"],"picked":"rmod:expedition","floor":13.0},{"not_picked":["rmod:guardianhero","rmod:gendarmerie","rmod:openingtorpedo","rmod:steelsupply","rmod:diaomin"],"picked":"SKIP","floor":14.0},{"not_picked":["rmod:timeschanged","rmod:lastglory","rmod:windflower","rmod:abidefaith"],"picked":"rmod:highspeedmaneuver","floor":16.0},{"not_picked":["rmod:aluminumsupply","rmod:luckystar","rmod:victimresponsibility+1","rmod:rockthrower+1"],"picked":"rmod:mineteam","floor":18.0},{"not_picked":["rmod:aviationdawn","rmod:slowdown","rmod:salvage","rmod:fuelsupply","rmod:aluminumsupply"],"picked":"SKIP","floor":20.0},{"not_picked":["rmod:victimresponsibility","rmod:supportescort","rmod:expeditionaryescort","rmod:diaomin"],"picked":"rmod:smokecover","floor":22.0},{"not_picked":["rmod:steelsupply+1","rmod:victimresponsibility","rmod:combined","rmod:advancebysurprise","rmod:windflower"],"picked":"SKIP","floor":24.0},{"not_picked":["rmod:tearstotiara","rmod:firesupport","rmod:fletcherpendant","rmod:unsinkable"],"picked":"rmod:overbreakdown+1","floor":29.0},{"not_picked":["rmod:concentratefire","rmod:aviationdawn+1","rmod:advancebysurprise","rmod:aluminumsupply","rmod:fuelsupply+1"],"picked":"SKIP","floor":31.0},{"not_picked":["rmod:aluminumsupply","rmod:luckystar+1","rmod:goodsister+1","rmod:wife","rmod:steelsupply"],"picked":"SKIP","floor":35.0},{"not_picked":["rmod:supportescort","rmod:launchingtorpedo+1","rmod:ammunitionsupply+1","rmod:selfconfidence","rmod:aviationdawn+1"],"picked":"SKIP","floor":36.0},{"not_picked":["rmod:diaomin+1","rmod:combined","rmod:steelsupply","rmod:fletcherpendant"],"picked":"rmod:intelligenceanalysis","floor":37.0},{"not_picked":["rmod:u235","rmod:smokecover+1","rmod:fletcherpendant","rmod:aviationdawn","rmod:combined+1"],"picked":"SKIP","floor":41.0},{"not_picked":["rmod:diaomin","rmod:highspeedshooting","rmod:bulid+1","rmod:mineteam","rmod:supportescort"],"picked":"SKIP","floor":44.0},{"not_picked":["rmod:smokecover","rmod:unsinkable","rmod:sl+1","rmod:ring+1"],"picked":"rmod:heivgo+1","floor":45.0},{"not_picked":["rmod:aluminumsupply+1","rmod:fletcher","rmod:sl+1","rmod:victimresponsibility+1","rmod:circuitoustactics+1"],"picked":"SKIP","floor":48}],"player_experience":1242439,"relics_obtained":[{"floor":1.0,"key":"SynthV:TestCard"},{"floor":9.0,"key":"Strawberry"},{"floor":24.0,"key":"conspire:DeflatedDodgeball"},{"floor":25.0,"key":"Enchiridion"},{"floor":26.0,"key":"Lantern"},{"floor":37.0,"key":"Durian"},{"floor":41.0,"key":"REME_HourglassOfDeath"},{"floor":43.0,"key":"Potion Belt"},{"floor":47,"key":"Dota2Spire:ArcaneBoots"}],"event_choices":[{"damage_healed":0.0,"max_hp_gain":0.0,"max_hp_loss":0.0,"gold_gain":0.0,"event_name":"Scrap Ooze","player_choice":"Fled","floor":3.0,"gold_loss":0.0,"damage_taken":0.0},{"damage_healed":0.0,"max_hp_gain":0.0,"max_hp_loss":0.0,"gold_gain":0.0,"event_name":"Cursed Tome","player_choice":"Obtained Book","floor":25.0,"gold_loss":0.0,"damage_taken":16.0},{"damage_healed":0.0,"max_hp_gain":0.0,"max_hp_loss":0.0,"gold_gain":0.0,"event_name":"MindBloom","player_choice":"Fight","floor":37.0,"gold_loss":0.0,"damage_taken":0.0},{"cards_removed":["rmod:strick"],"damage_healed":0.0,"max_hp_gain":0.0,"max_hp_loss":0.0,"gold_gain":0.0,"event_name":"Falling","player_choice":"Removed Attack","floor":38.0,"gold_loss":0.0,"damage_taken":0.0}],"is_beta":false,"boss_relics":[{"not_picked":["vexMod:TanglingVine","GuanYuAspect"],"picked":"ShadowXiaoBlade"},{"not_picked":["AddBug","TakeMeEscape"],"picked":"Black Star"}],"items_purged_floors":[2,19,39],"is_endless":false,"potions_floor_spawned":[5,11,14,18,36,41,48],"ascension_level":10}}