{"host":"ovxa65d68iy9l57e","time":1610660521,"event":{"mods":["AchievementEnabler","BaseMod","Better Altar","Better Skull","Better Vampires","Colored Map","Curses Come First","Minty Spire (QoL Compilation)","Relic Stats","StSLib"],"gold_per_floor":[114,131,144,160,179,213,213,66,66,66,110,110,151,176,176,176,176],"floor_reached":16,"language":"SPA","playtime":973,"items_purged":["Strike_R"],"score":140,"play_id":"3251dc34-4cfc-4b55-932f-0f9689ae658b","local_time":"20210114224201","is_ascension_mode":true,"campfire_choices":[{"data":"Pommel Strike","floor":7,"key":"SMITH"},{"data":"Seeing Red","floor":12,"key":"SMITH"},{"floor":15,"key":"REST"}],"circlet_count":0,"master_deck":["Strike_R","Strike_R","Strike_R","Defend_R","Defend_R","Defend_R","Bash","Pommel Strike+1","Seeing Red+1","Shrug It Off","Spot Weakness","Shockwave","Flex"],"relics":["Burning Blood","Oddly Smooth Stone","The Courier","Golden Idol","Eternal Feather","Darkstone Periapt"],"acts_visited":["Exordium"],"potions_floor_usage":[6,6,11,14],"damage_taken":[{"damage":10,"enemies":"Small Slimes","floor":1,"turns":4},{"damage":2,"enemies":"2 Louse","floor":2,"turns":3},{"damage":11,"enemies":"Jaw Worm","floor":3,"turns":4},{"damage":11,"enemies":"2 Fungi Beasts","floor":4,"turns":5},{"damage":12,"enemies":"3 Louse","floor":5,"turns":4},{"damage":22,"enemies":"Lagavulin","floor":6,"turns":8},{"damage":8,"enemies":"3 Sentries","floor":11,"turns":9},{"damage":24,"enemies":"Lagavulin","floor":13,"turns":6},{"damage":20,"enemies":"Gremlin Gang","floor":14,"turns":4},{"damage":48,"enemies":"Hexaghost","floor":16,"turns":11}],"seed_played":"5623730018915263756","potions_obtained":[{"floor":1,"key":"Regen Potion"},{"floor":5,"key":"SpeedPotion"},{"floor":6,"key":"Block Potion"},{"floor":13,"key":"LiquidBronze"},{"floor":14,"key":"Dexterity Potion"}],"is_trial":false,"path_per_floor":["M","M","M","M","M","E","R","$","T","?","E","R","E","M","R","B"],"character_chosen":"IRONCLAD","items_purchased":["Shockwave"],"campfire_rested":1,"item_purchase_floors":[8],"current_hp_per_floor":[68,72,67,62,56,45,45,45,45,45,43,49,31,17,43,0,0],"gold":176,"neow_bonus":"REMOVE_TWO","is_daily":false,"chose_seed":false,"campfire_upgraded":2,"win_rate":0.0,"timestamp":1610660521,"path_taken":["M","M","M","M","M","E","R","$","T","?","E","R","E","M","R","BOSS"],"items_purchased_type":["Card"],"build_version":"2020-12-22","purchased_purges":1,"victory":false,"max_hp_per_floor":[72,72,72,72,72,72,72,72,72,67,67,67,67,67,67,67,67],"relic_stats":{"Darkstone Periapt":0,"counters":[10,58],"Golden Idol":22,"Eternal Feather":12,"obtain_stats":[{"Darkstone Periapt":13,"Golden Idol":10,"Oddly Smooth Stone":6,"Eternal Feather":11,"The Courier":9,"Burning Blood":0},{"Darkstone Periapt":8,"Golden Idol":6,"Oddly Smooth Stone":6,"Eternal Feather":7,"The Courier":6,"Burning Blood":0},{"Darkstone Periapt":43,"Golden Idol":28,"Oddly Smooth Stone":28,"Eternal Feather":37,"The Courier":28,"Burning Blood":0}],"Burning Blood":54},"card_choices":[{"not_picked":["Blood for Blood","Intimidate","Thunderclap"],"picked":"SKIP","floor":1},{"not_picked":["Battle Trance","Feel No Pain"],"picked":"Pommel Strike","floor":2},{"not_picked":["Body Slam","Havoc"],"picked":"Seeing Red","floor":3},{"not_picked":["Perfected Strike","True Grit"],"picked":"Shrug It Off","floor":4},{"not_picked":["Heavy Blade","Burning Pact"],"picked":"Spot Weakness","floor":5},{"not_picked":["Metallicize","True Grit","Armaments"],"picked":"SKIP","floor":6},{"not_picked":["Wild Strike","Warcry","Anger"],"picked":"SKIP","floor":11},{"not_picked":["Havoc","Anger"],"picked":"Flex","floor":13},{"not_picked":["Metallicize","Spot Weakness","Brutality"],"picked":"SKIP","floor":14}],"player_experience":277446,"relics_obtained":[{"floor":6,"key":"Oddly Smooth Stone"},{"floor":9,"key":"The Courier"},{"floor":11,"key":"Eternal Feather"},{"floor":13,"key":"Darkstone Periapt"}],"event_choices":[{"damage_healed":0,"gold_gain":0,"player_choice":"Lose Max HP","damage_taken":0,"relics_obtained":["Golden Idol"],"max_hp_gain":0,"max_hp_loss":5,"event_name":"Golden Idol","floor":10,"gold_loss":0}],"is_beta":false,"boss_relics":[],"items_purged_floors":[8],"is_endless":false,"potions_floor_spawned":[1,5,6,13,14],"killed_by":"Hexaghost","ascension_level":3}}