{"host":"tl8jdqk9pnwb74j1","time":1610624334,"event":{"mods":["BaseMod","BetterRewards","Custom Start","Minty Spire (QoL Compilation)","Shop Mod","StSLib","SuperFastMode"],"gold_per_floor":[110,60,13,27,27,27,54,71,98,108,122,137,212,231,231,328,628,628,628],"floor_reached":18,"language":"ZHS","playtime":563,"items_purged":[],"score":189,"play_id":"4f597615-0ee0-4825-b472-1363295317dc","local_time":"20210114193854","is_ascension_mode":false,"campfire_choices":[{"data":"True Grit","floor":6.0,"key":"SMITH"},{"data":"Entrench","floor":15.0,"key":"SMITH"}],"circlet_count":0,"master_deck":["Strike_R","Strike_R","Strike_R","Strike_R","Defend_R","Defend_R","Defend_R","Defend_R","Bash","Cleave","True Grit+1","Seeing Red","Decay","Shrug It Off","Entrench+1","Barricade","Wild Strike","CurseOfTheBell"],"relics":["Burning Blood","NeowsBlessing","Blood Vial","Happy Flower","Calling Bell","MealTicket","Meat on the Bone","Old Coin"],"acts_visited":["Exordium","TheCity"],"potions_floor_usage":[],"damage_taken":[{"damage":0.0,"enemies":"Jaw Worm","floor":1.0,"turns":1.0},{"damage":0.0,"enemies":"2 Louse","floor":4.0,"turns":1.0},{"damage":0.0,"enemies":"Gremlin Nob","floor":7.0,"turns":1.0},{"damage":10.0,"enemies":"Cultist","floor":8.0,"turns":4.0},{"damage":16.0,"enemies":"Exordium Wildlife","floor":10.0,"turns":5.0},{"damage":3.0,"enemies":"Large Slime","floor":11.0,"turns":9.0},{"damage":6.0,"enemies":"2 Fungi Beasts","floor":12.0,"turns":4.0},{"damage":9.0,"enemies":"Exordium Wildlife","floor":14.0,"turns":5.0},{"damage":36.0,"enemies":"The Guardian","floor":16.0,"turns":24.0},{"damage":0,"enemies":"3 Byrds","floor":18,"turns":1}],"seed_played":"-4403019343744202228","potions_obtained":[{"floor":8.0,"key":"Swift Potion"},{"floor":10.0,"key":"DuplicationPotion"},{"floor":11.0,"key":"BloodPotion"},{"floor":14.0,"key":"SkillPotion"},{"floor":16.0,"key":"LiquidBronze"}],"is_trial":false,"path_per_floor":["M","?","$","M","?","R","E","M","T","M","M","M","?","M","R","B",null,"M"],"character_chosen":"IRONCLAD","items_purchased":["True Grit"],"campfire_rested":0,"item_purchase_floors":[3],"current_hp_per_floor":[80,80,80,80,80,80,80,76,76,68,73,75,64,63,63,51,80,80,80],"gold":628,"neow_bonus":"THREE_ENEMY_KILL","is_daily":false,"chose_seed":false,"campfire_upgraded":2,"win_rate":0.0,"timestamp":1610624334,"path_taken":["M","?","?","M","?","R","E","M","T","?","M","M","?","M","R","BOSS","M"],"items_purchased_type":["Card"],"build_version":"2020-12-22","purchased_purges":0,"victory":false,"max_hp_per_floor":[80,80,80,80,80,80,80,80,80,80,80,80,80,80,80,80,80,80,80],"card_choices":[{"not_picked":["Heavy Blade","Burning Pact"],"picked":"Cleave","floor":1.0},{"not_picked":["Clothesline","Flex"],"picked":"Seeing Red","floor":4.0},{"not_picked":["Bloodletting","Combust"],"picked":"Shrug It Off","floor":7.0},{"not_picked":["Warcry","Second Wind"],"picked":"Entrench","floor":8.0},{"not_picked":["Combust","Clash"],"picked":"Barricade","floor":10.0},{"not_picked":["Anger","Heavy Blade"],"picked":"Wild Strike","floor":11.0},{"not_picked":["Cleave","Iron Wave","Twin Strike"],"picked":"SKIP","floor":12.0},{"not_picked":["Second Wind","Anger","Thunderclap"],"picked":"SKIP","floor":14.0}],"player_experience":957556,"relics_obtained":[{"floor":7.0,"key":"Blood Vial"},{"floor":9.0,"key":"Happy Flower"},{"floor":17.0,"key":"MealTicket"},{"floor":17.0,"key":"Meat on the Bone"},{"floor":17.0,"key":"Old Coin"}],"event_choices":[{"cards_removed":["Strike_R"],"damage_healed":0.0,"max_hp_gain":0.0,"max_hp_loss":0.0,"gold_gain":0.0,"event_name":"The Cleric","player_choice":"Card Removal","floor":2.0,"gold_loss":50.0,"damage_taken":0.0},{"damage_healed":0.0,"max_hp_gain":0.0,"max_hp_loss":0.0,"gold_gain":0.0,"event_name":"Wheel of Change","player_choice":"Cursed","floor":5.0,"gold_loss":0.0,"damage_taken":0.0,"cards_obtained":["Decay"]},{"damage_healed":0.0,"max_hp_gain":0.0,"max_hp_loss":0.0,"gold_gain":75.0,"event_name":"World of Goop","player_choice":"Gather Gold","floor":13.0,"gold_loss":0.0,"damage_taken":11.0}],"is_beta":false,"boss_relics":[{"not_picked":["Velvet Choker","Tiny House"],"picked":"Calling Bell"}],"items_purged_floors":[],"is_endless":false,"potions_floor_spawned":[8,10,11,14,16],"killed_by":"3 Byrds","ascension_level":0}}