{"host":"nn0yetzbeklxe8e9","time":1610618206,"event":{"mods":["Abigail Mod","AchievementEnabler","Act Like it!","Aspiration","BaseMod","Better Match","Better Vampires","BetterRewards","Colored Powertips","Curses Come First","Downfall","Friendly Minions","Gensokyo","Hallownest","Infinite Spire","Jorbs\u0027s Wanderer Trilogy","KinomotoSakuraMod(????)","Kiyohime????","Koishi","LagranYue(???·?)","Marisa????????","Minty Spire (QoL Compilation)","Permanent Neow","Prisma Mod","Quick Restart","READ ME - Snecko Mod","Rare Cards Sparkle","Remilia??????","Replay The Spire","Shade Mod","StSLib","The Animator","The Bug Knight","The Cursed","The Death Knight","The Gatherer","The Jungle","The Marked","The Necromancer","The Servant 0.9.4","The Wild Card","Waifu the Spire","WarShipGirlsR/????R mod","Youmu??????","Yuri Mod"],"gold_per_floor":[119,138,138,49,49,49,66,93,140,140,154,178,178,207,207,312,312,339,254,76,108,108,124,124,124,199,215,215,240,15,25,25,142,142,155,115,146,146,169,169,196,256,303,313,333,345,345,345],"floor_reached":47,"language":"ENG","playtime":6981,"items_purged":["animator:Strike"],"score":458,"play_id":"cd4ae52e-2eab-49d6-a92a-c25eb155898b","local_time":"20210114045646","is_ascension_mode":false,"campfire_choices":[{"data":"animator:RoryMercury","floor":6,"key":"SMITH"},{"data":"animator:Megumin","floor":10,"key":"SMITH"},{"data":"animator:Megumin+3","floor":13,"key":"SMITH"},{"data":"animator:Megumin+5","floor":15,"key":"SMITH"},{"data":"animator:Megumin+9","floor":24,"key":"SMITH"},{"data":"animator:Megumin+10","floor":28,"key":"SMITH"},{"data":"animator:Megumin+14","floor":32,"key":"SMITH"},{"data":"animator:Megumin+19","floor":40,"key":"SMITH"}],"circlet_count":0,"master_deck":["animator:Strike_Konosuba","animator:Defend_Konosuba+1","animator:Strike","animator:Strike","animator:Defend","animator:Defend","animator:Defend","animator:Kazuma","animator:Aqua","animator:WinryRockbell","animator:RoryMercury+1","animator:Mitsurugi","animator:Witch","animator:Megumin+22","animator:GuildGirl+1","animator:Greed","animator:Hans","animator:Darkness","animator:YunYun","animator:DolaRiku","animator:DolaRiku","animator:Pride","animator:Sloth+1","animator:DolaSchwi","animator:DolaStephanie","animator:Envy+1","animator:Saber","animator:HiiragiShinya","animator:MisakiNakahara","animator:ZankiKiguchi+1","animator:KrulTepes+1","animator:Alexander+1","animator:Darkness+1"],"relics":["animator:LivingPicture","animator:TheMissingPiece","animator:PurgingStone","LagranYue:RandomDrawCardRelic","aspiration:Nostalgia","rmod:firstchargereward","yuri:PortableGlitches","ReplayFunnel","Lantern","Replay:Grab Bag","Mark of Pain","Sozu","aspiration:RitualDagger","Omamori","Frozen Egg 2","Strange Spoon","aspiration:MarisaSkillbook","aspiration:HummingbirdHeart"],"acts_visited":["Exordium","TheCity","TheBeyond"],"potions_floor_usage":[12,14,16,16],"damage_taken":[{"damage":0,"enemies":"2 Louse","floor":1,"turns":2},{"damage":0,"enemies":"Cultist","floor":2,"turns":5},{"damage":0,"enemies":"Jaw Worm","floor":7,"turns":4},{"damage":7,"enemies":"Exordium Thugs","floor":8,"turns":4},{"damage":0,"enemies":"Exordium Wildlife","floor":11,"turns":2},{"damage":0,"enemies":"Large Slime","floor":12,"turns":6},{"damage":1,"enemies":"Lagavulin","floor":14,"turns":11},{"damage":35,"enemies":"Fading Forest","floor":16,"turns":11},{"damage":9,"enemies":"2 Thieves","floor":18,"turns":3},{"damage":7,"enemies":"3 Byrds","floor":21,"turns":3},{"damage":18,"enemies":"Snecko","floor":23,"turns":7},{"damage":24,"enemies":"Snake Plant","floor":27,"turns":5},{"damage":28,"enemies":"3 Cultists","floor":29,"turns":4},{"damage":3,"enemies":"Shelled Parasite and Fungi","floor":31,"turns":1},{"damage":39,"enemies":"Champ","floor":33,"turns":10},{"damage":3,"enemies":"3 Shapes","floor":35,"turns":1},{"damage":18,"enemies":"3 Darklings","floor":37,"turns":3},{"damage":21,"enemies":"Jaw Worm Horde","floor":39,"turns":3},{"damage":3,"enemies":"3 Darklings","floor":41,"turns":1},{"damage":3,"enemies":"4 Shapes","floor":44,"turns":1},{"damage":33,"enemies":"Writhing Mass","floor":45,"turns":7},{"damage":31,"enemies":"3 Darklings","floor":46,"turns":4},{"damage":66,"enemies":"Reptomancer","floor":47,"turns":3}],"seed_played":"4182247046737024806","potions_obtained":[{"floor":8,"key":"Fire Potion"},{"floor":11,"key":"animator:FalseLifePotion"}],"is_trial":false,"path_per_floor":["M","M","?","$","T","R","M","M","T","R","M","M","R","E","R","B",null,"M","?","$","M","AVR","M","R","?","T","M","R","M","$","M","R","B",null,"M","?","M","?","M","R","M","?","T","M","M","M","E"],"character_chosen":"THE_ANIMATOR","items_purchased":["animator:RoryMercury","animator:Mitsurugi","animator:YunYun","animator:DolaRiku","Strange Spoon","animator:Megumin"],"campfire_rested":0,"item_purchase_floors":[4,4,20,20,30,30],"current_hp_per_floor":[66,66,66,66,66,66,66,59,59,59,61,63,63,64,64,32,67,60,60,60,55,55,40,40,40,40,18,18,67,67,67,67,64,67,67,67,67,67,67,67,67,42,42,68,52,39,0,0],"gold":345,"neow_bonus":"NOSTALGIA","is_daily":false,"chose_seed":false,"campfire_upgraded":8,"win_rate":0.0,"timestamp":1610618206,"path_taken":["M","M","?","?","?","R","?","M","T","R","M","M","R","E","R","BOSS","M","?","$","M","AVR","M","R","?","T","?","R","M","$","M","R","BOSS","M","?","?","?","M","R","M","?","T","?","M","M","E"],"items_purchased_type":["Card","Card","Card","Card","Relic","Card"],"build_version":"2020-12-22","purchased_purges":1,"victory":false,"max_hp_per_floor":[66,66,66,66,66,66,66,66,66,66,66,66,66,66,66,67,67,67,67,67,67,67,67,67,67,67,67,67,67,67,67,67,67,67,67,67,67,67,67,67,67,68,68,68,68,68,68,68],"card_choices":[{"not_picked":["animator:Tyuule","animator:Lancer"],"picked":"animator:Witch","floor":1},{"not_picked":["animator:YaoHaDucy","animator:Shigure"],"picked":"animator:WinryRockbell","floor":2},{"not_picked":["animator:Benimaru","animator:LeleiLaLalena"],"picked":"animator:Witch","floor":7},{"not_picked":["animator:Wiz","animator:Verdia"],"picked":"animator:Megumin","floor":8},{"not_picked":["animator:Hakurou","animator:Archer"],"picked":"animator:GuildGirl","floor":11},{"not_picked":["animator:Nanami","animator:Caster"],"picked":"animator:Megumin","floor":12},{"not_picked":["animator:TsurugaMeisai","animator:Mitsurugi"],"picked":"animator:Greed","floor":14},{"not_picked":["animator:Father","animator:SwordMaiden"],"picked":"animator:Hans","floor":16},{"not_picked":["animator:Aqua","animator:Kazuma"],"picked":"animator:Darkness","floor":18},{"not_picked":["animator:Aqua","animator:DwarfShaman"],"picked":"animator:Pride","floor":21},{"not_picked":["animator:DolaRiku","animator:Hitei"],"picked":"animator:Sloth+1","floor":23},{"not_picked":["animator:Shuna","animator:Sloth"],"picked":"animator:DolaSchwi","floor":27},{"not_picked":["animator:Jibril","animator:DolaRiku"],"picked":"animator:DolaStephanie","floor":29},{"not_picked":["animator:Shion","animator:DolaCouronne"],"picked":"animator:Envy+1","floor":31},{"not_picked":["animator:Sora","animator:Greed+1"],"picked":"animator:Saber","floor":33},{"not_picked":["animator:Shuna","animator:Benimaru","animator:Spearman","animator:Yoichi"],"picked":"SKIP","floor":35},{"not_picked":["DC","animator:UneriGinkaku+1","NonDirectionalLaser"],"picked":"animator:HiiragiShinya","floor":37},{"not_picked":["animator:KotoriKanbe","animator:Emilia","animator:HououinKyouma"],"picked":"animator:MisakiNakahara","floor":38},{"not_picked":["animator:Scar","animator:Konayuki","animator:Kuribayashi"],"picked":"animator:ZankiKiguchi+1","floor":41},{"not_picked":["DarkMatter","OrrerysSun+1","Singularity+1"],"picked":"animator:KrulTepes+1","floor":42},{"not_picked":["GalacticHalo+1","MeteoricShower+1","DC+1"],"picked":"animator:Alexander+1","floor":42},{"not_picked":["GrandCross","animator:Mitsuba","animator:Yuuichirou+1","animator:DwarfShaman"],"picked":"SKIP","floor":44},{"not_picked":["animator:DolaCouronne","animator:RoryMercury","animator:Shizu","animator:CrowleyEusford"],"picked":"SKIP","floor":45},{"not_picked":["animator:Mitsurugi","animator:YunYun","animator:Verdia"],"picked":"animator:Darkness+1","floor":46}],"player_experience":235977,"relics_obtained":[{"floor":5,"key":"yuri:PortableGlitches"},{"floor":9,"key":"ReplayFunnel"},{"floor":14,"key":"Lantern"},{"floor":26,"key":"Frozen Egg 2"},{"floor":42,"key":"aspiration:HummingbirdHeart"}],"event_choices":[{"cards_removed":["Jack Of All Trades"],"damage_healed":0,"gold_gain":0,"player_choice":"Took Card","damage_taken":0,"max_hp_gain":0,"max_hp_loss":0,"event_name":"NoteForYourself","floor":3,"gold_loss":0,"cards_obtained":["Jack Of All Trades"]},{"damage_healed":0,"gold_gain":0,"player_choice":"Obtained Relic","damage_taken":0,"relics_obtained":["Omamori"],"max_hp_gain":0,"max_hp_loss":0,"event_name":"Addict","floor":19,"gold_loss":85},{"cards_removed":["animator:Witch"],"damage_healed":0,"gold_gain":0,"player_choice":"Elegance","damage_taken":0,"max_hp_gain":0,"max_hp_loss":0,"event_name":"Back to Basics","floor":25,"gold_loss":0},{"damage_healed":0,"gold_gain":0,"player_choice":"Upgraded Two","damage_taken":0,"max_hp_gain":0,"max_hp_loss":0,"event_name":"Designer","floor":36,"gold_loss":40,"cards_upgraded":["animator:GuildGirl","animator:Defend_Konosuba"]},{"damage_healed":0,"gold_gain":0,"player_choice":"Memory 1","damage_taken":0,"max_hp_gain":0,"max_hp_loss":0,"event_name":"SensoryStone","floor":38,"gold_loss":0}],"is_beta":false,"boss_relics":[{"not_picked":["Replay:Wanted Poster","aspiration:WatcherSkillbook"],"picked":"Replay:Grab Bag"},{"not_picked":["ChewingGum","Velvet Choker"],"picked":"Mark of Pain"},{"not_picked":["aspiration:FutureDiary","Ectoplasm"],"picked":"Sozu"},{"not_picked":["SlaversCollar","Kintsugi"],"picked":"aspiration:RitualDagger"},{"not_picked":["Black Star","SacredBark"],"picked":"aspiration:MarisaSkillbook"}],"items_purged_floors":[20],"is_endless":false,"potions_floor_spawned":[8,11,18,27,33,35,41,45],"killed_by":"Reptomancer","ascension_level":0}}