{"host":"w8hjdfrntrrvtiu5","time":1610601001,"event":{"mods":["AchievementEnabler","BaseMod","BetterRewards","Conspire","Hubris","Marisa????????","Minty Spire (QoL Compilation)","Shop Mod","StSLib","Td1madao Mod","The Animator","egg","everything is the same but u backflip on backflip"],"gold_per_floor":[112,112,11,11,22,50,50,185,185,211,211,172,172,190,190,389,389,403,403,414,464,484,519,519,41,110,128,157,157,273,188,188,286,286,298,298,312,237,237,237,272,290,290,290,290,309,309,329,329,329],"floor_reached":51,"language":"ENG","playtime":2333,"items_purged":["Strike_G"],"score":1197,"play_id":"4bd8a8df-32ed-45cb-81d1-6c4dd7419f8f","local_time":"20210114001001","is_ascension_mode":true,"campfire_choices":[{"data":"Bullet Time","floor":7.0,"key":"SMITH"},{"floor":11.0,"key":"REST"},{"data":"conspire:DoublingDagger","floor":13.0,"key":"SMITH"},{"data":"Dash","floor":15.0,"key":"SMITH"},{"floor":24.0,"key":"REST"},{"data":"Prepared","floor":29.0,"key":"SMITH"},{"data":"Riddle With Holes","floor":32.0,"key":"SMITH"},{"data":"Catalyst","floor":40,"key":"SMITH"},{"floor":47,"key":"DIG"},{"floor":49,"key":"DIG"}],"circlet_count":0,"master_deck":["AscendersBane","Strike_G+1","Strike_G","Defend_G","Defend_G","Defend_G","Defend_G","Defend_G","Survivor","Neutralize+1","Prepared+1","Poisoned Stab","conspire:DoublingDagger+1","Bullet Time+1","Dash+1","PiercingWail","Quick Slash","Adrenaline","Dagger Spray","RitualDagger","Caltrops+1","Backstab+1","Riddle With Holes+1","Backflip","Bouncing Flask","Dodge and Roll+1","Corpse Explosion","Dagger Throw+1","Catalyst+1","Well Laid Plans+1","After Image","Leg Sweep+1","hubris:Compulsion","Prepared","animator:Curse_Greed","Catalyst+1","Leg Sweep"],"relics":["Ring of the Snake","NeowsBlessing","hubris:Icosahedron","Vajra","Anchor","Pen Nib","hubris:SphereOfDissonance","Bottled Flame","Black Star","conspire:DecoderRing","Strawberry","Gambling Chip","TwistedFunnel","Bottled Lightning","Prayer Wheel","MealTicket","Bag of Preparation","Cursed Key","Smiling Mask","Whetstone","Shovel","Juzu Bracelet","Molten Egg 2","Snake Skull"],"acts_visited":["Exordium","TheCity","TheBeyond"],"potions_floor_usage":[33,33,33,35,37,41,41,50],"damage_taken":[{"damage":0.0,"enemies":"conspire:RoseBush","floor":1.0,"turns":1.0},{"damage":0.0,"enemies":"2 Louse","floor":5.0,"turns":1.0},{"damage":0.0,"enemies":"Lagavulin","floor":6.0,"turns":1.0},{"damage":39.0,"enemies":"3 Sentries","floor":8.0,"turns":10.0},{"damage":14.0,"enemies":"Gremlin Nob","floor":10.0,"turns":4.0},{"damage":0.0,"enemies":"Jaw Worm","floor":12.0,"turns":3.0},{"damage":0.0,"enemies":"Looter","floor":14.0,"turns":1.0},{"damage":1.0,"enemies":"Slime Boss","floor":16.0,"turns":7.0},{"damage":0.0,"enemies":"Chosen","floor":18.0,"turns":4.0},{"damage":18.0,"enemies":"Spheric Guardian","floor":20.0,"turns":4.0},{"damage":19.0,"enemies":"Snake Plant","floor":22.0,"turns":5.0},{"damage":3.0,"enemies":"Slavers","floor":23.0,"turns":3.0},{"damage":0.0,"enemies":"Snecko","floor":27.0,"turns":2.0},{"damage":28.0,"enemies":"conspire:Head Lice","floor":28.0,"turns":5.0},{"damage":0.0,"enemies":"Cultist and Chosen","floor":30.0,"turns":3.0},{"damage":46,"enemies":"Champ","floor":33,"turns":9},{"damage":0,"enemies":"Orb Walker","floor":35,"turns":2},{"damage":0,"enemies":"3 Darklings","floor":37,"turns":3},{"damage":12,"enemies":"Reptomancer","floor":41,"turns":4},{"damage":4,"enemies":"Transient","floor":42,"turns":5},{"damage":0,"enemies":"Jaw Worm Horde","floor":46,"turns":2},{"damage":0,"enemies":"Sphere and 2 Shapes","floor":48,"turns":2},{"damage":54,"enemies":"Awakened One","floor":50,"turns":13}],"seed_played":"3475002316351714289","potions_obtained":[{"floor":6.0,"key":"SneckoOil"},{"floor":10.0,"key":"Strength Potion"},{"floor":12.0,"key":"Weak Potion"},{"floor":22.0,"key":"SteroidPotion"},{"floor":27.0,"key":"FearPotion"},{"floor":30.0,"key":"Explosive Potion"},{"floor":37,"key":"Block Potion"},{"floor":48,"key":"ColorlessPotion"}],"is_trial":false,"path_per_floor":["M","?","$","?","M","E","R","E","T","E","R","M","R","M","R","B",null,"M","?","M","?","M","E","R","$","T","M","E","R","M","?","R","B",null,"M","?","M","$","?","R","E","M","T","?","T","M","R","M","R","B",null],"character_chosen":"THE_SILENT","items_purchased":["Poisoned Stab","Poison Potion","Gambling Chip","TwistedFunnel","Backflip"],"campfire_rested":2,"item_purchase_floors":[3,3,25,25,25],"current_hp_per_floor":[63,63,63,63,63,63,63,24,24,10,31,31,31,31,31,30,60,60,54,36,36,17,21,44,44,44,44,49,49,49,49,49,3,59,59,59,59,74,74,74,62,58,58,58,58,58,58,58,58,4],"gold":329,"neow_bonus":"THREE_ENEMY_KILL","is_daily":false,"chose_seed":false,"campfire_upgraded":6,"win_rate":0.0,"timestamp":1610601001,"path_taken":["M","?","$","?","M","E","R","E","T","E","R","M","R","?","R","BOSS","M","?","M","?","M","E","R","$","T","M","E","R","?","?","R","BOSS","M","?","?","$","?","R","E","?","T","?","?","M","R","M","R","BOSS"],"items_purchased_type":["Card","Potion","Relic","Relic","Card"],"build_version":"2020-12-22","purchased_purges":1,"victory":true,"max_hp_per_floor":[70,70,70,70,70,70,70,70,70,70,70,70,70,70,70,70,70,70,70,70,70,70,77,77,77,77,77,77,77,77,77,77,77,77,77,77,77,77,77,77,77,77,77,77,77,77,77,77,77,77],"card_choices":[{"not_picked":["Acrobatics","Concentrate"],"picked":"Prepared","floor":1.0},{"not_picked":["hubris:TrickCloak","Blade Dance"],"picked":"conspire:DoublingDagger","floor":5.0},{"not_picked":["conspire:DoublingDagger","conspire:PoisonWeapons"],"picked":"Bullet Time","floor":6.0},{"not_picked":["Terror","Finisher"],"picked":"Dash","floor":8.0},{"not_picked":["Tactician","Concentrate","conspire:DoublingDagger"],"picked":"SKIP","floor":10.0},{"not_picked":["Outmaneuver","Deadly Poison"],"picked":"PiercingWail","floor":12.0},{"not_picked":["Deadly Poison","Slice"],"picked":"Quick Slash","floor":14.0},{"not_picked":["After Image","Night Terror"],"picked":"Adrenaline","floor":16.0},{"not_picked":["Distraction","Underhanded Strike"],"picked":"Dagger Spray","floor":18.0},{"not_picked":["Sucker Punch","Escape Plan"],"picked":"Caltrops+1","floor":20.0},{"not_picked":["Dagger Throw","Caltrops"],"picked":"Backstab+1","floor":22.0},{"not_picked":["Slice+1","Predator"],"picked":"Riddle With Holes","floor":23.0},{"not_picked":["Deflect","hubris:SlightOfHand+1"],"picked":"Bouncing Flask","floor":27.0},{"not_picked":["Phantasmal Killer","PiercingWail"],"picked":"Dodge and Roll+1","floor":28.0},{"not_picked":["Slice+1","Deflect","hubris:SlightOfHand+1"],"picked":"SKIP","floor":30.0},{"not_picked":["Flechettes+1","Dodge and Roll+1","Sucker Punch"],"picked":"SKIP","floor":30.0},{"not_picked":["Adrenaline","Doppelganger"],"picked":"Corpse Explosion","floor":33},{"not_picked":["Blade Dance","Backstab"],"picked":"Dagger Throw+1","floor":35},{"not_picked":["Dodge and Roll","Dagger Spray","Poisoned Stab"],"picked":"SKIP","floor":35},{"not_picked":["Bane","Eviscerate+1"],"picked":"Catalyst","floor":37},{"not_picked":["Dagger Spray","PiercingWail"],"picked":"Well Laid Plans+1","floor":37},{"not_picked":["Underhanded Strike+1","Tools of the Trade"],"picked":"Leg Sweep+1","floor":41},{"not_picked":["hubris:TrickCloak+1","hubris:Sniper+1","Flying Knee"],"picked":"SKIP","floor":42},{"not_picked":["hubris:SlightOfHand","Outmaneuver","Dagger Throw"],"picked":"SKIP","floor":42},{"not_picked":["Storm of Steel","Deflect"],"picked":"Catalyst+1","floor":46},{"not_picked":["Flying Knee","Dagger Throw","PiercingWail"],"picked":"SKIP","floor":46},{"not_picked":["Deflect","Setup","Bouncing Flask"],"picked":"SKIP","floor":48},{"not_picked":["Flying Knee+1","Leg Sweep","Quick Slash+1"],"picked":"SKIP","floor":48},{"not_picked":["Flying Knee+1","Quick Slash+1"],"picked":"Leg Sweep","floor":48},{"not_picked":["Deflect","Setup","Bouncing Flask"],"picked":"SKIP","floor":48}],"player_experience":2391045,"relics_obtained":[{"floor":6.0,"key":"Anchor"},{"floor":8.0,"key":"Pen Nib"},{"floor":9.0,"key":"hubris:SphereOfDissonance"},{"floor":10.0,"key":"Bottled Flame"},{"floor":23.0,"key":"conspire:DecoderRing"},{"floor":23.0,"key":"Strawberry"},{"floor":26.0,"key":"Bottled Lightning"},{"floor":28.0,"key":"Prayer Wheel"},{"floor":28.0,"key":"MealTicket"},{"floor":41,"key":"Smiling Mask"},{"floor":41,"key":"Whetstone"},{"floor":43,"key":"Shovel"},{"floor":45,"key":"Juzu Bracelet"},{"floor":47,"key":"Molten Egg 2"},{"floor":49,"key":"Snake Skull"}],"event_choices":[{"damage_healed":0.0,"max_hp_gain":0.0,"max_hp_loss":0.0,"gold_gain":0.0,"event_name":"WeMeetAgain","player_choice":"Gave Potion","floor":4.0,"gold_loss":0.0,"damage_taken":0.0,"relics_obtained":["Vajra"]},{"damage_healed":0.0,"max_hp_gain":0.0,"max_hp_loss":0.0,"gold_gain":0.0,"event_name":"Nest","player_choice":"Joined the Cult","floor":19.0,"gold_loss":0.0,"damage_taken":6.0,"cards_obtained":["RitualDagger"]},{"damage_healed":0.0,"max_hp_gain":0.0,"max_hp_loss":0.0,"gold_gain":100.0,"event_name":"The Joust","player_choice":"Bet on Murderer","floor":21.0,"gold_loss":50.0,"damage_taken":0.0},{"damage_healed":0.0,"max_hp_gain":0.0,"max_hp_loss":0.0,"gold_gain":0.0,"event_name":"Addict","player_choice":"Obtained Relic","floor":31.0,"gold_loss":85.0,"damage_taken":0.0,"relics_obtained":["Bag of Preparation"]},{"cards_removed":["Strike_G"],"damage_healed":0,"gold_gain":0,"player_choice":"Card Removal","damage_taken":0,"max_hp_gain":0,"max_hp_loss":0,"event_name":"Wheel of Change","floor":36,"gold_loss":0},{"damage_healed":0,"gold_gain":0,"cards_transformed":["Strike_G"],"player_choice":"Transformed","damage_taken":0,"max_hp_gain":0,"max_hp_loss":0,"event_name":"Transmorgrifier","floor":39,"gold_loss":0,"cards_obtained":["After Image"]}],"is_beta":false,"boss_relics":[{"not_picked":["hubris:BlackHole","hubris:Stopwatch"],"picked":"Black Star"},{"not_picked":["Runic Pyramid","Fusion Hammer"],"picked":"Cursed Key"}],"items_purged_floors":[38],"is_endless":false,"potions_floor_spawned":[6,10,12,14,18,22,27,30,37,48],"ascension_level":11}}