{"host":"mal0jdk4f6ubgyb8","time":1610656401,"event":{"mods":["Act Like it!","Aspiration","BaseMod","Gensokyo","Hallownest","Koishi","Luminous","Marisa£®ÏF”Í°°ƒß¿Ì…≥£©","Minty Spire (QoL Compilation)","Quick Restart","Reimu£®≤©¿ˆ¡È√Œ£©","Relic Stats","Remilia£®¿Ÿ√◊¿Ú—«£©","StSLib","The Bug Knight","WarShipGirlsR/’ΩΩ¢…Ÿ≈ÆR mod","Yakumo Yukari mod","Youmu£®ªÍ∆«—˝√Œ£©","Yuri Mod","Yuyuko"],"gold_per_floor":[113,113,113,113,131,131,158,172,196,196,225,225,225,260,260,358,358,373,386,404,404,421,434,460,460,460,460,385,416,416,446,446,544,544,554,324,336,336,97,130,130,130,201,201,211,94,84,24,24,24,24,24,2,28,28],"floor_reached":56,"language":"ZHS","playtime":2918,"items_purged":["Fantasy Butterflies"],"score":1330,"play_id":"f32ef3cf-f3d7-4b62-b2b9-1631163465d4","local_time":"20210115043321","is_ascension_mode":true,"campfire_choices":[{"data":"Deathly Ground","floor":6.0,"key":"SMITH"},{"data":"Spear of Papilio","floor":12.0,"key":"SMITH"},{"floor":15.0,"key":"RECALL"},{"data":"Revive The Butterflies","floor":25.0,"key":"SMITH"},{"data":"Postpone Bloom","floor":32.0,"key":"SMITH"},{"data":"Float on Moon","floor":41.0,"key":"SMITH"},{"data":"Remain Here","floor":49.0,"key":"SMITH"},{"data":"Full Inky Sakura","floor":52.0,"key":"SMITH"}],"circlet_count":0,"master_deck":["Fantasy Butterflies+1","Fantasy Butterflies","Fantasy Butterflies","Fantasy Butterflies","Dreamy Sakura","Dreamy Sakura","Dreamy Sakura","Dreamy Sakura","Dreamy Sakura","Deathly Ground+1","Unknown Petal","Spear of Papilio+1","Revive The Butterflies+1","Redemption of Death+1","Sweet of Phantom+1","Postpone Bloom+1","Float on Moon+1","Redemption of Death+1","Lunch+1","Fondling of Papilio+1","Full Inky Sakura+1","City of Death+1","Gensokyo:OverchargedCore","Remain Here+1","Gensokyo:CustomPotion","Bloom+1","Nihility+1"],"relics":["Coronal","Yuyuko\u0027s fan","yuri:PortableGlitches","Blood Vial","Gensokyo:CelestialsFlawlessClothing","Question Card","Calipers","Coffee Dripper","HollowMod:StagPassRelic","Dream Catcher","Gensokyo:MosesMiracle","Ghost Lamp","Gensokyo:ConquerorOfFear","aspiration:StickyExplosives_weak","SlaversCollar","Strawberry","Shuriken","Bag of Marbles","Molten Egg 2","Vajra","Tea:ReiMu"],"acts_visited":["Exordium","Gensokyo:Gensokyo","Gensokyo:Gensokyoer","TheEnding"],"potions_floor_usage":[],"damage_taken":[{"damage":17.0,"enemies":"Gensokyo:Python","floor":1.0,"turns":4.0},{"damage":2.0,"enemies":"Gensokyo:3_Fairies","floor":5.0,"turns":2.0},{"damage":36.0,"enemies":"Gensokyo:Mamizou","floor":7.0,"turns":11.0},{"damage":15.0,"enemies":"Gensokyo:2_Kodama","floor":8.0,"turns":3.0},{"damage":39.0,"enemies":"Gensokyo:Aya","floor":11.0,"turns":6.0},{"damage":28.0,"enemies":"Gensokyo:Mamizou","floor":14.0,"turns":9.0},{"damage":84.0,"enemies":"Gensokyo:Kokoro","floor":16.0,"turns":13.0},{"damage":24.0,"enemies":"Gensokyo:3_Dogs","floor":18.0,"turns":4.0},{"damage":37.0,"enemies":"Gensokyo:Chomper","floor":19.0,"turns":5.0},{"damage":20.0,"enemies":"Gensokyo:3_Gloops","floor":20.0,"turns":4.0},{"damage":58.0,"enemies":"Gensokyo:Slime_Group","floor":22.0,"turns":7.0},{"damage":12.0,"enemies":"Gensokyo:Wraith","floor":23.0,"turns":4.0},{"damage":7.0,"enemies":"Gensokyo:Reisen","floor":24.0,"turns":4.0},{"damage":5.0,"enemies":"Gensokyo:Koishi","floor":29.0,"turns":3.0},{"damage":4.0,"enemies":"Gensokyo:Reisen","floor":31.0,"turns":4.0},{"damage":5.0,"enemies":"Gensokyo:Eiki","floor":33.0,"turns":5.0},{"damage":35.0,"enemies":"Gensokyo:AncientGuardian","floor":35.0,"turns":4.0},{"damage":22.0,"enemies":"Gensokyo:3_Bats","floor":37.0,"turns":3.0},{"damage":50.0,"enemies":"Gensokyo:Marisa","floor":40.0,"turns":4.0},{"damage":50.0,"enemies":"Gensokyo:Dusk_and_Dawn","floor":45.0,"turns":4.0},{"damage":10.0,"enemies":"Gensokyo:Yuyuko","floor":50.0,"turns":4.0},{"damage":57.0,"enemies":"Shield and Spear","floor":54.0,"turns":5.0},{"damage":82,"enemies":"The Heart","floor":55,"turns":5}],"seed_played":"-2633292124069526461","potions_obtained":[{"floor":1.0,"key":"Strength Potion"},{"floor":7.0,"key":"PowerPotion"},{"floor":11.0,"key":"EssenceOfSteel"},{"floor":22.0,"key":"ColorlessPotion"},{"floor":29.0,"key":"Weak Potion"},{"floor":33.0,"key":"Strength Potion"},{"floor":37.0,"key":"Ancient Potion"},{"floor":40.0,"key":"Explosive Potion"}],"is_trial":false,"path_per_floor":["M","?","?","?","M","R","E","M","T","?","E","R","?","E","R","B",null,"M","M","M","?","M","M","E","R","T","?","$","E","?","E","R","B",null,"M","$","M","?","$","E","R","?","T","?","M","COS","?","?","R","B",null,"R","$","E","B",null],"character_chosen":"YUYOKO","items_purchased":["Strawberry","Lunch","Shuriken","Bloom"],"campfire_rested":0,"item_purchase_floors":[36,36,39,53],"current_hp_per_floor":[36,36,41,32,38,38,28,27,27,16,34,34,34,36,36,32,45,40,40,11,11,16,12,18,18,18,18,18,17,17,5,5,28,45,38,45,29,29,29,28,28,33,33,33,24,24,24,24,24,24,52,52,52,13,18],"gold":28,"neow_bonus":"REMOVE_CARD","is_daily":false,"chose_seed":false,"campfire_upgraded":7,"win_rate":0.0,"timestamp":1610656401,"path_taken":["M","?","?","?","?","R","E","M","T","?","E","R","?","E","R","BOSS","M","M","M","?","M","?","E","R","T","?","$","E","?","E","R","BOSS","M","$","M","?","$","E","R","?","T","?","M","COS","?","?","R","BOSS","R","$","E","BOSS"],"items_purchased_type":["Relic","Card","Relic","Card"],"build_version":"2020-12-22","purchased_purges":1,"victory":true,"max_hp_per_floor":[40,40,45,45,45,45,45,45,45,45,45,45,45,45,45,45,45,45,45,45,45,45,45,45,45,45,45,45,45,45,45,45,45,45,45,52,52,52,52,52,52,52,52,52,52,52,52,52,52,52,52,52,52,52,52],"relic_stats":{"Blood Vial":32,"Dream Catcher":0,"counters":[23,117],"Shuriken":[2],"Question Card":16,"obtain_stats":[{"Calipers":14,"Gensokyo:UndefinedDarkness":30,"Gensokyo:MosesMiracle":33,"Vajra":54,"Tea:ReiMu":54,"Gensokyo:ConquerorOfFear":31,"Gensokyo:CelestialsFlawlessClothing":10,"Question Card":11,"HollowMod:StagPassRelic":24,"aspiration:StickyExplosives_weak":31,"Blood Vial":7,"Frozen Eye":29,"SlaversCollar":34,"Dream Catcher":26,"Yuyuko\u0027s fan":0,"Shuriken":39,"Coronal":0,"Gensokyo:DayTheSeaSplit":27,"Strawberry":36,"Molten Egg 2":43,"Coffee Dripper":17,"Ghost Lamp":29,"Bag of Marbles":40,"yuri:PortableGlitches":4},{"Calipers":6,"Gensokyo:UndefinedDarkness":14,"Gensokyo:MosesMiracle":16,"Vajra":22,"Tea:ReiMu":22,"Gensokyo:ConquerorOfFear":15,"Gensokyo:CelestialsFlawlessClothing":4,"Question Card":5,"HollowMod:StagPassRelic":13,"aspiration:StickyExplosives_weak":15,"Blood Vial":3,"Frozen Eye":13,"SlaversCollar":16,"Dream Catcher":13,"Yuyuko\u0027s fan":0,"Shuriken":18,"Coronal":0,"Gensokyo:DayTheSeaSplit":13,"Strawberry":17,"Molten Egg 2":19,"Coffee Dripper":7,"Ghost Lamp":14,"Bag of Marbles":19,"yuri:PortableGlitches":1},{"Calipers":35,"Gensokyo:UndefinedDarkness":79,"Gensokyo:MosesMiracle":88,"Vajra":111,"Tea:ReiMu":112,"Gensokyo:ConquerorOfFear":83,"Gensokyo:CelestialsFlawlessClothing":20,"Question Card":26,"HollowMod:StagPassRelic":76,"aspiration:StickyExplosives_weak":83,"Blood Vial":17,"Frozen Eye":76,"SlaversCollar":88,"Dream Catcher":76,"Yuyuko\u0027s fan":0,"Shuriken":95,"Coronal":0,"Gensokyo:DayTheSeaSplit":76,"Strawberry":92,"Molten Egg 2":99,"Coffee Dripper":48,"Ghost Lamp":79,"Bag of Marbles":99,"yuri:PortableGlitches":4}]},"card_choices":[{"not_picked":["Showy Withering","Unborn Light","Full Moon"],"picked":"SKIP","floor":1.0},{"not_picked":["Butterflies Rainbow","Unstable Ward","Suicide"],"picked":"SKIP","floor":5.0},{"not_picked":["Song of Papilio","Gather the Spring"],"picked":"Unknown Petal","floor":7.0},{"not_picked":["Infinite Sin","Reverse The Screen","Immigrant Phantom"],"picked":"SKIP","floor":8.0},{"not_picked":["Become Phantom","Living to Die"],"picked":"Spear of Papilio","floor":11.0},{"not_picked":["Monster Cherry Tree","Final of Final","Ghostdom Sakura","End of Faramita"],"picked":"SKIP","floor":14.0},{"not_picked":["Reunion after Death","Ghastly Dream","The Inky Sakura"],"picked":"Revive The Butterflies","floor":16.0},{"not_picked":["Childlike","Linger over Flower+1","End of Faramita+1","All Wander"],"picked":"SKIP","floor":18.0},{"not_picked":["Redemption of Death","Song of Papilio+1","Gather the Spring","Unknown Petal+1"],"picked":"SKIP","floor":19.0},{"not_picked":["All Wander+1","Unpaved Way","Butterflies in Dream+1","Open The Fan"],"picked":"SKIP","floor":20.0},{"not_picked":["Gather the Spring","Become Phantom+1","Ghost Lead","Reverse The Screen"],"picked":"SKIP","floor":22.0},{"not_picked":["Become Phantom+1","Wandering Soul","Dark Wind"],"picked":"Redemption of Death+1","floor":23.0},{"not_picked":["Unknown Petal","Fondling of Papilio","Dancing Soul"],"picked":"Sweet of Phantom+1","floor":24.0},{"not_picked":["Dying Sakura","Reverse The Screen+1","Sweet of Phantom"],"picked":"Postpone Bloom","floor":29.0},{"not_picked":["Unpaved Way","Phantom Butterflies","Phantom Gift","End of Faramita"],"picked":"SKIP","floor":31.0},{"not_picked":["Infinite Reviving","The Inky Sakura","Bury in The Template"],"picked":"Float on Moon","floor":33.0},{"not_picked":["Dying Sakura+1","The Forgotten Winter","Sakura Ward+1"],"picked":"Redemption of Death+1","floor":35.0},{"not_picked":["Unknown Petal","Unstable Ward","The Forgotten Winter+1"],"picked":"Fondling of Papilio+1","floor":37.0},{"not_picked":["Ghostdom Sakura+1","Butterflies Rainbow","The Nether"],"picked":"Full Inky Sakura","floor":40.0},{"not_picked":["End of Faramita","Gone+1","Reverse The Screen+1"],"picked":"City of Death+1","floor":45.0},{"not_picked":[],"picked":"Remain Here","floor":47.0},{"not_picked":["Linger over Flower","Become Phantom+1","Dying Butterflies+1"],"picked":"Nihility+1","floor":54.0}],"player_experience":302620,"relics_obtained":[{"floor":7.0,"key":"Blood Vial"},{"floor":11.0,"key":"Question Card"},{"floor":14.0,"key":"Calipers"},{"floor":24.0,"key":"HollowMod:StagPassRelic"},{"floor":26.0,"key":"Dream Catcher"},{"floor":29.0,"key":"Ghost Lamp"},{"floor":31.0,"key":"Gensokyo:ConquerorOfFear"},{"floor":31.0,"key":"aspiration:StickyExplosives_weak"},{"floor":33.0,"key":"Gensokyo:MosesMiracle"},{"floor":40.0,"key":"Bag of Marbles"},{"floor":43.0,"key":"Molten Egg 2"},{"floor":54.0,"key":"Tea:ReiMu"}],"event_choices":[],"is_beta":false,"boss_relics":[{"not_picked":["Ectoplasm","aspiration:SecretTechniqueScroll"],"picked":"Coffee Dripper"},{"not_picked":["Philosopher\u0027s Stone","aspiration:RitualDagger"],"picked":"SlaversCollar"}],"items_purged_floors":[28],"is_endless":false,"potions_floor_spawned":[1,7,11,16,22,23,29,33,37,40],"ascension_level":2}}