{"host":"ibonnlq6s1c814xj","time":1610613428,"event":{"mods":["BaseMod","BetterRewards","Good Game Mod","Minty Spire (QoL Compilation)","Shop Mod","【功能Mod】聪明的最终Boss"],"gold_per_floor":[119,119,394,415,415,415,429,444,470,470,494,538,20,20,20,139,139,154,154,174,215,136,136,136,136,136,136,136,160,196,196,196,302,302,319,400,0,0,46,46,60,104,104,104,144,144,44,94,94,94,94],"floor_reached":50,"language":"ZHS","playtime":1886,"items_purged":["Injury","Sever Soul+1"],"score":880,"play_id":"08062277-ee3c-4b2f-bd60-b655dde02ae1","local_time":"20210114163708","daily_mods":["SealedDeck","Vintage","Heirloom","Flight","DeadlyEvents","Lethality"],"is_ascension_mode":false,"campfire_choices":[{"data":"Infernal Blade","floor":6,"key":"SMITH"},{"data":"Sever Soul","floor":10,"key":"SMITH"},{"data":"Twin Strike","floor":15,"key":"SMITH"},{"floor":23,"key":"REST"},{"data":"Inflame","floor":24,"key":"SMITH"},{"data":"Inflame","floor":25,"key":"SMITH"},{"data":"Flex","floor":32,"key":"SMITH"},{"data":"Juggernaut","floor":40,"key":"SMITH"},{"data":"Brutality","floor":46,"key":"SMITH"},{"floor":49,"key":"REST"}],"circlet_count":0,"master_deck":["Cleave","Clash","Cleave","Twin Strike+1","Flex+1","Seeing Red","Seeing Red","Infernal Blade+1","Inflame+1","Inflame+1","Perfected Strike+1","Feed+1","Iron Wave+1","Perfected Strike+1","Pummel+1","Juggernaut+1","Brutality+1","Evolve+1"],"relics":["Burning Blood","REME:ComplimentaryCards","Bird Faced Urn","Orichalcum","Bloody Idol","Meat on the Bone","Red Skull","Ice Cream","Regal Pillow","Molten Egg 2","Gambling Chip","Dead Branch","Tiny Chest","Empty Cage","Pen Nib","Blue Candle","Omamori","Letter Opener","Champion Belt","Pantograph","CeramicFish","Toxic Egg 2","Runic Cube","Happy Flower","Bottled Flame","Red Mask","Nunchaku","Shuriken","Boot","Bottled Lightning","Charon\u0027s Ashes","Prayer Wheel","TungstenRod"],"acts_visited":["Exordium","TheCity","TheBeyond"],"potions_floor_usage":[12,33,33,42],"damage_taken":[{"damage":0,"enemies":"Cultist","floor":1,"turns":2},{"damage":0,"enemies":"2 Louse","floor":4,"turns":1},{"damage":8,"enemies":"Jaw Worm","floor":7,"turns":2},{"damage":13,"enemies":"2 Fungi Beasts","floor":8,"turns":2},{"damage":0,"enemies":"Large Slime","floor":11,"turns":2},{"damage":0,"enemies":"Gremlin Nob","floor":12,"turns":2},{"damage":2,"enemies":"Slime Boss","floor":16,"turns":4},{"damage":8,"enemies":"2 Thieves","floor":18,"turns":2},{"damage":37,"enemies":"3 Byrds","floor":20,"turns":3},{"damage":51,"enemies":"Book of Stabbing","floor":21,"turns":4},{"damage":6,"enemies":"Centurion and Healer","floor":29,"turns":1},{"damage":29,"enemies":"Slavers","floor":30,"turns":3},{"damage":16,"enemies":"Champ","floor":33,"turns":5},{"damage":24,"enemies":"Orb Walker","floor":35,"turns":3},{"damage":16,"enemies":"3 Darklings","floor":41,"turns":4},{"damage":82,"enemies":"Nemesis","floor":42,"turns":5},{"damage":25,"enemies":"Giant Head","floor":45,"turns":5},{"damage":68,"enemies":"Mind Bloom Boss Battle","floor":48,"turns":3},{"damage":112,"enemies":"Awakened One","floor":50,"turns":5}],"seed_played":"7393821038131136144","potions_obtained":[{"floor":4,"key":"BloodPotion"},{"floor":7,"key":"HeartOfIron"},{"floor":11,"key":"Swift Potion"},{"floor":29,"key":"FearPotion"},{"floor":33,"key":"PowerPotion"},{"floor":35,"key":"Fire Potion"},{"floor":42,"key":"ElixirPotion"}],"is_trial":true,"path_per_floor":["M","?","?","M","?","R","M","M","T","R","M","E","$","?","R","B",null,"M","?","M","E","$","R","R","R","T","?","T","M","E","?","R","B",null,"M","T","?","$","T","R","M","E","T","T","E","R","$","?","R","B"],"character_chosen":"IRONCLAD","items_purchased":["Inflame","Dead Branch","Perfected Strike+1","Pummel+1"],"campfire_rested":2,"item_purchase_floors":[13,13,13,22],"current_hp_per_floor":[80,80,80,80,73,73,71,64,64,64,70,76,76,76,76,80,80,82,82,59,30,30,71,71,71,71,71,71,73,54,54,54,88,88,77,82,82,82,87,87,92,63,63,63,70,70,70,56,100,0,0],"gold":94,"neow_bonus":"","is_daily":false,"chose_seed":false,"campfire_upgraded":8,"win_rate":0.0,"timestamp":1610613428,"path_taken":["M","?","?","?","?","R","M","M","T","R","?","?","$","?","R","BOSS","M","?","M","?","$","R","R","R","T","?","?","?","?","?","R","BOSS","M","?","?","$","?","R","?","E","T","?","?","R","?","?","R","BOSS"],"items_purchased_type":["Card","Relic","Card","Card"],"build_version":"2020-12-22","purchased_purges":2,"victory":false,"max_hp_per_floor":[80,80,80,80,80,80,80,80,80,80,80,80,80,80,80,80,80,84,84,88,88,88,88,88,88,88,88,88,88,88,88,88,88,88,88,88,88,88,88,88,92,96,96,96,100,100,100,100,100,104,104],"card_choices":[{"not_picked":["Iron Wave+1","Battle Trance"],"picked":"Inflame","floor":12},{"not_picked":["Impervious","Double Tap"],"picked":"Feed+1","floor":16},{"not_picked":["Wild Strike+1","Sentinel"],"picked":"Perfected Strike+1","floor":21},{"not_picked":["Sentinel+1","Intimidate+1","Shrug It Off+1"],"picked":"SKIP","floor":30},{"not_picked":["Exhume+1","Impervious+1"],"picked":"Juggernaut","floor":33},{"not_picked":["Sword Boomerang+1","Flex+1"],"picked":"Brutality","floor":42},{"not_picked":["Heavy Blade+1","Iron Wave+1"],"picked":"Evolve+1","floor":45}],"player_experience":202461,"relics_obtained":[{"floor":1,"key":"Orichalcum"},{"floor":4,"key":"Meat on the Bone"},{"floor":7,"key":"Red Skull"},{"floor":8,"key":"Ice Cream"},{"floor":9,"key":"Regal Pillow"},{"floor":11,"key":"Molten Egg 2"},{"floor":12,"key":"Gambling Chip"},{"floor":18,"key":"Pen Nib"},{"floor":20,"key":"Blue Candle"},{"floor":21,"key":"Omamori"},{"floor":26,"key":"Letter Opener"},{"floor":28,"key":"Pantograph"},{"floor":29,"key":"CeramicFish"},{"floor":30,"key":"Toxic Egg 2"},{"floor":35,"key":"Happy Flower"},{"floor":36,"key":"Bottled Flame"},{"floor":39,"key":"Nunchaku"},{"floor":41,"key":"Shuriken"},{"floor":42,"key":"Boot"},{"floor":43,"key":"Bottled Lightning"},{"floor":44,"key":"Charon\u0027s Ashes"},{"floor":45,"key":"Prayer Wheel"},{"floor":48,"key":"TungstenRod"}],"event_choices":[{"damage_healed":0,"gold_gain":0,"player_choice":"Take Wound","damage_taken":0,"relics_obtained":["Golden Idol"],"max_hp_gain":0,"max_hp_loss":0,"event_name":"Golden Idol","floor":2,"gold_loss":0,"cards_obtained":["Injury"]},{"damage_healed":0,"gold_gain":275,"player_choice":"Desecrate","damage_taken":0,"max_hp_gain":0,"max_hp_loss":0,"event_name":"Golden Shrine","floor":3,"gold_loss":0,"cards_obtained":["Regret"]},{"cards_removed":["Regret"],"damage_healed":0,"gold_gain":0,"player_choice":"Card Removal","damage_taken":7,"max_hp_gain":0,"max_hp_loss":0,"event_name":"Golden Wing","floor":5,"gold_loss":0},{"damage_healed":0,"gold_gain":0,"player_choice":"Box","damage_taken":0,"relics_obtained":["Tiny Chest"],"max_hp_gain":0,"max_hp_loss":0,"event_name":"Big Fish","floor":14,"gold_loss":0,"cards_obtained":["Regret"]},{"cards_removed":["Iron Wave"],"damage_healed":0,"gold_gain":0,"player_choice":"Took Card","damage_taken":0,"max_hp_gain":0,"max_hp_loss":0,"event_name":"NoteForYourself","floor":19,"gold_loss":0,"cards_obtained":["Iron Wave"]},{"damage_healed":0,"gold_gain":0,"player_choice":"Stole Relic","damage_taken":0,"relics_obtained":["Champion Belt"],"max_hp_gain":0,"max_hp_loss":0,"event_name":"Addict","floor":27,"gold_loss":0,"cards_obtained":["Shame"]},{"damage_healed":0,"gold_gain":0,"player_choice":"Gave Idol","damage_taken":0,"relics_obtained":["Bloody Idol"],"max_hp_gain":0,"max_hp_loss":0,"event_name":"Forgotten Altar","floor":31,"relics_lost":["Golden Idol"],"gold_loss":0},{"damage_healed":0,"gold_gain":0,"player_choice":"Paid","damage_taken":0,"relics_obtained":["Red Mask"],"max_hp_gain":0,"max_hp_loss":0,"event_name":"Tomb of Lord Red Mask","floor":37,"gold_loss":400},{"damage_healed":0,"gold_gain":0,"player_choice":"Fight","damage_taken":0,"max_hp_gain":0,"max_hp_loss":0,"event_name":"MindBloom","floor":48,"gold_loss":0}],"is_beta":false,"boss_relics":[{"not_picked":["Busted Crown","Snecko Eye"],"picked":"Empty Cage"},{"not_picked":["Cursed Key","Sozu"],"picked":"Runic Cube"}],"items_purged_floors":[13,47],"is_endless":true,"potions_floor_spawned":[4,7,11,29,33,35,41,42],"killed_by":"Awakened One","ascension_level":0}}