{"host":"17xjy7b7ubl548g2","time":1610606344,"event":{"mods":["2.2 Compatiblity","Act Like it!","Aspiration","Astrologer","Bard","BaseMod","Bestiary","Challenge The Spire","ChefMod","Colored Map","Conspire","Elementarium","Energized Spire","Gensokyo","GifTheSpireLib","Halation","Hallownest","Hubris","Infinite Spire","Jedi Mod","Jorbs\u0027s Wanderer Trilogy","Marisa（霧雨　魔理沙）","Marked Mod","Menagerie","Minty Spire (QoL Compilation)","Pale of the Ancients","Permanent Neow","Puzzle Mod","Replay The Spire","Robot Space Explorer","Spicy Shops","StSLib","Stuff the Spire","The Blue Laboratory","The Bug Knight","The Construct","The Disciple","The Factory","The Hayseed","The Hierophant","The Marked","The Runesmith","The Sage","TheFirefly"],"gold_per_floor":[119,16,16,32,0,0,34,34,60,78,88,88,88,88],"floor_reached":13,"language":"ENG","playtime":894,"items_purged":["Strike_R"],"score":158,"play_id":"76d8c2cb-9d40-44c8-9c96-99507885f605","local_time":"20210114013904","is_ascension_mode":true,"campfire_choices":[{"data":"StuffTheSpire:Innocence","floor":6,"key":"SMITH"},{"data":"Bash","floor":8,"key":"SMITH"}],"circlet_count":0,"master_deck":["AscendersBane","Strike_R","Strike_R","Strike_R","Defend_R","Defend_R","Defend_R","Bash+1","Disarm","Shrug It Off","StuffTheSpire:Innocence+1","Pommel Strike","conspire:ExplosiveBarrier","Thunderclap","Clothesline"],"relics":["Burning Blood","jedi:heavyjacket","halation:PromiseList","Molten Egg 2"],"acts_visited":["Exordium"],"potions_floor_usage":[7,13],"damage_taken":[{"damage":14,"enemies":"Small Slimes","floor":1,"turns":4},{"damage":10,"enemies":"2 Louse","floor":4,"turns":5},{"damage":6,"enemies":"HollowMod:MossKnight","floor":7,"turns":12},{"damage":11,"enemies":"Jaw Worm","floor":10,"turns":6},{"damage":3,"enemies":"Exordium Thugs","floor":11,"turns":5},{"damage":21,"enemies":"Gremlin Nob","floor":13,"turns":4}],"seed_played":"-7072080876614162297","potions_obtained":[{"floor":4,"key":"SteroidPotion"},{"floor":7,"key":"Strength Potion"}],"is_trial":false,"path_per_floor":["M","$","?","M","?","R","E","R","T","M","M","$","E"],"character_chosen":"IRONCLAD","items_purchased":["Shrug It Off","Molten Egg 2"],"campfire_rested":0,"item_purchase_floors":[2,12],"current_hp_per_floor":[42,42,32,28,28,28,28,28,28,23,26,10,0,0],"gold":88,"neow_bonus":"REMOVE_TWO","is_daily":false,"chose_seed":false,"campfire_upgraded":2,"win_rate":0.0,"timestamp":1610606344,"path_taken":["M","$","?","M","?","R","E","R","T","?","M","?","E"],"items_purchased_type":["Card","Relic"],"build_version":"2020-12-22","purchased_purges":1,"victory":false,"max_hp_per_floor":[75,75,75,75,75,75,75,75,75,75,75,75,75,75],"card_choices":[{"not_picked":["Dark Embrace","Entrench"],"picked":"Disarm","floor":1},{"not_picked":["Sword Boomerang","StuffTheSpire:RockThrow"],"picked":"Pommel Strike","floor":4},{"not_picked":["Wild Strike","Corruption"],"picked":"conspire:ExplosiveBarrier","floor":7},{"not_picked":["Havoc","jedi:fear"],"picked":"Thunderclap","floor":10},{"not_picked":["Carnage","True Grit"],"picked":"Clothesline","floor":11}],"player_experience":1778318,"relics_obtained":[{"floor":7,"key":"jedi:heavyjacket"},{"floor":9,"key":"halation:PromiseList"}],"event_choices":[{"damage_healed":0,"gold_gain":0,"player_choice":"Left Gold","damage_taken":0,"max_hp_gain":0,"max_hp_loss":0,"event_name":"World of Goop","floor":5,"gold_loss":32}],"is_beta":false,"boss_relics":[],"items_purged_floors":[2],"is_endless":false,"potions_floor_spawned":[4,7],"killed_by":"Gremlin Nob","ascension_level":18}}