{"host":"kq2g769nefmuyn7c","time":1610639208,"event":{"mods":["ATMod(°¢èªMod)","Act Like it!","BaseMod","Gensokyo","Koishi","Minty Spire (QoL Compilation)","Replay The Spire","StSLib","The Marked"],"gold_per_floor":[111,111,41,41,41,41,74,74,148,21,38,38,65,79,79,178,178,178,188,42,52,63,63,92,92,92,192,218,43,78,96,96,200,200,211,228,228,244,119,147,147,159,236,268,268,50,80,8,8,8,8,8,8,37,37],"floor_reached":56,"language":"ZHS","playtime":2304,"items_purged":["Koishi:BasicStrike","Koishi:HauntingSlash","Koishi:ReleaseOfTheId","Koishi:GeneticsOfTheUnconscious+1"],"score":1768,"play_id":"8b28f90c-6535-4737-ad15-c2a4313d1ee6","local_time":"20210114234648","is_ascension_mode":true,"campfire_choices":[{"data":"AT_FamilyPortrait","floor":6.0,"key":"SMITH"},{"data":"Koishi:HeartAttack","floor":8.0,"key":"SMITH"},{"data":"Koishi:GeneticsOfTheUnconscious","floor":15,"key":"SMITH"},{"data":"Koishi:ApparitionsStalkTheNight","floor":23,"key":"SMITH"},{"data":"Koishi:MassHysteria","floor":25,"key":"SMITH"},{"data":"Koishi:IdleWhim","floor":32,"key":"SMITH"},{"floor":41,"key":"RECALL"},{"data":"Koishi:LastRemote","floor":45,"key":"SMITH"}],"circlet_count":0,"master_deck":["Koishi:Provoke+1","AT_FamilyPortrait+1","Koishi:HeartAttack+1","Koishi:GeneticsOfTheUnconscious+1","Koishi:SilentAndRestless+1","Koishi:LastRemote+1","Koishi:MassHysteria+1","Koishi:RoseHell+1","Koishi:ReleaseOfTheId+1","Koishi:ApparitionsStalkTheNight+1","Koishi:Untouchable+1","Koishi:IdleWhim+1","Koishi:IdleWhim+1","Koishi:DNAsFlaw+1"],"relics":["Koishi:ImaginaryFriend","AT_ATBox","NeowsBlessing","AT_EbonyIvory","Happy Flower","Replay:Bottled Snecko","MealTicket","Pandora\u0027s Box","Guide Book","War Paint","Mummified Hand","Koishi:LettersToReimu","Pocketwatch","Black Star","Prayer Wheel","Bag of Preparation","AT_RedTearstoneRing","Counterbalance","Membership Card","AT_ChloranthyRing","Mercury Hourglass","Medical Kit","Boot","TungstenRod"],"acts_visited":["Exordium","TheCity","TheBeyond","TheEnding"],"potions_floor_usage":[21,40,47,55,55,55,55,55],"damage_taken":[{"damage":0.0,"enemies":"Small Slimes","floor":1.0,"turns":1.0},{"damage":0.0,"enemies":"3 Sentries","floor":7.0,"turns":2.0},{"damage":0,"enemies":"Cultist","floor":11,"turns":1},{"damage":0,"enemies":"Gremlin Nob","floor":13,"turns":2},{"damage":0,"enemies":"2 Louse","floor":14,"turns":1},{"damage":0,"enemies":"Slime Boss","floor":16,"turns":5},{"damage":0,"enemies":"2 Thieves","floor":18,"turns":1},{"damage":6,"enemies":"3 Byrds","floor":19,"turns":2},{"damage":7,"enemies":"Cultist and Chosen","floor":21,"turns":2},{"damage":5,"enemies":"Snake Plant","floor":22,"turns":2},{"damage":0,"enemies":"Book of Stabbing","floor":24,"turns":3},{"damage":7,"enemies":"Slavers","floor":28,"turns":3},{"damage":0,"enemies":"Replay:Snechameleon","floor":30,"turns":2},{"damage":0,"enemies":"3 Cultists","floor":31,"turns":3},{"damage":0,"enemies":"Automaton","floor":33,"turns":4},{"damage":0,"enemies":"3 Shapes","floor":35,"turns":3},{"damage":0,"enemies":"3 Darklings","floor":36,"turns":3},{"damage":0,"enemies":"Maw","floor":38,"turns":5},{"damage":0,"enemies":"R_Hoarder","floor":40,"turns":6},{"damage":0,"enemies":"Transient","floor":42,"turns":5},{"damage":0,"enemies":"Reptomancer","floor":44,"turns":3},{"damage":0,"enemies":"Nemesis","floor":47,"turns":5},{"damage":17,"enemies":"Replay:Hell Engine","floor":50,"turns":7},{"damage":0,"enemies":"Shield and Spear","floor":54,"turns":4},{"damage":0,"enemies":"The Heart","floor":55,"turns":5}],"seed_played":"3588241276380245382","potions_obtained":[{"floor":7.0,"key":"EntropicBrew"},{"floor":16,"key":"Energy Potion"},{"floor":22,"key":"FearPotion"},{"floor":28,"key":"Block Potion"},{"floor":42,"key":"DuplicationPotion"}],"is_trial":false,"path_per_floor":["M","?","$","?","?","R","E","R","T","$","M","?","E","M","R","B",null,"M","M","$","M","M","R","E","R","T","?","E","$","E","M","R","B",null,"M","M","?","M","$","E","R","M","T","E","R","$","E","$","R","B",null,"R","$","E","B",null],"character_chosen":"KOISHI","items_purchased":["Koishi:HeartAttack","Koishi:GeneticsOfTheUnconscious","Guide Book","Koishi:IdleWhim","Membership Card","Medical Kit"],"campfire_rested":0,"item_purchase_floors":[3,10,20,29,46,48],"current_hp_per_floor":[60,60,60,60,60,60,60,60,60,60,60,60,60,60,60,60,60,60,54,60,54,49,49,49,49,49,49,43,58,58,58,58,58,60,60,60,60,60,60,60,60,60,60,60,60,60,60,60,60,43,56,56,60,60,60],"gold":37,"neow_bonus":"THREE_ENEMY_KILL","is_daily":false,"chose_seed":false,"campfire_upgraded":7,"win_rate":0.0,"timestamp":1610639208,"path_taken":["M","?","?","?","?","R","E","R","T","$","?","?","E","?","R","BOSS","M","M","$","M","?","R","E","R","T","?","E","?","E","M","R","BOSS","M","M","?","M","$","E","R","M","T","E","R","?","E","$","R","BOSS","R","$","E","BOSS"],"items_purchased_type":["Card","Card","Relic","Card","Relic","Relic"],"build_version":"2020-12-22","purchased_purges":4,"victory":true,"max_hp_per_floor":[60,60,60,60,60,60,60,60,60,60,60,60,60,60,60,60,60,60,60,60,60,60,60,60,60,60,60,60,60,60,60,60,60,60,60,60,60,60,60,60,60,60,60,60,60,60,60,60,60,60,60,60,60,60,60],"card_choices":[{"not_picked":["Koishi:MindNumbingTerror","Koishi:EmbersOfLove","Koishi:ReflexRadar"],"picked":"SKIP","floor":1.0},{"not_picked":["Koishi:JumpScare","Koishi:FleetingPhantom","Koishi:ParalyzingFear"],"picked":"SKIP","floor":7.0},{"not_picked":["Koishi:JumpScare","Koishi:RacingHeart","Koishi:MindNumbingTerror"],"picked":"SKIP","floor":11},{"not_picked":["Koishi:CatchAndRose","Koishi:Bloodlust"],"picked":"Koishi:SilentAndRestless","floor":13},{"not_picked":["Koishi:FidgetySnatcher","Koishi:FleetingPhantom"],"picked":"Koishi:LastRemote","floor":14},{"not_picked":["Koishi:StingingMind","Koishi:Prune","Koishi:Jaunt+1"],"picked":"SKIP","floor":19},{"not_picked":["Koishi:UnconsciousUprising","Koishi:SpiritedAway","Koishi:UnansweredLove"],"picked":"SKIP","floor":21},{"not_picked":["Koishi:RacingHeart","Koishi:FleetingPhantom","Koishi:HeartfeltFancy+1"],"picked":"SKIP","floor":22},{"not_picked":["Koishi:UnconsciousUrges+1","Koishi:JumpScare","Koishi:VengefulSpirit"],"picked":"SKIP","floor":24},{"not_picked":["Koishi:ParalyzingFear+1","Koishi:ReleaseOfTheId"],"picked":"Koishi:Untouchable+1","floor":28},{"not_picked":["Koishi:ReleaseOfTheId","Koishi:BramblyRoseGarden","Koishi:DreadfulBlow"],"picked":"SKIP","floor":30},{"not_picked":["Koishi:ParalyzingFear","Koishi:ApparitionsStalkTheNight"],"picked":"Koishi:IdleWhim+1","floor":31},{"not_picked":["Koishi:RacingHeart+1","Koishi:SubconsciousSweep","Koishi:EmbryosDream+1"],"picked":"SKIP","floor":35},{"not_picked":["Koishi:UnconsciousUprising","Koishi:UnansweredLove","Koishi:TremblingHands"],"picked":"SKIP","floor":36},{"not_picked":["Koishi:PhantomBarrier+1","Koishi:UnansweredLove+1","Koishi:BloodcurdlingScream+1"],"picked":"SKIP","floor":38},{"not_picked":["Koishi:RuptureMind","Koishi:RacingHeart","Koishi:DreadfulBlow"],"picked":"SKIP","floor":40},{"not_picked":["Koishi:JumpScare","Koishi:Prune+1","Koishi:SpiritedAway"],"picked":"SKIP","floor":42},{"not_picked":["Koishi:DNAsFlaw","Koishi:MassHysteria","Koishi:CatchAndRose"],"picked":"SKIP","floor":42},{"not_picked":["Koishi:PhantomStrike+1","Koishi:FreudianInstinct+1","Koishi:DNAsFlaw"],"picked":"SKIP","floor":44},{"not_picked":["Koishi:FidgetySnatcher+1","Koishi:PredatoryInstincts","Koishi:Prune+1"],"picked":"SKIP","floor":47},{"not_picked":["Koishi:BramblyRoseGarden","Koishi:YoukaiPolygraph"],"picked":"Koishi:DNAsFlaw+1","floor":54}],"player_experience":102753,"relics_obtained":[{"floor":2.0,"key":"AT_EbonyIvory"},{"floor":7.0,"key":"Happy Flower"},{"floor":9.0,"key":"Replay:Bottled Snecko"},{"floor":13,"key":"MealTicket"},{"floor":24,"key":"War Paint"},{"floor":26,"key":"Mummified Hand"},{"floor":28,"key":"Koishi:LettersToReimu"},{"floor":30,"key":"Pocketwatch"},{"floor":40,"key":"Prayer Wheel"},{"floor":40,"key":"Bag of Preparation"},{"floor":44,"key":"AT_RedTearstoneRing"},{"floor":44,"key":"Counterbalance"},{"floor":47,"key":"AT_ChloranthyRing"},{"floor":47,"key":"Mercury Hourglass"},{"floor":54,"key":"Boot"},{"floor":54,"key":"TungstenRod"}],"event_choices":[{"damage_healed":0.0,"max_hp_gain":0.0,"max_hp_loss":0.0,"gold_gain":0.0,"event_name":"Wheel of Change","player_choice":"Relic","floor":2.0,"gold_loss":0.0,"damage_taken":0.0},{"cards_removed":["Koishi:BasicStrike"],"damage_healed":0.0,"max_hp_gain":0.0,"max_hp_loss":0.0,"gold_gain":0.0,"event_name":"Living Wall","player_choice":"Forget","floor":4.0,"gold_loss":0.0,"damage_taken":0.0},{"damage_healed":0.0,"max_hp_gain":0.0,"max_hp_loss":0.0,"gold_gain":0.0,"event_name":"The Cleric","player_choice":"Leave","floor":5.0,"gold_loss":0.0,"damage_taken":0.0},{"damage_healed":0,"gold_gain":0,"player_choice":"Upgraded","damage_taken":0,"max_hp_gain":0,"max_hp_loss":0,"event_name":"Upgrade Shrine","floor":12,"gold_loss":0,"cards_upgraded":["Koishi:GeneticsOfTheUnconscious"]},{"damage_healed":0,"gold_gain":100,"player_choice":"Pray","damage_taken":0,"max_hp_gain":0,"max_hp_loss":0,"event_name":"Golden Shrine","floor":27,"gold_loss":0},{"damage_healed":0,"gold_gain":0,"player_choice":"Bought 0 Potions","damage_taken":0,"max_hp_gain":0,"max_hp_loss":0,"event_name":"The Woman in Blue","floor":37,"gold_loss":0}],"is_beta":false,"boss_relics":[{"not_picked":["AT_MortalBlade","Coffee Dripper"],"picked":"Pandora\u0027s Box"},{"not_picked":["Replay:Ancient Bell","Replay:Grab Bag"],"picked":"Black Star"}],"items_purged_floors":[10,29,39,46],"is_endless":false,"potions_floor_spawned":[7,16,22,28,30,33,36,42,44],"ascension_level":5}}