{"host":"359hz4210ybch7ku","time":1610599907,"event":{"mods":["BaseMod","Block Reminder","Colored Map","Colored Powertips","Highlight Path","Minty Spire (QoL Compilation)","Slay the Relics Exporter","StSLib"],"gold_per_floor":[116,136,149,163,174,174,192,219,219,219,219,231,231,156,156,257,257,275,288,34,34,34,34,44,56,82,7,7,7,7,7,7,108,108,121,135,135,189,189,189],"floor_reached":39,"language":"ENG","playtime":2541,"items_purged":["Strike_G","Pain"],"score":419,"play_id":"48ed422f-cdc1-4dec-b9a0-ab25b42f4167","local_time":"20210113205147","is_ascension_mode":true,"campfire_choices":[{"data":"Infinite Blades","floor":6,"key":"SMITH"},{"data":"Calculated Gamble","floor":10,"key":"SMITH"},{"floor":15,"key":"REST"},{"data":"A Thousand Cuts","floor":23,"key":"SMITH"},{"data":"Cloak And Dagger","floor":28,"key":"SMITH"},{"data":"Noxious Fumes","floor":32,"key":"SMITH"}],"circlet_count":0,"master_deck":["Strike_G","Strike_G","Strike_G","Defend_G","Defend_G","Defend_G","Defend_G","Survivor","Neutralize","PiercingWail","Calculated Gamble+1","Infinite Blades+1","Cloak And Dagger","Prepared","Noxious Fumes+1","Cloak And Dagger+1","A Thousand Cuts+1","Prepared","Necronomicurse","Infinite Blades","Die Die Die","Terror"],"relics":["Ring of the Snake","PreservedInsect","White Beast Statue","WarpedTongs","Busted Crown","Lee\u0027s Waffle","Necronomicon","Art of War","Potion Belt","HoveringKite","Torii"],"acts_visited":["Exordium","TheCity","TheBeyond"],"potions_floor_usage":[5,8,16,33,33,33,35,38],"damage_taken":[{"damage":5,"enemies":"Cultist","floor":1,"turns":6},{"damage":0,"enemies":"Small Slimes","floor":2,"turns":5},{"damage":1,"enemies":"2 Louse","floor":3,"turns":4},{"damage":14,"enemies":"Gremlin Gang","floor":4,"turns":7},{"damage":2,"enemies":"2 Fungi Beasts","floor":5,"turns":4},{"damage":1,"enemies":"Blue Slaver","floor":7,"turns":5},{"damage":26,"enemies":"3 Sentries","floor":8,"turns":11},{"damage":6,"enemies":"3 Louse","floor":12,"turns":4},{"damage":16,"enemies":"Hexaghost","floor":16,"turns":10},{"damage":17,"enemies":"Spheric Guardian","floor":18,"turns":6},{"damage":31,"enemies":"2 Thieves","floor":19,"turns":4},{"damage":20,"enemies":"Centurion and Healer","floor":24,"turns":7},{"damage":2,"enemies":"Snake Plant","floor":25,"turns":5},{"damage":42,"enemies":"Automaton","floor":33,"turns":8},{"damage":1,"enemies":"3 Darklings","floor":35,"turns":4},{"damage":11,"enemies":"3 Shapes","floor":36,"turns":4},{"damage":44,"enemies":"2 Orb Walkers","floor":38,"turns":4},{"damage":29,"enemies":"Spire Growth","floor":39,"turns":3}],"seed_played":"-1461305539380463007","potions_obtained":[{"floor":1,"key":"Block Potion"},{"floor":3,"key":"Energy Potion"},{"floor":7,"key":"FearPotion"},{"floor":8,"key":"Block Potion"},{"floor":12,"key":"PowerPotion"},{"floor":16,"key":"Poison Potion"},{"floor":18,"key":"Explosive Potion"},{"floor":19,"key":"ColorlessPotion"},{"floor":24,"key":"SkillPotion"},{"floor":25,"key":"Regen Potion"},{"floor":33,"key":"AttackPotion"},{"floor":35,"key":"ColorlessPotion"},{"floor":36,"key":"Fire Potion"},{"floor":38,"key":"LiquidBronze"}],"is_trial":false,"path_per_floor":["M","M","M","M","M","R","M","E","T","R","?","M","?","$","R","B",null,"M","M","$","?","$","R","M","M","T","?","R","$","T","?","R","B",null,"M","M","?","?","M"],"character_chosen":"THE_SILENT","items_purchased":["Lee\u0027s Waffle"],"campfire_rested":1,"item_purchase_floors":[20],"current_hp_per_floor":[65,65,64,50,48,48,47,21,21,21,14,8,8,8,29,13,70,53,22,77,61,61,61,41,39,39,39,39,39,39,39,39,12,77,76,65,65,21,0,0],"gold":189,"neow_bonus":"THREE_CARDS","is_daily":false,"chose_seed":false,"campfire_upgraded":5,"win_rate":0.0,"timestamp":1610599907,"path_taken":["M","M","M","?","M","R","M","E","T","R","?","M","?","$","R","BOSS","M","?","$","?","$","R","M","M","T","?","R","?","?","?","R","BOSS","M","M","?","?","M"],"items_purchased_type":["Relic"],"build_version":"2020-12-22","purchased_purges":2,"victory":false,"max_hp_per_floor":[70,70,70,70,70,70,70,70,70,70,70,70,70,70,70,70,70,70,70,77,77,77,77,77,77,77,77,77,77,77,77,77,77,77,77,77,73,73,73,73],"card_choices":[{"not_picked":["Deadly Poison","Poisoned Stab"],"picked":"PiercingWail","floor":0},{"not_picked":["Crippling Poison","All Out Attack"],"picked":"Calculated Gamble","floor":1},{"not_picked":["PiercingWail","Cloak And Dagger"],"picked":"Infinite Blades","floor":2},{"not_picked":["Deadly Poison","Sucker Punch","Dash"],"picked":"SKIP","floor":3},{"not_picked":["Slice","Skewer","Caltrops"],"picked":"SKIP","floor":4},{"not_picked":["Flechettes","Dagger Throw"],"picked":"Cloak And Dagger","floor":5},{"not_picked":["Poisoned Stab","Slice"],"picked":"Prepared","floor":7},{"not_picked":["Deadly Poison","Quick Slash"],"picked":"Noxious Fumes","floor":8},{"not_picked":["Slice","Finisher"],"picked":"Cloak And Dagger","floor":12},{"not_picked":["Night Terror","Doppelganger"],"picked":"A Thousand Cuts","floor":16},{"not_picked":["Poisoned Stab"],"picked":"SKIP","floor":18},{"not_picked":[],"picked":"Prepared","floor":19},{"not_picked":["Flying Knee"],"picked":"SKIP","floor":24},{"not_picked":["Flying Knee"],"picked":"SKIP","floor":25},{"not_picked":[],"picked":"Die Die Die","floor":33},{"not_picked":["Reflex"],"picked":"SKIP","floor":35},{"not_picked":[],"picked":"Terror","floor":36}],"player_experience":202648,"relics_obtained":[{"floor":8,"key":"PreservedInsect"},{"floor":9,"key":"White Beast Statue"},{"floor":21,"key":"Necronomicon"},{"floor":26,"key":"Art of War"},{"floor":30,"key":"Potion Belt"},{"floor":38,"key":"Torii"}],"event_choices":[{"cards_removed":["Defend_G"],"damage_healed":0,"gold_gain":0,"player_choice":"Card Removal","damage_taken":7,"max_hp_gain":0,"max_hp_loss":0,"event_name":"Golden Wing","floor":11,"gold_loss":0},{"damage_healed":0,"gold_gain":0,"player_choice":"Rummage","damage_taken":0,"relics_obtained":["WarpedTongs"],"max_hp_gain":0,"max_hp_loss":0,"event_name":"Accursed Blacksmith","floor":13,"gold_loss":0,"cards_obtained":["Pain"]},{"damage_healed":0,"gold_gain":0,"player_choice":"Obtained Book","damage_taken":16,"max_hp_gain":0,"max_hp_loss":0,"event_name":"Cursed Tome","floor":21,"gold_loss":0},{"cards_removed":["Strike_G"],"damage_healed":0,"gold_gain":0,"player_choice":"Gave Gold","damage_taken":0,"max_hp_gain":0,"max_hp_loss":0,"event_name":"Beggar","floor":27,"gold_loss":75},{"damage_healed":0,"gold_gain":0,"player_choice":"Read","damage_taken":0,"max_hp_gain":0,"max_hp_loss":0,"event_name":"The Library","floor":31,"gold_loss":0,"cards_obtained":["Infinite Blades"]},{"damage_healed":0,"gold_gain":0,"player_choice":"Max HP","damage_taken":0,"max_hp_gain":0,"max_hp_loss":4,"event_name":"Winding Halls","floor":37,"gold_loss":0},{"damage_healed":0,"gold_gain":0,"player_choice":"Fight","damage_taken":0,"max_hp_gain":0,"max_hp_loss":0,"event_name":"Mysterious Sphere","floor":38,"gold_loss":0}],"is_beta":false,"boss_relics":[{"not_picked":["Tiny House","Ectoplasm"],"picked":"Busted Crown"},{"not_picked":["Pandora\u0027s Box","Velvet Choker"],"picked":"HoveringKite"}],"items_purged_floors":[14,20],"is_endless":false,"potions_floor_spawned":[1,3,7,8,12,16,18,19,24,25,33,35,36,38],"killed_by":"Spire Growth","ascension_level":2}}