{"host":"esx1hwjnbftf3eqj","time":1610584727,"event":{"mods":["AchievementEnabler","BaseMod","Colored Map","Minty Spire (QoL Compilation)","StSLib","The Jungle"],"gold_per_floor":[110,110,110,124,124,124,157,157,180,180,180,212,230,555,555,632,632,643,659,678,692,967,967,61,91,142,142,161,190,190,204,204,276,276,289,301,301,316,326,326,336,336,336,346,346,372,387,413,413,413,413,413,413,77,105,105],"floor_reached":57,"language":"ENG","playtime":6552,"items_purged":[],"score":2819,"play_id":"91bc4c5a-4b14-4340-8df3-50c08f4987b7","local_time":"20210113163847","is_ascension_mode":true,"campfire_choices":[{"data":"Armaments","floor":6.0,"key":"SMITH"},{"data":"Entrench","floor":8.0,"key":"SMITH"},{"floor":10.0,"key":"REST"},{"floor":15.0,"key":"REST"},{"data":"Regret","floor":23.0,"key":"PURGE"},{"floor":27.0,"key":"REST"},{"data":"Strike_R","floor":30.0,"key":"PURGE"},{"data":"Armaments","floor":32.0,"key":"SMITH"},{"data":"Strike_R","floor":40.0,"key":"PURGE"},{"data":"Strike_R","floor":42.0,"key":"PURGE"},{"data":"Injury","floor":45.0,"key":"PURGE"},{"floor":49.0,"key":"RECALL"},{"data":"Bash","floor":53.0,"key":"PURGE"}],"circlet_count":0,"master_deck":["AscendersBane","Defend_R","Defend_R","Defend_R","Defend_R","Armaments+1","Metallicize","Body Slam","Entrench+1","Feed","Whirlwind","Demon Form","Metallicize+1","Shrug It Off+1","Clothesline","Impervious","Seeing Red","Uppercut","Disarm","Armaments+1","Reaper","Shockwave","Battle Trance+1","Offering","Searing Blow+1","Impervious","Armaments"],"relics":["Burning Blood","Shuriken","Akabeko","Art of War","InkBottle","Peace Pipe","Old Coin","Cursed Key","Bird Faced Urn","Champion Belt","Omamori","Bag of Marbles","Du-Vu Doll","Busted Crown","Ice Cream","Molten Egg 2","Centennial Puzzle","Kunai"],"acts_visited":["Exordium","TheCity","TheBeyond","TheEnding"],"potions_floor_usage":[56,56],"damage_taken":[{"damage":11.0,"enemies":"Small Slimes","floor":1.0,"turns":3.0},{"damage":3.0,"enemies":"Jaw Worm","floor":4.0,"turns":4.0},{"damage":13.0,"enemies":"3 Sentries","floor":7.0,"turns":11.0},{"damage":33.0,"enemies":"Gremlin Nob","floor":12.0,"turns":5.0},{"damage":0.0,"enemies":"2 Louse","floor":13.0,"turns":3.0},{"damage":20.0,"enemies":"Lagavulin","floor":14.0,"turns":10.0},{"damage":37.0,"enemies":"The Guardian","floor":16.0,"turns":15.0},{"damage":13.0,"enemies":"3 Byrds","floor":18.0,"turns":5.0},{"damage":2.0,"enemies":"Chosen","floor":19.0,"turns":5.0},{"damage":19.0,"enemies":"3 Cultists","floor":20.0,"turns":5.0},{"damage":25.0,"enemies":"Centurion and Healer","floor":21.0,"turns":10.0},{"damage":27.0,"enemies":"Gremlin Leader","floor":25.0,"turns":10.0},{"damage":5.0,"enemies":"Chosen and Byrds","floor":28.0,"turns":5.0},{"damage":0.0,"enemies":"Slavers","floor":29.0,"turns":1.0},{"damage":19.0,"enemies":"3 Cultists","floor":31.0,"turns":7.0},{"damage":52.0,"enemies":"Collector","floor":33.0,"turns":11.0},{"damage":38.0,"enemies":"3 Darklings","floor":35.0,"turns":7.0},{"damage":23.0,"enemies":"3 Shapes","floor":36.0,"turns":5.0},{"damage":0.0,"enemies":"3 Darklings","floor":38.0,"turns":6.0},{"damage":24.0,"enemies":"Sphere and 2 Shapes","floor":39.0,"turns":6.0},{"damage":21.0,"enemies":"Transient","floor":41.0,"turns":6.0},{"damage":7.0,"enemies":"Maw","floor":44.0,"turns":9.0},{"damage":63.0,"enemies":"Reptomancer","floor":46.0,"turns":8.0},{"damage":45.0,"enemies":"Jaw Worm Horde","floor":47.0,"turns":3.0},{"damage":35.0,"enemies":"Giant Head","floor":48.0,"turns":9.0},{"damage":46.0,"enemies":"Time Eater","floor":50.0,"turns":11.0},{"damage":76.0,"enemies":"Awakened One","floor":51.0,"turns":12.0},{"damage":51,"enemies":"Shield and Spear","floor":55,"turns":9},{"damage":96,"enemies":"The Heart","floor":56,"turns":13}],"seed_played":"6893986947118383262","potions_obtained":[{"floor":4.0,"key":"AttackPotion"},{"floor":7.0,"key":"Ancient Potion"},{"floor":14.0,"key":"Explosive Potion"},{"floor":16.0,"key":"Energy Potion"},{"floor":20.0,"key":"LiquidMemories"},{"floor":28.0,"key":"Energy Potion"},{"floor":36.0,"key":"SteroidPotion"},{"floor":47.0,"key":"Ancient Potion"},{"floor":48.0,"key":"Strength Potion"}],"is_trial":false,"path_per_floor":["M","?","?","M","?","R","E","R","T","R","T","E","M","E","R","B",null,"M","M","M","M","?","R","$","E","T","R","M","E","R","M","R","B",null,"M","M","T","M","M","R","M","R","T","M","R","E","M","E","R","B","B",null,"R","$","E","B",null],"character_chosen":"IRONCLAD","items_purchased":["Bird Faced Urn","Champion Belt","Impervious","Seeing Red","Searing Blow+1","Impervious","Dexterity Potion","Armaments"],"campfire_rested":3,"item_purchase_floors":[24,24,24,24,54,54,54,54],"current_hp_per_floor":[70,44,44,47,40,40,33,33,33,57,57,30,40,29,55,24,73,70,74,65,50,50,50,50,35,35,65,75,81,81,75,75,35,89,80,91,91,113,101,101,108,108,108,121,121,105,70,80,80,73,34,99,99,99,78,9],"gold":105,"neow_bonus":"TEN_PERCENT_HP_BONUS","is_daily":false,"chose_seed":false,"campfire_upgraded":3,"win_rate":0.0,"timestamp":1610584727,"path_taken":["M","?","?","M","?","R","E","R","T","R","?","E","M","E","R","BOSS","M","M","?","?","?","R","$","E","T","R","M","E","R","M","R","BOSS","M","?","?","M","M","R","M","R","T","M","R","E","M","E","R","BOSS","BOSS","R","$","E","BOSS"],"items_purchased_type":["Relic","Relic","Card","Card","Card","Card","Potion","Card"],"build_version":"2020-12-22","purchased_purges":0,"victory":true,"max_hp_per_floor":[82,82,82,82,82,82,82,82,82,82,82,82,86,89,89,89,89,93,93,97,101,101,101,101,101,101,101,104,104,104,107,107,107,107,107,110,110,113,117,117,117,117,117,121,121,121,121,121,121,121,121,121,121,121,121,121],"card_choices":[{"not_picked":["Dark Embrace","Clash"],"picked":"Armaments","floor":1.0},{"not_picked":["Second Wind","Havoc"],"picked":"Body Slam","floor":4.0},{"not_picked":["Sentinel","Disarm"],"picked":"Entrench","floor":7.0},{"not_picked":["Headbutt","Flex"],"picked":"Feed","floor":12.0},{"not_picked":["Warcry","Infernal Blade","Bloodletting"],"picked":"SKIP","floor":13.0},{"not_picked":["Dark Embrace","Wild Strike"],"picked":"Whirlwind","floor":14.0},{"not_picked":["Limit Break","Fiend Fire"],"picked":"Demon Form","floor":16.0},{"not_picked":["Sword Boomerang","Bloodletting"],"picked":"Metallicize+1","floor":18.0},{"not_picked":["Armaments","Dropkick"],"picked":"Shrug It Off+1","floor":19.0},{"not_picked":["Havoc","Dark Embrace"],"picked":"Clothesline","floor":20.0},{"not_picked":["Dropkick","Bloodletting","Clash"],"picked":"SKIP","floor":21.0},{"not_picked":["Armaments","Rupture"],"picked":"Uppercut","floor":25.0},{"not_picked":["Anger","Whirlwind","Thunderclap"],"picked":"SKIP","floor":28.0},{"not_picked":["Twin Strike","Headbutt+1"],"picked":"Disarm","floor":29.0},{"not_picked":["Rampage","Sentinel"],"picked":"Armaments","floor":31.0},{"not_picked":["Offering","Juggernaut"],"picked":"Reaper","floor":33.0},{"not_picked":[],"picked":"Shockwave","floor":35.0},{"not_picked":["Anger+1"],"picked":"SKIP","floor":36.0},{"not_picked":["Anger"],"picked":"SKIP","floor":38.0},{"not_picked":["Dark Embrace+1"],"picked":"SKIP","floor":39.0},{"not_picked":["Burning Pact"],"picked":"SKIP","floor":41.0},{"not_picked":["Clothesline"],"picked":"SKIP","floor":44.0},{"not_picked":[],"picked":"Battle Trance+1","floor":46.0},{"not_picked":[],"picked":"Offering","floor":47.0},{"not_picked":["Reckless Charge+1"],"picked":"SKIP","floor":48.0},{"not_picked":["Sever Soul+1"],"picked":"SKIP","floor":55}],"player_experience":727918,"relics_obtained":[{"floor":7.0,"key":"Akabeko"},{"floor":9.0,"key":"Art of War"},{"floor":11.0,"key":"InkBottle"},{"floor":12.0,"key":"Peace Pipe"},{"floor":14.0,"key":"Old Coin"},{"floor":25.0,"key":"Omamori"},{"floor":26.0,"key":"Bag of Marbles"},{"floor":29.0,"key":"Du-Vu Doll"},{"floor":37.0,"key":"Ice Cream"},{"floor":46.0,"key":"Molten Egg 2"},{"floor":48.0,"key":"Centennial Puzzle"},{"floor":55,"key":"Kunai"}],"event_choices":[{"damage_healed":0.0,"max_hp_gain":0.0,"max_hp_loss":0.0,"gold_gain":0.0,"event_name":"Scrap Ooze","player_choice":"Success","floor":2.0,"gold_loss":0.0,"damage_taken":26.0,"relics_obtained":["Shuriken"]},{"damage_healed":0.0,"max_hp_gain":0.0,"max_hp_loss":0.0,"gold_gain":0.0,"cards_transformed":["Strike_R"],"event_name":"Living Wall","player_choice":"Change","floor":3.0,"gold_loss":0.0,"damage_taken":0.0,"cards_obtained":["Metallicize"]},{"cards_removed":["Strike_R"],"damage_healed":0.0,"max_hp_gain":0.0,"max_hp_loss":0.0,"gold_gain":0.0,"event_name":"Golden Wing","player_choice":"Card Removal","floor":5.0,"gold_loss":0.0,"damage_taken":7.0},{"damage_healed":0.0,"max_hp_gain":0.0,"max_hp_loss":0.0,"gold_gain":275.0,"event_name":"Golden Shrine","player_choice":"Desecrate","floor":22.0,"gold_loss":0.0,"damage_taken":0.0,"cards_obtained":["Regret"]}],"is_beta":false,"boss_relics":[{"not_picked":["SlaversCollar","Snecko Eye"],"picked":"Cursed Key"},{"not_picked":["Mark of Pain","Philosopher\u0027s Stone"],"picked":"Busted Crown"}],"items_purged_floors":[],"is_endless":false,"potions_floor_spawned":[4,7,14,16,20,28,31,36,39,47,48],"ascension_level":20}}