{"host":"0iuhrgzkozzv273x","time":1610590347,"event":{"mods":["2.2 Compatiblity","Astrologer","BaseMod","ChefMod","Colored Map","Curses Come First","Downfall","Hermit","Jorbs\u0027s Wanderer Trilogy","Key Reminder","Minty Spire (QoL Compilation)","Robot Space Explorer","Shade Mod","StSLib","The Construct","The Cursed","The Disciple","The Hayseed","The Runesmith","The Showman","TheFirefly","Unceasing Turn Reminder","Wandering Minibosses","thorton"],"gold_per_floor":[118,136,136,136,148,148,166,193,193,193,224,239,16,34,34,132,132,147,165,165,120,134,98,110,80,80,110,125,63,77,88,39,139,139,155,168,186,196,216,136,170,170,193,209,134,160,119,132,128,128,128,128,24,54,54,54],"floor_reached":55,"language":"ENG","playtime":7192,"items_purged":["thefirefly:Strike"],"score":777,"play_id":"a7971c4a-e51a-4778-8b92-0b49eb5e0da2","local_time":"20210113211227","is_ascension_mode":true,"campfire_choices":[{"data":"thefirefly:CreateClone","floor":6.0,"key":"SMITH"},{"floor":10.0,"key":"REST"},{"data":"thefirefly:PhotonBlast","floor":15.0,"key":"SMITH"},{"data":"thefirefly:RerouteCircuit","floor":23.0,"key":"SMITH"},{"floor":25.0,"key":"RECALL"},{"floor":29.0,"key":"DIG"},{"floor":32.0,"key":"DIG"},{"floor":40,"key":"DIG"},{"floor":47,"key":"DIG"},{"floor":49,"key":"DIG"},{"floor":52,"key":"DIG"}],"circlet_count":0,"master_deck":["thefirefly:Strike","thefirefly:Defend","thefirefly:Defend","thefirefly:Defend","thefirefly:StealthMode+1","thefirefly:PhotonBlast+1","thefirefly:EnergyShield+1","thefirefly:StoredPower","thefirefly:CreateClone+1","thefirefly:FlakCannon","thefirefly:ParadoxEngine","thefirefly:Cosmogenesis","thefirefly:RerouteCircuit+1","thefirefly:RerouteCircuit","thefirefly:BoltzmannBrain+1","thefirefly:ParadoxEngine+1","thefirefly:StarCinder+1","thefirefly:DecoyShot+1","thefirefly:SearingEnigma","thefirefly:MirrorShield+1","thefirefly:TachyonBeam","thefirefly:LaserBarrage+1"],"relics":["thefirefly:StealthSystem","NeowsBlessing","Pantograph","Meat on the Bone","Lizard Tail","Membership Card","Astrolabe","thefirefly:RepairArm","Shovel","Akabeko","Du-Vu Doll","Lantern","Fusion Hammer","Ancient Tea Set","Pocketwatch","TheAbacus","thefirefly:WeaponPreloader","Kunai","Bottled Lightning","Shuriken","Oddly Smooth Stone","Mummified Hand"],"acts_visited":["Exordium","TheCity","TheBeyond","TheEnding"],"potions_floor_usage":[39,41,46,46,46,54,55,55,55,55],"damage_taken":[{"damage":0.0,"enemies":"2 Louse","floor":1.0,"turns":1.0},{"damage":0.0,"enemies":"Cultist","floor":2.0,"turns":1.0},{"damage":0.0,"enemies":"Small Slimes","floor":5.0,"turns":3.0},{"damage":18.0,"enemies":"Exordium Thugs","floor":7.0,"turns":10.0},{"damage":70.0,"enemies":"Gremlin Nob","floor":8.0,"turns":6.0},{"damage":17.0,"enemies":"Lagavulin","floor":11.0,"turns":11.0},{"damage":14.0,"enemies":"Gremlin Gang","floor":12.0,"turns":6.0},{"damage":2.0,"enemies":"Large Slime","floor":14.0,"turns":11.0},{"damage":31.0,"enemies":"Slime Boss","floor":16.0,"turns":13.0},{"damage":19.0,"enemies":"Chosen","floor":18.0,"turns":6.0},{"damage":12.0,"enemies":"Spheric Guardian","floor":19.0,"turns":9.0},{"damage":3.0,"enemies":"Centurion and Healer","floor":22.0,"turns":7.0},{"damage":30.0,"enemies":"Sentry and Sphere","floor":24.0,"turns":7.0},{"damage":29.0,"enemies":"Gremlin Leader","floor":27.0,"turns":11.0},{"damage":29.0,"enemies":"Shelled Parasite and Fungi","floor":28.0,"turns":6.0},{"damage":27.0,"enemies":"3 Cultists","floor":30.0,"turns":6.0},{"damage":22.0,"enemies":"Centurion and Healer","floor":31.0,"turns":6.0},{"damage":34.0,"enemies":"Champ","floor":33.0,"turns":13.0},{"damage":3,"enemies":"3 Shapes","floor":35,"turns":11},{"damage":28,"enemies":"3 Darklings","floor":36,"turns":6},{"damage":11,"enemies":"Jaw Worm Horde","floor":37,"turns":6},{"damage":14,"enemies":"Spire Growth","floor":38,"turns":6},{"damage":19,"enemies":"Transient","floor":39,"turns":5},{"damage":64,"enemies":"Reptomancer","floor":41,"turns":10},{"damage":11,"enemies":"Maw","floor":44,"turns":13},{"damage":1,"enemies":"Nemesis","floor":46,"turns":9},{"damage":4,"enemies":"4 Shapes","floor":48,"turns":9},{"damage":19,"enemies":"Time Eater","floor":50,"turns":12},{"damage":68,"enemies":"Shield and Spear","floor":54,"turns":10},{"damage":245,"enemies":"The Heart","floor":55,"turns":12}],"seed_played":"-5077735479435084695","potions_obtained":[{"floor":1.0,"key":"Energy Potion"},{"floor":7.0,"key":"FairyPotion"},{"floor":12.0,"key":"ColorlessPotion"},{"floor":19.0,"key":"ColorlessPotion"},{"floor":27.0,"key":"Dexterity Potion"},{"floor":30.0,"key":"Fire Potion"},{"floor":33.0,"key":"FairyPotion"},{"floor":37,"key":"Energy Potion"},{"floor":39,"key":"Regen Potion"},{"floor":44,"key":"EntropicBrew"}],"is_trial":false,"path_per_floor":["M","M","?","?","M","R","M","E","T","R","E","M","$","M","R","B",null,"M","M","?","$","M","R","M","R","T","E","M","R","M","M","R","B",null,"M","M","M","M","M","R","E","?","T","M","$","E","R","M","R","B",null,"R","$","E","B"],"character_chosen":"THE_FIREFLY","items_purchased":["Membership Card","thefirefly:RerouteCircuit","thefirefly:RepairArm","TheAbacus","Oddly Smooth Stone","Energy Potion"],"campfire_rested":1,"item_purchase_floors":[13,13,21,45,53,53],"current_hp_per_floor":[55,55,60,60,62,62,46,18,18,37,22,22,22,34,34,30,74,57,47,47,47,44,80,52,82,82,39,24,86,61,41,90,53,92,91,65,56,44,22,102,51,51,51,54,54,67,108,106,110,93,112,112,112,58,0,0],"gold":54,"neow_bonus":"THREE_ENEMY_KILL","is_daily":false,"chose_seed":false,"campfire_upgraded":3,"win_rate":0.0,"timestamp":1610590347,"path_taken":["M","M","?","?","M","R","M","E","T","R","E","M","$","?","R","BOSS","M","M","?","$","M","R","M","R","T","E","M","R","M","?","R","BOSS","M","?","M","M","M","R","E","?","T","?","$","E","R","?","R","BOSS","R","$","E","BOSS"],"items_purchased_type":["Relic","Card","Relic","Relic","Relic","Potion"],"build_version":"2020-12-22","purchased_purges":1,"victory":false,"max_hp_per_floor":[55,55,60,60,62,62,64,66,66,66,68,70,70,72,72,74,74,76,78,78,78,80,80,82,82,82,84,86,86,88,90,90,92,92,94,96,98,100,102,102,104,104,104,106,106,108,108,110,110,112,112,112,112,114,0,0],"card_choices":[{"not_picked":["thefirefly:FlareScreen","thefirefly:PhantomStrike"],"picked":"thefirefly:EnergyShield","floor":1.0},{"not_picked":["thefirefly:DataMiner","thefirefly:FlareScreen"],"picked":"thefirefly:StoredPower","floor":2.0},{"not_picked":["thefirefly:CoveringFire","thefirefly:Boost"],"picked":"thefirefly:FlakCannon","floor":5.0},{"not_picked":["thefirefly:StarCinder","thefirefly:FlareScreen"],"picked":"thefirefly:ParadoxEngine","floor":7.0},{"not_picked":["thefirefly:FlakCannon","thefirefly:Pacify","thefirefly:ShieldArray"],"picked":"SKIP","floor":8.0},{"not_picked":["thefirefly:RollBack","thefirefly:ErraticMotions","thefirefly:SteadyAim"],"picked":"SKIP","floor":11.0},{"not_picked":["thefirefly:AuroralDischarge","thefirefly:ShieldArray"],"picked":"thefirefly:Cosmogenesis","floor":12.0},{"not_picked":["thefirefly:Rend","thefirefly:RollBack","thefirefly:MirrorShield"],"picked":"SKIP","floor":14.0},{"not_picked":["thefirefly:Nova","thefirefly:BreachMissile"],"picked":"thefirefly:RerouteCircuit","floor":16.0},{"not_picked":["thefirefly:PotentAmmunition","thefirefly:FlareScreen","thefirefly:Teleport"],"picked":"SKIP","floor":18.0},{"not_picked":["thefirefly:Distort","thefirefly:InterceptingShot+1"],"picked":"thefirefly:DecoyShot+1","floor":19.0},{"not_picked":["thefirefly:Flight","thefirefly:ErraticMotions","thefirefly:Rend"],"picked":"SKIP","floor":22.0},{"not_picked":["thefirefly:IonizedBarrier","thefirefly:Preload","thefirefly:EnergyShield"],"picked":"SKIP","floor":24.0},{"not_picked":["thefirefly:FlareScreen","thefirefly:EvasiveManeuver"],"picked":"thefirefly:SearingEnigma","floor":27.0},{"not_picked":["thefirefly:CoveringFire","thefirefly:LifeSupport"],"picked":"thefirefly:MirrorShield+1","floor":28.0},{"not_picked":["thefirefly:Distort","thefirefly:InterceptingShot","thefirefly:EMP"],"picked":"SKIP","floor":30.0},{"not_picked":["thefirefly:AutoTargeting","thefirefly:EMP+1","thefirefly:AuroralDischarge+1"],"picked":"SKIP","floor":31.0},{"not_picked":["thefirefly:ParadoxEngine","thefirefly:Nova"],"picked":"thefirefly:TachyonBeam","floor":33.0},{"not_picked":["thefirefly:StoredPower","thefirefly:EMP+1","thefirefly:Preload+1"],"picked":"SKIP","floor":35},{"not_picked":["thefirefly:ShieldArray+1","thefirefly:PotentAmmunition+1","thefirefly:Pacify"],"picked":"SKIP","floor":36},{"not_picked":["thefirefly:Ruminate","thefirefly:ParadoxEngine","thefirefly:EvasiveManeuver"],"picked":"SKIP","floor":37},{"not_picked":["thefirefly:Quine","thefirefly:SteadyAim+1","thefirefly:ArtillleryBeam+1"],"picked":"SKIP","floor":38},{"not_picked":["thefirefly:Rend","thefirefly:FlareScreen","thefirefly:QuantumTunneling+1"],"picked":"SKIP","floor":39},{"not_picked":["thefirefly:Distort","thefirefly:PotentAmmunition"],"picked":"thefirefly:LaserBarrage+1","floor":41},{"not_picked":["thefirefly:Teleport","thefirefly:Kugelblitz","thefirefly:RecollectionSubroutine+1"],"picked":"SKIP","floor":44},{"not_picked":["thefirefly:Bombardment","thefirefly:AutoTargeting","thefirefly:StoredPower"],"picked":"SKIP","floor":46},{"not_picked":["thefirefly:RollBack","thefirefly:ArtillleryBeam","thefirefly:RecollectionSubroutine"],"picked":"SKIP","floor":48},{"not_picked":["thefirefly:PhantomStrike+1","thefirefly:AuroralDischarge","thefirefly:Flight+1"],"picked":"SKIP","floor":54}],"player_experience":1453446,"relics_obtained":[{"floor":8.0,"key":"Pantograph"},{"floor":9.0,"key":"Meat on the Bone"},{"floor":11.0,"key":"Lizard Tail"},{"floor":26.0,"key":"Shovel"},{"floor":27.0,"key":"Akabeko"},{"floor":29.0,"key":"Du-Vu Doll"},{"floor":32.0,"key":"Lantern"},{"floor":40,"key":"Ancient Tea Set"},{"floor":41,"key":"Pocketwatch"},{"floor":46,"key":"thefirefly:WeaponPreloader"},{"floor":47,"key":"Kunai"},{"floor":49,"key":"Bottled Lightning"},{"floor":52,"key":"Shuriken"},{"floor":54,"key":"Mummified Hand"}],"event_choices":[{"damage_healed":0.0,"max_hp_gain":5.0,"max_hp_loss":0.0,"gold_gain":0.0,"event_name":"Big Fish","player_choice":"Donut","floor":3.0,"gold_loss":0.0,"damage_taken":0.0},{"damage_healed":0.0,"max_hp_gain":0.0,"max_hp_loss":0.0,"gold_gain":0.0,"event_name":"Match and Keep!","player_choice":"1 cards matched","floor":4.0,"gold_loss":0.0,"damage_taken":0.0,"cards_obtained":["thefirefly:CreateClone"]},{"damage_healed":0.0,"max_hp_gain":0.0,"max_hp_loss":0.0,"gold_gain":0.0,"event_name":"Upgrade Shrine","player_choice":"Upgraded","floor":20.0,"gold_loss":0.0,"damage_taken":0.0,"cards_upgraded":["thefirefly:EnergyShield"]},{"damage_healed":0,"gold_gain":0,"player_choice":"Upgraded","damage_taken":0,"max_hp_gain":0,"max_hp_loss":0,"event_name":"Upgrade Shrine","floor":42,"gold_loss":0,"cards_upgraded":["thefirefly:StealthMode"]}],"is_beta":false,"boss_relics":[{"not_picked":["Philosopher\u0027s Stone","Velvet Choker"],"picked":"Astrolabe"},{"not_picked":["construct:ClawGrip","Tiny House"],"picked":"Fusion Hammer"}],"items_purged_floors":[13],"is_endless":false,"potions_floor_spawned":[1,7,12,19,27,30,33,37,39,44],"killed_by":"The Heart","ascension_level":1}}