{"host":"s8k08j4eybfen9r6","time":1610606636,"event":{"mods":["Aspiration","BaseMod","Better Altar","Better Match","Better Note","Better Sensory Stone","Better Skull","Better Third Choice","BetterRewards","Downfall","Duelist Mod","Hubris","Jedi Mod","Minty Spire (QoL Compilation)","MostiFishMod","Rare Cards Sparkle","Shop Mod","Spicy Shops","StSLib","The Animator"],"gold_per_floor":[145,156,106,31,31,64,81,94,94,94,121,121,131,163,163,258,258,269,295,295,261,271,271,301,261,287,287,300,332,332,247,247,345,345,356,407,282,296,325,339,365,391,402,402,430,450,450,450,450,450,81,110,110],"floor_reached":56,"language":"ENG","playtime":2587,"items_purged":["theDuelist:ArchfiendSoldier","theDuelist:ArchfiendSoldier"],"score":2006,"play_id":"fa20bb60-ab93-4042-81c2-7c8f6ae7e18d","local_time":"20210114164356","is_ascension_mode":true,"campfire_choices":[{"data":"theDuelist:RainbowKuriboh","floor":10,"key":"SMITH"},{"data":"theDuelist:DarkCubicLord","floor":12,"key":"SMITH"},{"data":"theDuelist:Blockman","floor":15,"key":"SMITH"},{"data":"theDuelist:DarkMasterZorc","floor":23,"key":"SMITH"},{"data":"theDuelist:LightningDarts+1","floor":27,"key":"SMITH"},{"floor":46,"key":"RECALL"},{"data":"theDuelist:LightningDarts+2","floor":52,"key":"SMITH"}],"circlet_count":0,"master_deck":["theDuelist:Blockman+1","theDuelist:RainbowKuriboh+1","theDuelist:CallGrave+1","theDuelist:DarkCubicLord+1","theDuelist:ArchfiendSoldier+1","theDuelist:CastleWalls+1","theDuelist:CastleWalls+1","theDuelist:DarkSparks+1","theDuelist:DarkMasterZorc+1","theDuelist:SummonedSkull+1","theDuelist:CastleWalls+1","theDuelist:BloodSparks","theDuelist:FiendMegacyber","theDuelist:KingYami","theDuelist:Mudora","theDuelist:Doomdog","theDuelist:LightningDarts+3","theDuelist:BlackPendant","theDuelist:DarkCubicLord","theDuelist:CurseArmaments","theDuelist:BerserkerCrush","theDuelist:DarknessNeosphere"],"relics":["theDuelist:MillenniumPuzzle","theDuelist:CardPoolRelic","theDuelist:CardPoolBasicRelic","theDuelist:BoosterPackPoolRelic","theDuelist:CardPoolAddRelic","theDuelist:CardPoolMinusRelic","theDuelist:CardPoolSaveRelic","theDuelist:CardPoolOptionsRelic","DaveBox","ExusiaiGun","SynthV:TestCard","betterThird:SlimedRelic","Mercury Hourglass","Orichalcum","Juzu Bracelet","Civilization","Odd Mushroom","hubris:ToyBattleship","aspiration:RunicSpoon","Red Mask","hubris:Icosahedron","Pen Nib","PreservedInsect","aspiration:ArtOfWarUpgrade","Philosopher\u0027s Stone","hubris:Teleporter","Charon\u0027s Ashes","Du-Vu Doll","theDuelist:ShopToken","Bottled Lightning","Blood Vial","theDuelist:DuelistLetterOpener","theDuelist:TributeEggRelic","Toolbox","theDuelist:MillenniumRod"],"acts_visited":["Exordium","TheCity","TheBeyond","TheEnding"],"potions_floor_usage":[14,33],"damage_taken":[{"damage":0,"enemies":"Jaw Worm","floor":1,"turns":1},{"damage":0,"enemies":"Small Slimes","floor":2,"turns":2},{"damage":0,"enemies":"Lagavulin","floor":6,"turns":3},{"damage":0,"enemies":"Cultist","floor":7,"turns":1},{"damage":10,"enemies":"2 Fungi Beasts","floor":8,"turns":3},{"damage":0,"enemies":"The Mushroom Lair","floor":11,"turns":2},{"damage":0,"enemies":"Exordium Wildlife","floor":13,"turns":2},{"damage":12,"enemies":"Gremlin Nob","floor":14,"turns":3},{"damage":0,"enemies":"Hexaghost","floor":16,"turns":3},{"damage":0,"enemies":"2 Thieves","floor":18,"turns":1},{"damage":0,"enemies":"Masked Bandits","floor":19,"turns":2},{"damage":0,"enemies":"3 Byrds","floor":21,"turns":2},{"damage":0,"enemies":"Centurion and Healer","floor":22,"turns":2},{"damage":0,"enemies":"theDuelist:KaibaA2","floor":24,"turns":1},{"damage":0,"enemies":"Snecko","floor":25,"turns":2},{"damage":0,"enemies":"Chosen and Byrds","floor":28,"turns":3},{"damage":7,"enemies":"Slavers","floor":29,"turns":2},{"damage":0,"enemies":"Champ","floor":33,"turns":1},{"damage":0,"enemies":"3 Darklings","floor":35,"turns":1},{"damage":0,"enemies":"3 Darklings","floor":36,"turns":1},{"damage":0,"enemies":"Orb Walker","floor":38,"turns":1},{"damage":5,"enemies":"Giant Head","floor":40,"turns":2},{"damage":5,"enemies":"Writhing Mass","floor":41,"turns":1},{"damage":0,"enemies":"Reptomancer","floor":42,"turns":1},{"damage":5,"enemies":"3 Darklings","floor":44,"turns":3},{"damage":5,"enemies":"Nemesis","floor":47,"turns":1},{"damage":6,"enemies":"4 Shapes","floor":48,"turns":3},{"damage":18,"enemies":"Awakened One","floor":50,"turns":4},{"damage":0,"enemies":"Shield and Spear","floor":54,"turns":1},{"damage":39,"enemies":"The Heart","floor":55,"turns":3}],"seed_played":"-7881437306727292548","potions_obtained":[{"floor":6,"key":"SteroidPotion"},{"floor":11,"key":"Ancient Potion"},{"floor":14,"key":"Fruit Juice"},{"floor":16,"key":"theDuelist:SummonArmorPotion"},{"floor":19,"key":"SpeedPotion"},{"floor":24,"key":"theDuelist:TributeBottle"},{"floor":35,"key":"BlessingOfTheForge"},{"floor":38,"key":"hexamod:EctoCoolerPotion"},{"floor":44,"key":"theDuelist:GiftPotion"}],"is_trial":false,"path_per_floor":["M","M","?","?","?","E","M","M","T","R","?","R","M","E","R","B",null,"M","?","?","M","M","R","E","M","T","R","M","E","?","?","R","B",null,"M","?","$","M","E","M","E","T","M","R","E","M","R","B",null,"R","$","E","B",null],"character_chosen":"THE_DUELIST","items_purchased":["theDuelist:ShopToken","theDuelist:TributeEggRelic","Toolbox"],"campfire_rested":0,"item_purchase_floors":[37,53,53],"current_hp_per_floor":[72,76,65,65,34,38,38,28,28,28,35,35,40,39,39,46,94,103,115,115,134,151,151,169,188,188,188,209,230,242,242,242,267,284,315,347,347,384,424,454,496,496,538,538,581,627,627,670,693,693,693,756,777],"gold":110,"neow_bonus":"RANDOM_COLORLESS_2","is_daily":false,"chose_seed":false,"campfire_upgraded":6,"win_rate":0.0,"timestamp":1610606636,"path_taken":["M","M","?","?","?","E","M","M","T","R","?","R","M","E","R","BOSS","M","?","?","M","M","R","E","M","T","R","M","E","?","?","R","BOSS","M","?","$","M","E","M","E","T","M","R","E","M","R","BOSS","R","$","E","BOSS"],"items_purchased_type":["Relic","Relic","Relic"],"build_version":"2020-12-22","purchased_purges":2,"victory":true,"max_hp_per_floor":[72,76,76,76,76,80,80,80,80,80,87,87,92,103,103,110,110,119,131,131,150,167,167,185,204,204,204,225,253,265,265,265,290,290,321,353,353,390,424,459,501,501,546,546,592,642,642,701,701,701,701,762,820],"card_choices":[{"not_picked":["theDuelist:OrbMetronome","expansioncontent:StudyTheSpire"],"picked":"theDuelist:Blockman","floor":0},{"not_picked":["theDuelist:Sangan","theDuelist:Kuriboh","theDuelist:DianKeto","theDuelist:PurplePainOni"],"picked":"theDuelist:RainbowKuriboh","floor":1},{"not_picked":["theDuelist:DoomDonuts+1","theDuelist:DarknessNeosphere+1","theDuelist:RedMirror+1","theDuelist:Doomdog+1"],"picked":"theDuelist:CallGrave+1","floor":2},{"not_picked":["theDuelist:DarklordMarie","theDuelist:FiendMegacyber","theDuelist:CheerfulCoffin","theDuelist:UmbralHorrorGhost"],"picked":"theDuelist:KingYami","floor":6},{"not_picked":["theDuelist:FeatherShot","theDuelist:ArchfiendGeneral","theDuelist:Tierra","theDuelist:FabledGallabas"],"picked":"theDuelist:DarkCubicLord","floor":7},{"not_picked":["theDuelist:GraniteLoyalist","theDuelist:BlueBloodedOni","theDuelist:GemArmadillo","theDuelist:Sangan"],"picked":"theDuelist:Mudora","floor":8},{"not_picked":["theDuelist:DoomsdayHorror","theDuelist:Pumprincess","theDuelist:CyberArchfiend","theDuelist:DoomDonuts","theDuelist:AlienTelepath"],"picked":"SKIP","floor":13},{"not_picked":["theDuelist:BattleguardKing","theDuelist:Kuriboh","theDuelist:PowerGiant","theDuelist:OneForOne","theDuelist:BigKoala"],"picked":"SKIP","floor":14},{"not_picked":["theDuelist:DarkCubicLord","theDuelist:Wildfire","theDuelist:CallGrave","theDuelist:Tierra"],"picked":"theDuelist:DarkMasterZorc","floor":16},{"not_picked":["theDuelist:FiendSkull","theDuelist:BlueBloodedOni","theDuelist:GreenGraveOni","theDuelist:GreyGreedOni","theDuelist:RainbowOverdragon"],"picked":"SKIP","floor":18},{"not_picked":["theDuelist:DoomDonuts","theDuelist:DarknessNeosphere","theDuelist:RedMirror","theDuelist:CallGrave"],"picked":"theDuelist:Doomdog","floor":19},{"not_picked":["theDuelist:FiendSkull","theDuelist:BlueBloodedOni+1","theDuelist:GreyGreedOni","theDuelist:PurplePainOni","theDuelist:RainbowOverdragon+1"],"picked":"SKIP","floor":21},{"not_picked":["theDuelist:ArchfiendSoldier+1","theDuelist:CheerfulCoffin","theDuelist:DarkTinker","theDuelist:FiendMegacyber","theDuelist:DarkHunter"],"picked":"SKIP","floor":22},{"not_picked":["theDuelist:EarthquakeGiant+1","theDuelist:FuryFire+1","theDuelist:Mudora","theDuelist:MudragonSwamp"],"picked":"theDuelist:LightningDarts+1","floor":24},{"not_picked":["theDuelist:WanderingKing","theDuelist:GilfordLegend+1","theDuelist:PreventRat+1","theDuelist:ArchfiendHeiress"],"picked":"theDuelist:BlackPendant","floor":25},{"not_picked":["theDuelist:Blockman","theDuelist:EarthquakeGiant+1","theDuelist:RainbowKuriboh","theDuelist:RainbowOverdragon","theDuelist:PotForbidden"],"picked":"SKIP","floor":28},{"not_picked":["theDuelist:Wildfire","theDuelist:ArchfiendGeneral","theDuelist:CallGrave+1","theDuelist:DarkMasterZorc+1"],"picked":"theDuelist:DarkCubicLord","floor":29},{"not_picked":["theDuelist:DarkMirrorForce+1","theDuelist:LightningDarts+1","theDuelist:MirrorForce+1","theDuelist:Wiretap+1","theDuelist:DestructPotion+2"],"picked":"SKIP","floor":35},{"not_picked":["theDuelist:KingYami+1","theDuelist:PortraitSecret+1","theDuelist:FiendMegacyber+1","theDuelist:DarkFusion+1","theDuelist:Zombyra+1"],"picked":"SKIP","floor":38},{"not_picked":["theDuelist:DoomDonuts+1","theDuelist:RedMirror","theDuelist:Doomdog+1","theDuelist:CallGrave"],"picked":"theDuelist:DarknessNeosphere","floor":40},{"not_picked":["theDuelist:DestroyerGolem+1","theDuelist:EvilswarmHeliotrope","theDuelist:GiantSoldierSteel","theDuelist:LabyrinthWall","theDuelist:MillenniumGolem"],"picked":"SKIP","floor":41},{"not_picked":["theDuelist:BerserkerCrush+1","theDuelist:DarkEnergy+1","theDuelist:CheerfulCoffin+1","theDuelist:GracefulCharity","theDuelist:TributeDoomed+1"],"picked":"SKIP","floor":42},{"not_picked":["theDuelist:FabledGallabas","theDuelist:DarkCubicLord","theDuelist:DoomcaliberKnight+1","theDuelist:DarkMasterZorc+1","theDuelist:ArchfiendCommander+1"],"picked":"SKIP","floor":44},{"not_picked":["theDuelist:UmbralHorrorGhost+1","theDuelist:SummonedSkull+1","theDuelist:UmbralHorrorUniform","theDuelist:PortraitSecret+1","theDuelist:SkullArchfiend+1"],"picked":"SKIP","floor":47},{"not_picked":["theDuelist:GarbageLord","theDuelist:DoomsdayHorror","theDuelist:AlienTelepath","theDuelist:GrossGhost","theDuelist:FabledGallabas+1"],"picked":"SKIP","floor":48},{"not_picked":["theDuelist:BlastAsmodian+1","theDuelist:BottomlessTrapHole+1","theDuelist:Tierra+1"],"picked":"SKIP","floor":54}],"player_experience":421612,"relics_obtained":[{"floor":1,"key":"SynthV:TestCard"},{"floor":6,"key":"Juzu Bracelet"},{"floor":9,"key":"Civilization"},{"floor":11,"key":"Odd Mushroom"},{"floor":14,"key":"hubris:ToyBattleship"},{"floor":19,"key":"Red Mask"},{"floor":24,"key":"Pen Nib"},{"floor":26,"key":"PreservedInsect"},{"floor":29,"key":"Art of War"},{"floor":36,"key":"hubris:Teleporter"},{"floor":36,"key":"Charon\u0027s Ashes"},{"floor":36,"key":"Du-Vu Doll"},{"floor":40,"key":"Bottled Lightning"},{"floor":42,"key":"Blood Vial"},{"floor":47,"key":"theDuelist:DuelistLetterOpener"},{"floor":54,"key":"theDuelist:MillenniumRod"}],"event_choices":[{"damage_healed":0,"gold_gain":0,"player_choice":"Slimed","damage_taken":11,"max_hp_gain":0,"max_hp_loss":0,"event_name":"betterThird:BetterGoop","floor":3,"gold_loss":50},{"damage_healed":0,"gold_gain":0,"player_choice":"3","damage_taken":0,"max_hp_gain":0,"max_hp_loss":0,"event_name":"betterMatch:BetterMatch","floor":4,"gold_loss":0,"cards_obtained":[]},{"damage_healed":0,"gold_gain":1,"player_choice":"Relic Relic ","damage_taken":31,"max_hp_gain":0,"max_hp_loss":0,"event_name":"betterThird:BetterScrap","floor":5,"gold_loss":0,"cards_obtained":["Bloodletting"]},{"damage_healed":0,"gold_gain":0,"player_choice":"Fought Mushrooms","damage_taken":0,"max_hp_gain":0,"max_hp_loss":0,"event_name":"Mushrooms","floor":11,"gold_loss":0},{"damage_healed":0,"gold_gain":0,"player_choice":"Fought Bandits","damage_taken":0,"max_hp_gain":0,"max_hp_loss":0,"event_name":"Masked Bandits","floor":19,"gold_loss":0},{"damage_healed":0,"gold_gain":0,"player_choice":"Worship - 20% roll at +12 Max HP","duelist":true,"damage_taken":0,"max_hp_gain":0,"max_hp_loss":0,"event_name":"Tomb of the Nameless","floor":30,"gold_loss":0},{"damage_healed":0,"gold_gain":0,"player_choice":"Purchased Berserker Crush for 85 Gold.","duelist":true,"damage_taken":0,"max_hp_gain":0,"max_hp_loss":0,"event_name":"Card Trader","floor":31,"gold_loss":0},{"damage_healed":0,"gold_gain":0,"player_choice":"Fight","duelist":true,"damage_taken":0,"max_hp_gain":0,"max_hp_loss":0,"event_name":"Battle City","floor":36,"gold_loss":0}],"is_beta":false,"boss_relics":[{"not_picked":["Empty Cage","TakeMeEscape"],"picked":"aspiration:RunicSpoon"},{"not_picked":["SynthV:MejaisSoulstealer","PatriotShield"],"picked":"Philosopher\u0027s Stone"}],"items_purged_floors":[37,53],"is_endless":false,"potions_floor_spawned":[6,11,14,16,19,24,25,28,35,36,38,44],"ascension_level":6}}