{"host":"pq8o62wp0h1hflf3","time":1610652570,"event":{"mods":["BaseMod","Minty Spire (QoL Compilation)","Relic Stats","ojb\u0027s Info Mod"],"gold_per_floor":[113,113,73,91,108,141,141,141,141,160,160,160],"floor_reached":11,"language":"ENG","playtime":452,"items_purged":[],"score":146,"play_id":"391bf13a-ddf0-40a6-8904-467d7d4ad740","local_time":"20210114142930","is_ascension_mode":true,"campfire_choices":[],"circlet_count":0,"master_deck":["AscendersBane","Strike_B","Strike_B","Strike_B","Defend_B","Defend_B","Defend_B","Defend_B","Zap","Dualcast","Sweeping Beam","BootSequence","Capacitor","Gash","Auto Shields","Glacier"],"relics":["Cracked Core","NeowsBlessing","Pen Nib"],"acts_visited":["Exordium"],"potions_floor_usage":[6,6],"damage_taken":[{"damage":0,"enemies":"2 Louse","floor":1,"turns":1},{"damage":0,"enemies":"Cultist","floor":4,"turns":1},{"damage":0,"enemies":"Jaw Worm","floor":5,"turns":1},{"damage":53,"enemies":"3 Sentries","floor":6,"turns":13},{"damage":3,"enemies":"Blue Slaver","floor":10,"turns":4},{"damage":0,"enemies":"Gremlin Nob","floor":11,"turns":1}],"seed_played":"-4270806961136788780","potions_obtained":[{"floor":1,"key":"Fire Potion"},{"floor":5,"key":"EssenceOfSteel"},{"floor":10,"key":"FocusPotion"}],"is_trial":false,"path_per_floor":["M","?","$","M","M","E","?","?","T","M","E"],"character_chosen":"DEFECT","items_purchased":["BootSequence"],"campfire_rested":0,"item_purchase_floors":[3],"current_hp_per_floor":[64,64,64,64,64,11,11,11,11,8,8,8],"gold":160,"neow_bonus":"THREE_ENEMY_KILL","is_daily":false,"chose_seed":false,"campfire_upgraded":0,"win_rate":0.0,"timestamp":1610652570,"path_taken":["M","?","?","M","?","E","?","?","T","M","E"],"items_purchased_type":["Card"],"build_version":"2020-12-22","purchased_purges":0,"victory":false,"max_hp_per_floor":[71,71,71,71,71,71,71,71,71,71,71,71],"relic_stats":{"counters":[6,21],"Pen Nib":[0],"obtain_stats":[{"NeowsBlessing":0,"Pen Nib":6,"Cracked Core":0},{"NeowsBlessing":0,"Pen Nib":4,"Cracked Core":0},{"NeowsBlessing":0,"Pen Nib":16,"Cracked Core":0}]},"card_choices":[{"not_picked":["Rip and Tear","Coolheaded"],"picked":"Sweeping Beam","floor":1},{"not_picked":["Heatsinks","Sweeping Beam"],"picked":"Capacitor","floor":4},{"not_picked":["Rip and Tear","Steam"],"picked":"Gash","floor":5},{"not_picked":["Beam Cell","Steam"],"picked":"Auto Shields","floor":6},{"not_picked":["Steam Power","Defragment"],"picked":"Glacier","floor":10}],"player_experience":1144521,"relics_obtained":[{"floor":6,"key":"Pen Nib"}],"event_choices":[{"cards_removed":["Strike_B"],"damage_healed":0,"gold_gain":0,"player_choice":"Offered Basic","damage_taken":0,"max_hp_gain":0,"max_hp_loss":0,"event_name":"Bonfire Elementals","floor":2,"gold_loss":0},{"damage_healed":0,"gold_gain":0,"player_choice":"Ignored","damage_taken":0,"max_hp_gain":0,"max_hp_loss":0,"event_name":"Shining Light","floor":7,"gold_loss":0},{"damage_healed":0,"gold_gain":0,"player_choice":"Ignored","damage_taken":0,"max_hp_gain":0,"max_hp_loss":0,"event_name":"Liars Game","floor":8,"gold_loss":0}],"is_beta":false,"boss_relics":[],"items_purged_floors":[],"is_endless":false,"potions_floor_spawned":[1,5,10],"killed_by":"Gremlin Nob","ascension_level":20}}