{"host":"x21cvmfdo17nyhii","time":1610659216,"event":{"mods":["AchievementEnabler","BaseMod","Colored Map","Colored Powertips","DeckTracker","Highlight Path","Minty Spire (QoL Compilation)","Quick Restart","Rare Cards Sparkle","SuperFastMode"],"gold_per_floor":[113,113,128,3,3,31,45,72,72,85,101,112,112,123,123,225,225,238,238,238,253,253,278,297,307,307,307,341,60,60,60,60,163,163,182,532,544,524,536,536,568,621,691,691,706,723,723,35,35,35,35,35,2,27,27,27],"floor_reached":55,"language":"ENG","playtime":4326,"items_purged":["Choke+1"],"score":941,"play_id":"ad9affd9-84aa-4b56-841d-dd63c9364ff4","local_time":"20210114132016","is_ascension_mode":true,"campfire_choices":[{"floor":15.0,"key":"REST"},{"floor":27.0,"key":"REST"},{"data":"Storm of Steel","floor":30.0,"key":"SMITH"},{"data":"A Thousand Cuts","floor":32.0,"key":"SMITH"},{"floor":40.0,"key":"REST"},{"floor":44.0,"key":"REST"},{"floor":47.0,"key":"REST"},{"floor":49.0,"key":"RECALL"},{"data":"Footwork","floor":52.0,"key":"SMITH"}],"circlet_count":0,"master_deck":["Strike_G+1","Strike_G+1","Strike_G+1","Strike_G+1","Defend_G+1","Defend_G+1","Defend_G+1","Defend_G+1","Defend_G+1","Survivor","Neutralize","Dagger Throw","Underhanded Strike","Deflect","Infinite Blades","Unload","Blade Dance","Envenom","Underhanded Strike","Expertise","Cloak And Dagger","Blur","A Thousand Cuts+1","Blade Dance","Tactician","Tools of the Trade","Acrobatics","RitualDagger","Dodge and Roll+1","Cloak And Dagger+1","Cloak And Dagger+1","Storm of Steel+1","Infinite Blades","Dagger Throw","Dagger Throw+1","Crippling Poison+1","Flechettes+1","Quick Slash+1","Footwork+1","Accuracy","Terror+1"],"relics":["WristBlade","Prayer Wheel","Gremlin Horn","MealTicket","Peace Pipe","Busted Crown","Akabeko","Ginger","Meat on the Bone","Pear","Strange Spoon","SacredBark","Old Coin","Oddly Smooth Stone","Ice Cream","Bottled Lightning","Sling","Eternal Feather"],"acts_visited":["Exordium","TheCity","TheBeyond","TheEnding"],"potions_floor_usage":[55],"damage_taken":[{"damage":0.0,"enemies":"2 Louse","floor":1.0,"turns":4.0},{"damage":0.0,"enemies":"Jaw Worm","floor":3.0,"turns":4.0},{"damage":18.0,"enemies":"Lagavulin","floor":6.0,"turns":8.0},{"damage":0.0,"enemies":"Small Slimes","floor":7.0,"turns":3.0},{"damage":11.0,"enemies":"3 Sentries","floor":8.0,"turns":4.0},{"damage":0.0,"enemies":"Blue Slaver","floor":10.0,"turns":2.0},{"damage":1.0,"enemies":"Gremlin Gang","floor":11.0,"turns":4.0},{"damage":0.0,"enemies":"Looter","floor":12.0,"turns":2.0},{"damage":0.0,"enemies":"Red Slaver","floor":14.0,"turns":1.0},{"damage":20.0,"enemies":"The Guardian","floor":16.0,"turns":9.0},{"damage":11.0,"enemies":"Shell Parasite","floor":18.0,"turns":5.0},{"damage":1.0,"enemies":"Spheric Guardian","floor":21.0,"turns":3.0},{"damage":20.0,"enemies":"Slavers","floor":23.0,"turns":5.0},{"damage":0.0,"enemies":"Snecko","floor":24.0,"turns":3.0},{"damage":19.0,"enemies":"Centurion and Healer","floor":25.0,"turns":3.0},{"damage":0.0,"enemies":"Gremlin Leader","floor":28.0,"turns":5.0},{"damage":46.0,"enemies":"Collector","floor":33.0,"turns":7.0},{"damage":9.0,"enemies":"3 Darklings","floor":35.0,"turns":4.0},{"damage":17.0,"enemies":"Mind Bloom Boss Battle","floor":36.0,"turns":5.0},{"damage":3.0,"enemies":"Orb Walker","floor":37.0,"turns":3.0},{"damage":31.0,"enemies":"Transient","floor":39.0,"turns":5.0},{"damage":32.0,"enemies":"Nemesis","floor":41.0,"turns":7.0},{"damage":27.0,"enemies":"2 Orb Walkers","floor":42.0,"turns":4.0},{"damage":23.0,"enemies":"Spire Growth","floor":45.0,"turns":4.0},{"damage":16.0,"enemies":"Sphere and 2 Shapes","floor":46.0,"turns":4.0},{"damage":138.0,"enemies":"Donu and Deca","floor":50.0,"turns":10.0},{"damage":71.0,"enemies":"Shield and Spear","floor":54.0,"turns":7.0},{"damage":42,"enemies":"The Heart","floor":55,"turns":2}],"seed_played":"-6789207452480056147","potions_obtained":[{"floor":3.0,"key":"Dexterity Potion"},{"floor":7.0,"key":"AttackPotion"},{"floor":10.0,"key":"FearPotion"},{"floor":11.0,"key":"LiquidMemories"},{"floor":14.0,"key":"BlessingOfTheForge"},{"floor":16.0,"key":"Poison Potion"},{"floor":24.0,"key":"EssenceOfSteel"},{"floor":33.0,"key":"Dexterity Potion"},{"floor":35.0,"key":"LiquidBronze"},{"floor":38.0,"key":"Fire Potion"},{"floor":41.0,"key":"Fruit Juice"},{"floor":46.0,"key":"Poison Potion"},{"floor":54.0,"key":"Weak Potion"}],"is_trial":false,"path_per_floor":["M","?","M","$","$","E","M","E","T","M","M","M","?","M","R","B",null,"M","?","?","M","?","E","M","M","T","R","E","$","R","?","R","B",null,"M","?","M","?","M","R","E","?","T","R","M","M","R","$","R","B",null,"R","$","E","B"],"character_chosen":"THE_SILENT","items_purchased":["Infinite Blades","BlessingOfTheForge","Strange Spoon","Infinite Blades","SkillPotion","Bottled Lightning","Sling","Footwork","Block Potion","FairyPotion","Accuracy"],"campfire_rested":5,"item_purchase_floors":[4,4,29,29,29,48,48,48,48,48,53],"current_hp_per_floor":[70,52,52,52,52,34,34,23,23,23,22,22,22,22,43,23,70,59,53,53,52,52,32,32,13,13,34,56,71,71,71,71,37,80,71,54,51,51,32,56,46,31,31,58,47,43,70,85,85,20,90,90,90,31,0,0],"gold":27,"neow_bonus":"BOSS_RELIC","is_daily":false,"chose_seed":false,"campfire_upgraded":3,"win_rate":0.0,"timestamp":1610659216,"path_taken":["M","?","M","?","$","E","M","E","T","M","M","M","?","M","R","BOSS","M","?","?","?","?","E","M","?","T","R","E","$","R","?","R","BOSS","M","?","M","?","?","R","E","?","T","R","M","M","R","$","R","BOSS","R","$","E","BOSS"],"items_purchased_type":["Card","Potion","Relic","Card","Potion","Relic","Relic","Card","Potion","Potion","Card"],"build_version":"2020-12-22","purchased_purges":1,"victory":false,"max_hp_per_floor":[70,70,70,70,70,70,70,70,70,70,70,70,70,70,70,70,70,70,70,70,70,70,70,70,70,70,70,80,80,80,80,80,80,80,80,80,80,80,80,80,90,90,90,90,90,90,90,90,90,90,90,90,90,90,90,90],"card_choices":[{"not_picked":["Prepared","Underhanded Strike"],"picked":"Dagger Throw","floor":1.0},{"not_picked":["Prepared","Reflex"],"picked":"Underhanded Strike","floor":3.0},{"not_picked":["Flying Knee","Poisoned Stab","Deflect"],"picked":"SKIP","floor":3.0},{"not_picked":["Flying Knee","Poisoned Stab"],"picked":"Deflect","floor":3.0},{"not_picked":["Riddle With Holes","Noxious Fumes"],"picked":"Unload","floor":6.0},{"not_picked":["Expertise","Poisoned Stab"],"picked":"Blade Dance","floor":7.0},{"not_picked":["Deadly Poison","Flechettes","Poisoned Stab"],"picked":"SKIP","floor":7.0},{"not_picked":["Endless Agony","Distraction"],"picked":"Envenom","floor":8.0},{"not_picked":["Poisoned Stab","Sucker Punch"],"picked":"Underhanded Strike","floor":10.0},{"not_picked":["Flying Knee","Terror"],"picked":"Expertise","floor":10.0},{"not_picked":["Tactician","Blade Dance"],"picked":"Cloak And Dagger","floor":11.0},{"not_picked":["Sucker Punch","Distraction","Blur"],"picked":"SKIP","floor":11.0},{"not_picked":["Sucker Punch","Distraction"],"picked":"Blur","floor":11.0},{"not_picked":["Riddle With Holes","Prepared"],"picked":"A Thousand Cuts","floor":12.0},{"not_picked":["Underhanded Strike","Catalyst"],"picked":"Blade Dance","floor":12.0},{"not_picked":["Expertise","Outmaneuver"],"picked":"Tactician","floor":14.0},{"not_picked":["Riddle With Holes","Flying Knee","Bane"],"picked":"SKIP","floor":14.0},{"not_picked":["Doppelganger","Envenom"],"picked":"Tools of the Trade","floor":16.0},{"not_picked":[],"picked":"Acrobatics","floor":18.0},{"not_picked":["Deadly Poison"],"picked":"SKIP","floor":18.0},{"not_picked":[],"picked":"Dodge and Roll+1","floor":21.0},{"not_picked":["Predator"],"picked":"SKIP","floor":21.0},{"not_picked":[],"picked":"Cloak And Dagger+1","floor":23.0},{"not_picked":["Concentrate"],"picked":"SKIP","floor":24.0},{"not_picked":["Deflect"],"picked":"SKIP","floor":24.0},{"not_picked":[],"picked":"Cloak And Dagger+1","floor":25.0},{"not_picked":["Dodge and Roll"],"picked":"SKIP","floor":25.0},{"not_picked":[],"picked":"Storm of Steel","floor":28.0},{"not_picked":[],"picked":"Choke+1","floor":35.0},{"not_picked":["Slice"],"picked":"SKIP","floor":35.0},{"not_picked":[],"picked":"Dagger Throw","floor":36.0},{"not_picked":["Bouncing Flask+1"],"picked":"SKIP","floor":37.0},{"not_picked":["Noxious Fumes+1"],"picked":"SKIP","floor":37.0},{"not_picked":[],"picked":"Dagger Throw+1","floor":39.0},{"not_picked":["Quick Slash"],"picked":"SKIP","floor":39.0},{"not_picked":["Flying Knee"],"picked":"SKIP","floor":41.0},{"not_picked":[],"picked":"Crippling Poison+1","floor":42.0},{"not_picked":[],"picked":"Flechettes+1","floor":45.0},{"not_picked":["Sucker Punch+1"],"picked":"SKIP","floor":45.0},{"not_picked":[],"picked":"Quick Slash+1","floor":46.0},{"not_picked":["Backflip"],"picked":"SKIP","floor":46.0},{"not_picked":[],"picked":"Terror+1","floor":54.0}],"player_experience":378476,"relics_obtained":[{"floor":6.0,"key":"Gremlin Horn"},{"floor":8.0,"key":"MealTicket"},{"floor":9.0,"key":"Peace Pipe"},{"floor":23.0,"key":"Ginger"},{"floor":26.0,"key":"Meat on the Bone"},{"floor":28.0,"key":"Pear"},{"floor":36.0,"key":"Old Coin"},{"floor":41.0,"key":"Oddly Smooth Stone"},{"floor":42.0,"key":"Ice Cream"},{"floor":54.0,"key":"Eternal Feather"}],"event_choices":[{"damage_healed":0.0,"max_hp_gain":0.0,"max_hp_loss":0.0,"gold_gain":0.0,"event_name":"Scrap Ooze","player_choice":"Success","floor":2.0,"gold_loss":0.0,"damage_taken":18.0,"relics_obtained":["Prayer Wheel"]},{"damage_healed":0.0,"max_hp_gain":0.0,"max_hp_loss":0.0,"gold_gain":0.0,"event_name":"Golden Idol","player_choice":"Ignored","floor":13.0,"gold_loss":0.0,"damage_taken":0.0},{"damage_healed":0.0,"max_hp_gain":0.0,"max_hp_loss":0.0,"gold_gain":0.0,"event_name":"Nest","player_choice":"Joined the Cult","floor":19.0,"gold_loss":0.0,"damage_taken":6.0,"cards_obtained":["RitualDagger"]},{"cards_removed":["Strike_G"],"damage_healed":0.0,"max_hp_gain":0.0,"max_hp_loss":0.0,"gold_gain":0.0,"event_name":"Purifier","player_choice":"Purged","floor":20.0,"gold_loss":0.0,"damage_taken":0.0},{"damage_healed":0.0,"max_hp_gain":0.0,"max_hp_loss":0.0,"gold_gain":0.0,"event_name":"WeMeetAgain","player_choice":"Gave Potion","floor":22.0,"gold_loss":0.0,"damage_taken":0.0,"relics_obtained":["Akabeko"]},{"damage_healed":0.0,"max_hp_gain":0.0,"max_hp_loss":0.0,"gold_gain":0.0,"event_name":"Back to Basics","player_choice":"Simplicity","floor":31.0,"gold_loss":0.0,"damage_taken":0.0,"cards_upgraded":["Strike_G","Strike_G","Strike_G","Strike_G","Defend_G","Defend_G","Defend_G","Defend_G","Defend_G"]},{"damage_healed":0.0,"max_hp_gain":0.0,"max_hp_loss":0.0,"gold_gain":0.0,"event_name":"MindBloom","player_choice":"Fight","floor":36.0,"gold_loss":0.0,"damage_taken":0.0},{"damage_healed":0.0,"max_hp_gain":0.0,"max_hp_loss":0.0,"gold_gain":0.0,"event_name":"The Woman in Blue","player_choice":"Bought 1 Potion","floor":38.0,"gold_loss":0.0,"damage_taken":0.0},{"damage_healed":0.0,"max_hp_gain":0.0,"max_hp_loss":0.0,"gold_gain":0.0,"event_name":"Mysterious Sphere","player_choice":"Fight","floor":42.0,"gold_loss":0.0,"damage_taken":0.0}],"is_beta":false,"boss_relics":[{"not_picked":["Astrolabe","SlaversCollar"],"picked":"Busted Crown"},{"not_picked":["Fusion Hammer","Snecko Eye"],"picked":"SacredBark"}],"items_purged_floors":[48],"is_endless":false,"potions_floor_spawned":[3,7,10,11,14,16,24,33,35,41,46,54],"killed_by":"The Heart","ascension_level":4}}