{"host":"jvd5k9mqzerszifx","time":1610632603,"event":{"mods":["AchievementEnabler","Act Like it!","BaseMod","Better Note","Better Third Choice","Colored Map","Colored Powertips","Conspire","Gensokyo","Hallownest","Hermit","Hubris","Infinite Spire","Marisa（F雨　魔理沙）","Minty Spire (QoL Compilation)","MostiFishMod","Relic Stats","Replay The Spire","Reworked Bosses","Spicy Shops","StSLib","The Administrix","The Bug Knight","The Factory","The Jungle","【功能Mod】聪明的最终Boss"],"gold_per_floor":[148,196,196,241,301,400,400,436,436,490,580,580,685,727,727,1015,1015,1057,982,1027,1075,1135,1135,1195,1110,1185,1227,1332,1332,1332,1368,1368,1662,1662,1713,1713,1773,1773,1827,1827,1827,1905,2043,2091,96,396,432,432,432,432,432,432,37,127,127],"floor_reached":56,"language":"ZHS","playtime":3362,"items_purged":[],"score":1438,"play_id":"bbea7eae-4d9f-4c83-b7e9-633bf75f5913","local_time":"20210114215643","is_ascension_mode":false,"campfire_choices":[{"data":"Strike_MRS","floor":7.0,"key":"PURGE"},{"data":"Strike_MRS","floor":7.0,"key":"PURGE"},{"data":"Defend_MRS","floor":7.0,"key":"PURGE"},{"data":"Defend_MRS","floor":7.0,"key":"PURGE"},{"data":"Strike_MRS","floor":7.0,"key":"PURGE"},{"data":"Strike_MRS","floor":7.0,"key":"PURGE"},{"data":"Defend_MRS","floor":7.0,"key":"SMITH"},{"data":"Defend_MRS","floor":7.0,"key":"SMITH"},{"data":"MasterSpark","floor":7.0,"key":"SMITH"},{"data":"UpSweep","floor":7.0,"key":"SMITH"},{"data":"Replay:Parry","floor":7.0,"key":"SMITH"},{"data":"PowerUp","floor":7.0,"key":"SMITH"},{"data":"WitchLeyline","floor":7.0,"key":"SMITH"},{"data":"SporeBomb","floor":7.0,"key":"SMITH"},{"data":"PropBag","floor":7.0,"key":"SMITH"},{"data":"SuperNova","floor":7.0,"key":"SMITH"},{"floor":7.0,"key":"RECALL"},{"data":"PulseMagic","floor":12.0,"key":"SMITH"},{"data":"SporeBomb","floor":12.0,"key":"SMITH"},{"data":"DragonMeteor","floor":12.0,"key":"SMITH"},{"data":"Defend_MRS+1","floor":12.0,"key":"PURGE"},{"floor":12.0,"key":"REST"},{"floor":12.0,"key":"REST"},{"data":"AbsoluteMagnitude","floor":15.0,"key":"SMITH"},{"data":"DoubleSpark","floor":15.0,"key":"SMITH"},{"floor":15.0,"key":"REST"},{"data":"UltimateShortwave","floor":23,"key":"SMITH"},{"data":"OortCloud","floor":23,"key":"SMITH"},{"floor":23,"key":"REST"},{"data":"NonDirectionalLaser","floor":29,"key":"SMITH"},{"data":"ShootingEcho","floor":29,"key":"SMITH"},{"data":"Occultation","floor":29,"key":"SMITH"},{"floor":29,"key":"REST"},{"data":"PropBag","floor":32,"key":"SMITH"},{"floor":32,"key":"REST"},{"data":"SatelliteIllusion","floor":40,"key":"SMITH"},{"data":"infinitespire:NeuralNetwork","floor":40,"key":"SMITH"},{"data":"PowerUp","floor":40,"key":"SMITH"},{"floor":40,"key":"REST"},{"floor":40,"key":"REST"},{"floor":41,"key":"REST"},{"data":"LuminesStrike","floor":49,"key":"SMITH"},{"data":"PowerUp","floor":49,"key":"SMITH"},{"data":"infinitespire:Menacing","floor":49,"key":"SMITH"},{"data":"PowerUp","floor":49,"key":"SMITH"},{"data":"FairyDestructionRay+1","floor":49,"key":"PURGE"},{"floor":49,"key":"REST"},{"floor":52,"key":"REST"}],"circlet_count":0,"master_deck":["ReplayTheSpireMod:Echoes of Time+1","Defend_MRS+1","MasterSpark+1","UpSweep+1","Replay:Parry+1","PowerUp+1","WitchLeyline+1","SporeBomb+1","PropBag+1","SuperNova+1","PulseMagic+1","DragonMeteor+1","AbsoluteMagnitude+1","DoubleSpark+1","UltimateShortwave+1","AlicesGift+1","OortCloud+1","SprinkleStarSeal+1","NonDirectionalLaser+1","ShootingEcho+1","Occultation+1","PropBag+1","SatelliteIllusion+1","DarkMatter+1","infinitespire:NeuralNetwork+1","PowerUp+1","LuminesStrike+1","DC+1","PowerUp+1","infinitespire:Menacing+1","PowerUp+1","GasGiant+1","ChargingUp+1","PowerUp+1","PulseMagic+1"],"relics":["MiniHakkero","Peace Pipe","Ginger","Turnip","Unceasing Top","Omamori","Ice Cream","The Courier","Medical Kit","WingedGreaves","HandDrill","Frozen Eye","Blue Candle","DaveBox","SynthV:TestCard","RhineFirstAidKit","hubris:Towel","Gremlin Horn","conspire:BottledYoYo","hubris:TinFlute","Replay:Rubber Ducky","conspire:SlowCooker","Pen Nib","Blue Doll","Anchor","ShadowXiaoBlade","SynthV:C4","Chemical X","Incense Burner","Letter Opener","infinitespire:ShieldingShard","Ancient Tea Set","Thread and Needle","conspire:TopHat","PreservedInsect","infinitespire:Satchel","Civilization","Kunai","Dream Catcher","SproutingBranch","Mirror","Replay:WaspNest","Strawberry"],"acts_visited":[],"potions_floor_usage":[28,31,31,46,46,50],"damage_taken":[{"damage":9.0,"enemies":"Gensokyo:3_Fairies","floor":1.0,"turns":4.0},{"damage":7.0,"enemies":"Gensokyo:Gryphon","floor":2.0,"turns":2.0},{"damage":1.0,"enemies":"Gensokyo:Python","floor":4.0,"turns":3.0},{"damage":2.0,"enemies":"Gensokyo:Kitsune","floor":5.0,"turns":2.0},{"damage":9.0,"enemies":"Gensokyo:Aya","floor":6.0,"turns":3.0},{"damage":0.0,"enemies":"Gensokyo:Python_and_Kodama","floor":8.0,"turns":2.0},{"damage":0.0,"enemies":"Gensokyo:LivingMonolith","floor":10.0,"turns":2.0},{"damage":12.0,"enemies":"Gensokyo:Cirno","floor":11.0,"turns":5.0},{"damage":16.0,"enemies":"conspire:MimicChest","floor":13.0,"turns":3.0},{"damage":0.0,"enemies":"Gensokyo:VengefulSpirit","floor":14.0,"turns":2.0},{"damage":24.0,"enemies":"Gensokyo:Kokoro","floor":16.0,"turns":5.0},{"damage":12.0,"enemies":"3 Byrds","floor":18.0,"turns":3.0},{"damage":0,"enemies":"Spheric Guardian","floor":20,"turns":2},{"damage":4,"enemies":"3 Cultists","floor":21,"turns":3},{"damage":0,"enemies":"Snecko","floor":22,"turns":3},{"damage":0,"enemies":"Sentry and Sphere","floor":24,"turns":4},{"damage":24,"enemies":"Centurion and Healer","floor":27,"turns":3},{"damage":29,"enemies":"Slavers","floor":28,"turns":3},{"damage":0,"enemies":"Snake Plant","floor":31,"turns":2},{"damage":8,"enemies":"bossMod:newChamp","floor":33,"turns":6},{"damage":0,"enemies":"Orb Walker","floor":35,"turns":2},{"damage":11,"enemies":"3 Shapes","floor":37,"turns":2},{"damage":23,"enemies":"Spire Growth","floor":39,"turns":3},{"damage":7,"enemies":"Giant Head","floor":42,"turns":5},{"damage":14,"enemies":"Jaw Worm Horde","floor":44,"turns":2},{"damage":0,"enemies":"infinitespire:Three Voidlings","floor":46,"turns":2},{"damage":28,"enemies":"Nightmare_Alpha","floor":46,"turns":4},{"damage":0,"enemies":"4 Shapes","floor":47,"turns":2},{"damage":0,"enemies":"hubris:GrandSnecko","floor":50,"turns":4},{"damage":1,"enemies":"Shield and Spear","floor":54,"turns":3},{"damage":29,"enemies":"The Heart","floor":55,"turns":3}],"seed_played":"5524073188285906913","potions_obtained":[{"floor":4.0,"key":"Toxic Potion"},{"floor":8.0,"key":"Explosive Potion"},{"floor":10.0,"key":"LifebloodPotion"},{"floor":24,"key":"Weak Potion"},{"floor":33,"key":"DuplicationPotion"},{"floor":37,"key":"SteroidPotion"},{"floor":39,"key":"BlessingOfTheForge"},{"floor":44,"key":"Swift Potion"}],"is_trial":false,"path_per_floor":["M","M","?","M","M","E","R","M","T","M","E","R","?","M","R","B",null,"M","?","M","M","M","R","M","?","T","M","E","R","?","M","R","B",null,"M","?","M","AVR","M","R","R","E","T","M","$","?","M","?","R","B",null,"R","$","E","B",null],"character_chosen":"MARISA","items_purchased":["Chemical X","Incense Burner","Letter Opener","infinitespire:ShieldingShard","Ancient Tea Set","Thread and Needle","conspire:TopHat","PreservedInsect","PowerUp","infinitespire:Satchel","Civilization","Kunai","Dream Catcher","Mirror","Replay:WaspNest"],"campfire_rested":11,"item_purchase_floors":[45,45,45,45,45,45,45,45,45,45,45,45,45,53,53],"current_hp_per_floor":[66,59,59,58,56,47,47,47,47,47,47,75,59,59,75,51,75,63,63,63,59,59,75,75,75,75,51,75,75,19,19,41,45,75,75,75,64,64,41,75,75,68,68,54,54,82,90,90,90,100,100,100,100,118,103],"gold":127,"neow_bonus":"RANDOM_COLORLESS","is_daily":false,"chose_seed":false,"campfire_upgraded":28,"win_rate":0.0,"timestamp":1610632603,"path_taken":["M","M","?","M","M","E","R","M","T","M","E","R","?","M","R","BOSS","M","?","M","M","M","R","M","?","T","M","E","R","?","M","R","BOSS","M","?","M","AVR","M","R","R","E","T","M","$","?","M","?","R","BOSS","R","$","E","BOSS"],"items_purchased_type":["Relic","Relic","Relic","Relic","Relic","Relic","Relic","Relic","Card","Relic","Relic","Relic","Relic","Relic","Relic"],"build_version":"2020-12-22","purchased_purges":0,"victory":true,"max_hp_per_floor":[75,75,75,75,75,75,75,75,75,75,75,75,75,75,75,75,75,75,75,75,75,75,75,75,75,75,75,75,75,75,75,75,75,75,75,75,75,75,75,75,75,75,75,75,75,82,90,90,90,100,100,100,100,119,132],"relic_stats":{"Gremlin Horn":[17,17],"counters":[19,58],"Blue Candle":[0],"Pen Nib":[10],"PreservedInsect":193,"Ginger":[6],"Letter Opener":[101],"Medical Kit":[12],"Peace Pipe":3,"Dream Catcher":2,"Turnip":[10],"HandDrill":[26],"Chemical X":[1],"Kunai":[9],"obtain_stats":[{"Ice Cream":0,"Gremlin Horn":0,"Ginger":0,"RhineFirstAidKit":0,"infinitespire:ShieldingShard":45,"Sundial":22,"Strawberry":54,"HandDrill":0,"Kunai":28,"hubris:TinFlute":0,"Blue Candle":0,"conspire:SlowCooker":0,"Pen Nib":25,"Letter Opener":21,"Shuriken":27,"conspire:BottledYoYo":0,"MiniHakkero":0,"Mirror":53,"Unceasing Top":0,"Meat on the Bone":33,"AmplifyWand":33,"DaveBox":0,"Blue Doll":26,"Incense Burner":45,"SproutingBranch":46,"Ancient Tea Set":45,"SynthV:C4":42,"conspire:TopHat":45,"Replay:Rubber Ducky":0,"Frozen Eye":0,"Civilization":45,"Dream Catcher":45,"Mummified Hand":20,"WingedGreaves":0,"Chemical X":45,"ShadowXiaoBlade":34,"Thread and Needle":45,"The Courier":0,"PreservedInsect":45,"Replay:WaspNest":53,"Omamori":0,"hubris:Towel":0,"Medical Kit":0,"Mercury Hourglass":31,"Peace Pipe":0,"Anchor":28,"SynthV:TestCard":0,"Ornamental Fan":33,"infinitespire:Satchel":45,"Turnip":0},{"Ice Cream":0,"Gremlin Horn":0,"Ginger":0,"RhineFirstAidKit":0,"infinitespire:ShieldingShard":13,"Sundial":3,"Strawberry":18,"HandDrill":0,"Kunai":6,"hubris:TinFlute":0,"Blue Candle":0,"conspire:SlowCooker":0,"Pen Nib":4,"Letter Opener":2,"Shuriken":5,"conspire:BottledYoYo":0,"MiniHakkero":0,"Mirror":17,"Unceasing Top":0,"Meat on the Bone":8,"AmplifyWand":8,"DaveBox":0,"Blue Doll":4,"Incense Burner":13,"SproutingBranch":15,"Ancient Tea Set":13,"SynthV:C4":12,"conspire:TopHat":13,"Replay:Rubber Ducky":0,"Frozen Eye":0,"Civilization":13,"Dream Catcher":13,"Mummified Hand":1,"WingedGreaves":0,"Chemical X":13,"ShadowXiaoBlade":8,"Thread and Needle":13,"The Courier":0,"PreservedInsect":13,"Replay:WaspNest":17,"Omamori":0,"hubris:Towel":0,"Medical Kit":0,"Mercury Hourglass":7,"Peace Pipe":0,"Anchor":6,"SynthV:TestCard":0,"Ornamental Fan":8,"infinitespire:Satchel":13,"Turnip":0},{"Ice Cream":0,"Gremlin Horn":0,"Ginger":0,"RhineFirstAidKit":0,"infinitespire:ShieldingShard":40,"Sundial":6,"Strawberry":55,"HandDrill":0,"Kunai":16,"hubris:TinFlute":0,"Blue Candle":0,"conspire:SlowCooker":0,"Pen Nib":12,"Letter Opener":3,"Shuriken":13,"conspire:BottledYoYo":0,"MiniHakkero":0,"Mirror":52,"Unceasing Top":0,"Meat on the Bone":26,"AmplifyWand":21,"DaveBox":0,"Blue Doll":12,"Incense Burner":40,"SproutingBranch":46,"Ancient Tea Set":40,"SynthV:C4":38,"conspire:TopHat":40,"Replay:Rubber Ducky":0,"Frozen Eye":0,"Civilization":40,"Dream Catcher":40,"Mummified Hand":1,"WingedGreaves":0,"Chemical X":40,"ShadowXiaoBlade":26,"Thread and Needle":40,"The Courier":0,"PreservedInsect":40,"Replay:WaspNest":52,"Omamori":0,"hubris:Towel":0,"Medical Kit":0,"Mercury Hourglass":19,"Peace Pipe":0,"Anchor":18,"SynthV:TestCard":0,"Ornamental Fan":26,"infinitespire:Satchel":40,"Turnip":0}],"Unceasing Top":[35]},"card_choices":[{"not_picked":["ReplayTheSpireMod:Trickstab","Deep Breath"],"picked":"Replay:Parry","floor":0.0},{"not_picked":["Occultation","GravityBeat"],"picked":"PowerUp","floor":1.0},{"not_picked":["GrandCross","DeepEcoloBomb","PowerUp","AsteroidBelt"],"picked":"WitchLeyline","floor":2.0},{"not_picked":["WitchOfGreed","SprinkleStarSeal","SuperNova","AsteroidBelt"],"picked":"SporeBomb","floor":4.0},{"not_picked":["Robbery","SuperPerseids","DoubleSpark","GrandCross"],"picked":"PropBag","floor":5.0},{"not_picked":["6A","SporeBomb","DarkSpark","MysteriousBeam"],"picked":"SuperNova","floor":6.0},{"not_picked":["StarBarrage","MilkyWay","Acceleration","ShootingEcho"],"picked":"PulseMagic","floor":8.0},{"not_picked":["ManaConvection","StarlightTyphoon","EarthLightRay","MysteriousBeam"],"picked":"SporeBomb","floor":10.0},{"not_picked":["DC","MysteriousBeam","Acceleration","DoubleSpark"],"picked":"DragonMeteor","floor":11.0},{"not_picked":["GrandCross","AsteroidBelt","GalacticHalo","MysteriousBeam"],"picked":"AbsoluteMagnitude","floor":13.0},{"not_picked":["MeteoricShower","IllusionStar","OrrerysSun","AsteroidBelt"],"picked":"DoubleSpark","floor":14.0},{"not_picked":["JA","EscapeVelocity","AbsoluteMagnitude","SatelliteIllusion"],"picked":"UltimateShortwave","floor":16.0},{"not_picked":["UnstableBomb","WitchLeyline","AsteroidBelt","GalacticHalo"],"picked":"FairyDestructionRay+1","floor":18.0},{"not_picked":["CollectingQuirk","DarkMatter","DragonMeteor","WitchOfGreed"],"picked":"AlicesGift+1","floor":20},{"not_picked":["GrandCross","SporeBomb+1","StarBarrage","DragonMeteor+1"],"picked":"OortCloud","floor":21},{"not_picked":["6A+1","SporeBomb+1","UnstableBomb","MachineGunSpark"],"picked":"SprinkleStarSeal+1","floor":22},{"not_picked":["6A+1","ChargeUpSpray","UnstableBomb","GalacticHalo"],"picked":"NonDirectionalLaser","floor":24},{"not_picked":["Orbital+1","DC","AsteroidBelt","DoubleSpark"],"picked":"ShootingEcho","floor":27},{"not_picked":["UnstableBomb","AbsoluteMagnitude","IllusionStar","EarthLightRay"],"picked":"Occultation","floor":28},{"not_picked":["GalacticHalo","PulseMagic","WitchLeyline","IllusionStar"],"picked":"PropBag","floor":31},{"not_picked":["EscapeVelocity","UltimateShortwave","BigCrunch","StarDustReverie"],"picked":"SatelliteIllusion","floor":33},{"not_picked":["DC+1","MeteoricShower","DragonMeteor+1","Occultation+1"],"picked":"DarkMatter+1","floor":35},{"not_picked":["infinitespire:Gouge","infinitespire:Collect"],"picked":"infinitespire:NeuralNetwork","floor":36},{"not_picked":["DragonMeteor+1","EventHorizon+1","GravityBeat","WitchOfGreed+1","Robbery+1"],"picked":"SKIP","floor":37},{"not_picked":["ManaConvection","MachineGunSpark+1","PropBag","SprinkleStarSeal+1"],"picked":"PowerUp","floor":39},{"not_picked":["GrandCross","CasketOfStar","Orbital","ShootTheMoon+1"],"picked":"LuminesStrike","floor":42},{"not_picked":["DoubleSpark","MillisecondPulsars","FairyDestructionRay","DragonMeteor"],"picked":"DC+1","floor":44},{"not_picked":["infinitespire:DeathsTouch","infinitespire:Gouge"],"picked":"infinitespire:Menacing","floor":46},{"not_picked":["NonDirectionalLaser+1","OrrerysSun+1","IllusionStar+1","MagicAbsorber"],"picked":"PowerUp","floor":46},{"not_picked":["ShootingEcho","GrandCross","SuperPerseids","NonDirectionalLaser"],"picked":"GasGiant+1","floor":47},{"not_picked":["SporeBomb+1","RefractionSpark+1","AsteroidBelt","UnstableBomb+1"],"picked":"ChargingUp+1","floor":49},{"not_picked":["IllusionStar+1","UnstableBomb","GravityBeat","DC"],"picked":"PowerUp+1","floor":52},{"not_picked":["MilkyWay","PowerUp+1","Robbery+1","ShootingEcho+1"],"picked":"PulseMagic+1","floor":54}],"player_experience":238693,"relics_obtained":[{"floor":1.0,"key":"SynthV:TestCard"},{"floor":6.0,"key":"Gremlin Horn"},{"floor":9.0,"key":"conspire:BottledYoYo"},{"floor":11.0,"key":"hubris:TinFlute"},{"floor":13.0,"key":"Replay:Rubber Ducky"},{"floor":26,"key":"Blue Doll"},{"floor":28,"key":"Anchor"},{"floor":42,"key":"SynthV:C4"},{"floor":46,"key":"SproutingBranch"},{"floor":54,"key":"Strawberry"}],"event_choices":[{"cards_removed":["SporeBomb"],"damage_healed":0,"gold_gain":0,"player_choice":"Gave Gold","damage_taken":0,"max_hp_gain":0,"max_hp_loss":0,"event_name":"Beggar","floor":19,"gold_loss":75},{"damage_healed":0,"gold_gain":0,"player_choice":"Obtained Relic","damage_taken":0,"relics_obtained":["Pen Nib"],"max_hp_gain":0,"max_hp_loss":0,"event_name":"Addict","floor":25,"gold_loss":85},{"damage_healed":0,"gold_gain":0,"player_choice":"Ignored","damage_taken":0,"max_hp_gain":0,"max_hp_loss":0,"event_name":"Tomb of Lord Red Mask","floor":48,"gold_loss":0}],"is_beta":false,"boss_relics":[{"not_picked":["Abe\u0027s Treasure","ReplayTheSpireMod:DimensionalGlitch"],"picked":"conspire:SlowCooker"},{"not_picked":["infinitespire:Cupcake","Replay:Fungal Core"],"picked":"ShadowXiaoBlade"}],"items_purged_floors":[],"is_endless":false,"potions_floor_spawned":[4,8,10,11,13,21,24,33,37,39,44],"ascension_level":0}}