{"host":"opg65mucj6ra7dr1","time":1610608820,"event":{"mods":["BaseMod","DeckTracker","Keyboard Shortcuts","Minty Spire (QoL Compilation)","Permanent Neow","Quick Restart","everything is the same but u backflip on backflip"],"gold_per_floor":[110,110,75,88,100,100,129,129,204,204,237,162,177,197,197,295,295,313,143,82,97,22,53,53,84,84,84,98,123,137,149,149,245,245,261,281,9,54,69,69,96,96,96,96,108,126,157,157,157,157],"floor_reached":51,"language":"KOR","playtime":4081,"items_purged":["Strike_P","Defend_P","Strike_P"],"score":980,"play_id":"6040330d-d06d-4617-a7a3-4e2d166627dc","local_time":"20210114162020","is_ascension_mode":true,"campfire_choices":[{"data":"JustLucky","floor":6.0,"key":"SMITH"},{"data":"ThirdEye","floor":10.0,"key":"SMITH"},{"data":"Nirvana","floor":15.0,"key":"SMITH"},{"floor":32.0,"key":"REST"},{"floor":40.0,"key":"RECALL"},{"data":"SandsOfTime","floor":42.0,"key":"SMITH"},{"data":"Eruption","floor":49,"key":"SMITH"}],"circlet_count":0,"master_deck":["Strike_P","Defend_P","Eruption+1","Vigilance","ThirdEye+1","JustLucky+1","CutThroughFate","JustLucky","CutThroughFate","Nirvana+1","Wireheading","Wireheading","SandsOfTime+1","CutThroughFate","ThirdEye+1","JustLucky","Protect+1","JustLucky+1","Nirvana+1","JustLucky+1"],"relics":["HolyWater","Potion Belt","Ice Cream","FaceOfCleric","Pantograph","Toy Ornithopter","Empty Cage","Pear","Kunai","Mercury Hourglass","Matryoshka","Anchor","Calipers","Bottled Flame","DollysMirror","WingedGreaves","Damaru","Pen Nib","Yang","StrikeDummy"],"acts_visited":["Exordium","TheCity","TheBeyond"],"potions_floor_usage":[50],"damage_taken":[{"damage":28.0,"enemies":"Small Slimes","floor":1.0,"turns":3.0},{"damage":0.0,"enemies":"2 Louse","floor":4.0,"turns":2.0},{"damage":12.0,"enemies":"Cultist","floor":5.0,"turns":3.0},{"damage":14.0,"enemies":"3 Sentries","floor":7.0,"turns":11.0},{"damage":10.0,"enemies":"Gremlin Nob","floor":11.0,"turns":3.0},{"damage":0.0,"enemies":"Large Slime","floor":13.0,"turns":3.0},{"damage":1.0,"enemies":"Red Slaver","floor":14.0,"turns":2.0},{"damage":13.0,"enemies":"The Guardian","floor":16.0,"turns":17.0},{"damage":1.0,"enemies":"Shell Parasite","floor":18.0,"turns":4.0},{"damage":2.0,"enemies":"Spheric Guardian","floor":21.0,"turns":6.0},{"damage":20.0,"enemies":"Book of Stabbing","floor":23.0,"turns":8.0},{"damage":9.0,"enemies":"Snecko","floor":24.0,"turns":5.0},{"damage":34.0,"enemies":"Gremlin Leader","floor":25.0,"turns":8.0},{"damage":1.0,"enemies":"Snake Plant","floor":28.0,"turns":6.0},{"damage":20.0,"enemies":"Slavers","floor":29.0,"turns":8.0},{"damage":7.0,"enemies":"3 Cultists","floor":30.0,"turns":5.0},{"damage":12.0,"enemies":"Cultist and Chosen","floor":31.0,"turns":5.0},{"damage":2.0,"enemies":"Champ","floor":33.0,"turns":12.0},{"damage":7.0,"enemies":"Orb Walker","floor":35.0,"turns":5.0},{"damage":2.0,"enemies":"3 Shapes","floor":36.0,"turns":4.0},{"damage":22.0,"enemies":"2 Orb Walkers","floor":38.0,"turns":7.0},{"damage":6.0,"enemies":"Transient","floor":39.0,"turns":5.0},{"damage":6.0,"enemies":"Nemesis","floor":41.0,"turns":11.0},{"damage":6.0,"enemies":"Jaw Worm Horde","floor":45.0,"turns":5.0},{"damage":7.0,"enemies":"Spire Growth","floor":46.0,"turns":6.0},{"damage":0,"enemies":"Reptomancer","floor":47,"turns":7},{"damage":3,"enemies":"Awakened One","floor":50,"turns":10}],"seed_played":"3130177658644085745","potions_obtained":[{"floor":1.0,"key":"DistilledChaos"},{"floor":14.0,"key":"Block Potion"},{"floor":16.0,"key":"Dexterity Potion"},{"floor":21.0,"key":"DistilledChaos"},{"floor":23.0,"key":"SmokeBomb"},{"floor":29.0,"key":"Strength Potion"},{"floor":30.0,"key":"FairyPotion"},{"floor":35.0,"key":"Energy Potion"},{"floor":36.0,"key":"DistilledChaos"},{"floor":41.0,"key":"PowerPotion"},{"floor":44.0,"key":"GamblersBrew"},{"floor":44.0,"key":"BottledMiracle"}],"is_trial":false,"path_per_floor":["M","?","?","M","M","R","E","?","T","R","E","$","M","M","R","B",null,"M","$","?","M","?","E","M","E","T","T","M","E","M","M","R","B",null,"M","M","$","?","M","R","E","R","T","?","M","M","E","?","R","B",null],"character_chosen":"WATCHER","items_purchased":["Wireheading","DollysMirror"],"campfire_rested":1,"item_purchase_floors":[19,37],"current_hp_per_floor":[44,37,55,55,43,43,29,29,29,29,20,20,21,21,21,34,76,76,76,86,85,85,71,73,45,45,45,45,26,20,9,37,61,96,90,89,89,73,68,68,63,63,63,63,58,52,53,53,53,81],"gold":157,"neow_bonus":"THREE_CARDS","is_daily":false,"chose_seed":false,"campfire_upgraded":5,"win_rate":0.0,"timestamp":1610608820,"path_taken":["M","?","?","M","M","R","E","?","T","R","E","$","M","?","R","BOSS","M","$","?","?","?","E","M","E","T","?","M","E","M","M","R","BOSS","M","?","$","?","M","R","E","R","T","?","?","?","E","?","R","BOSS"],"items_purchased_type":["Card","Relic"],"build_version":"2020-12-22","purchased_purges":3,"victory":true,"max_hp_per_floor":[72,72,72,72,72,72,72,72,72,72,73,73,74,75,75,76,76,77,77,87,88,88,89,90,91,91,91,92,93,94,95,95,96,96,97,98,98,99,100,100,101,101,101,101,102,103,104,104,104,105],"card_choices":[{"not_picked":["FearNoEvil","EmptyFist"],"picked":"ThirdEye","floor":0.0},{"not_picked":["Weave","Protect"],"picked":"JustLucky","floor":1.0},{"not_picked":["EmptyFist","Halt","BowlingBash"],"picked":"SKIP","floor":4.0},{"not_picked":["Prostrate","Crescendo"],"picked":"CutThroughFate","floor":5.0},{"not_picked":["Protect","WindmillStrike"],"picked":"JustLucky","floor":7.0},{"not_picked":["Halt","CarveReality"],"picked":"CutThroughFate","floor":11.0},{"not_picked":["Conclude","BattleHymn"],"picked":"Nirvana","floor":13.0},{"not_picked":["WindmillStrike","Consecrate","BowlingBash"],"picked":"SKIP","floor":14.0},{"not_picked":["Prostrate","CrushJoints"],"picked":"Wireheading","floor":18.0},{"not_picked":["FollowUp","WheelKick"],"picked":"SandsOfTime","floor":21.0},{"not_picked":["ClearTheMind","Consecrate+1"],"picked":"CutThroughFate","floor":23.0},{"not_picked":["EmptyFist+1","WindmillStrike"],"picked":"ThirdEye+1","floor":25.0},{"not_picked":["ClearTheMind","Evaluate","BowlingBash"],"picked":"SKIP","floor":28.0},{"not_picked":["PathToVictory","CarveReality"],"picked":"JustLucky","floor":29.0},{"not_picked":["FlurryOfBlows","Evaluate","CrushJoints"],"picked":"SKIP","floor":30.0},{"not_picked":["FlurryOfBlows","Evaluate","CrushJoints"],"picked":"SKIP","floor":30.0},{"not_picked":["Conclude","FollowUp","EmptyFist"],"picked":"SKIP","floor":31.0},{"not_picked":["SashWhip+1","Pray+1"],"picked":"Protect+1","floor":35.0},{"not_picked":["CutThroughFate","CrushJoints+1"],"picked":"JustLucky+1","floor":36.0},{"not_picked":["FlyingSleeves+1","SashWhip+1","ClearTheMind"],"picked":"SKIP","floor":39.0},{"not_picked":["Blasphemy","ClearTheMind+1","ThirdEye"],"picked":"SKIP","floor":41.0},{"not_picked":["Blasphemy","ClearTheMind+1","ThirdEye"],"picked":"SKIP","floor":41.0},{"not_picked":["FollowUp","Protect","Perseverance"],"picked":"SKIP","floor":45.0},{"not_picked":["CrushJoints+1","Swivel+1"],"picked":"JustLucky+1","floor":46},{"not_picked":["EmptyFist+1","WheelKick","Blasphemy"],"picked":"SKIP","floor":47}],"player_experience":102424,"relics_obtained":[{"floor":7.0,"key":"Ice Cream"},{"floor":9.0,"key":"Pantograph"},{"floor":11.0,"key":"Toy Ornithopter"},{"floor":23.0,"key":"Kunai"},{"floor":25.0,"key":"Mercury Hourglass"},{"floor":26.0,"key":"Matryoshka"},{"floor":27.0,"key":"Anchor"},{"floor":27.0,"key":"Calipers"},{"floor":29.0,"key":"Bottled Flame"},{"floor":38.0,"key":"WingedGreaves"},{"floor":41.0,"key":"Damaru"},{"floor":43.0,"key":"Pen Nib"},{"floor":43.0,"key":"Yang"},{"floor":47,"key":"StrikeDummy"}],"event_choices":[{"damage_healed":0.0,"max_hp_gain":0.0,"max_hp_loss":0.0,"gold_gain":0.0,"event_name":"Scrap Ooze","player_choice":"Success","floor":2.0,"gold_loss":0.0,"damage_taken":7.0,"relics_obtained":["Potion Belt"]},{"damage_healed":18.0,"max_hp_gain":0.0,"max_hp_loss":0.0,"gold_gain":0.0,"event_name":"The Cleric","player_choice":"Healed","floor":3.0,"gold_loss":35.0,"damage_taken":0.0},{"damage_healed":0.0,"max_hp_gain":0.0,"max_hp_loss":0.0,"gold_gain":0.0,"event_name":"FaceTrader","player_choice":"Trade","floor":8.0,"gold_loss":0.0,"damage_taken":0.0,"relics_obtained":["FaceOfCleric"]},{"damage_healed":0.0,"max_hp_gain":0.0,"max_hp_loss":0.0,"gold_gain":0.0,"event_name":"WeMeetAgain","player_choice":"Paid Gold","floor":20.0,"gold_loss":61.0,"damage_taken":0.0,"relics_obtained":["Pear"]},{"cards_removed":["Defend_P"],"damage_healed":0.0,"max_hp_gain":0.0,"max_hp_loss":0.0,"gold_gain":0.0,"event_name":"Beggar","player_choice":"Gave Gold","floor":22.0,"gold_loss":75.0,"damage_taken":0.0},{"damage_healed":0.0,"max_hp_gain":0.0,"max_hp_loss":0.0,"gold_gain":0.0,"event_name":"Mysterious Sphere","player_choice":"Fight","floor":38.0,"gold_loss":0.0,"damage_taken":0.0},{"damage_healed":0.0,"max_hp_gain":0.0,"max_hp_loss":0.0,"gold_gain":0.0,"event_name":"Lab","player_choice":"Got Potions","floor":44.0,"gold_loss":0.0,"damage_taken":0.0},{"damage_healed":0,"gold_gain":0,"player_choice":"Memory 1","damage_taken":0,"max_hp_gain":0,"max_hp_loss":0,"event_name":"SensoryStone","floor":48,"gold_loss":0}],"is_beta":false,"boss_relics":[{"not_picked":["Black Star","Cursed Key"],"picked":"Empty Cage"},{"not_picked":["Coffee Dripper","Tiny House"],"picked":"HolyWater"}],"items_purged_floors":[12,19,37],"is_endless":false,"potions_floor_spawned":[1,14,16,21,23,29,30,35,36,41,47],"ascension_level":2}}