{"host":"p9t7qd83igtcp2bh","time":1610616341,"event":{"mods":["2.2 Compatiblity","AchievementEnabler","BaseMod","Colored Map","Colored Powertips","Custom Start","DeckTracker","Keyboard Shortcuts","Minty Spire (QoL Compilation)","Permanent Neow","StSLib","SuperFastMode","everything is the same but u backflip on backflip"],"gold_per_floor":[112,129,129,148,148,148,56,56,56,56,97,118,118,142,142,142,142],"floor_reached":16,"language":"KOR","playtime":243,"items_purged":[],"score":195,"play_id":"a477ebed-0b64-4108-9b05-0105f8dc4540","local_time":"20210114182541","is_ascension_mode":true,"campfire_choices":[{"data":"All For One","floor":6,"key":"SMITH"},{"data":"FTL","floor":8,"key":"SMITH"},{"data":"Rainbow","floor":10,"key":"SMITH"},{"data":"Go for the Eyes","floor":13,"key":"SMITH"},{"data":"Streamline","floor":15,"key":"SMITH"}],"circlet_count":0,"master_deck":["AscendersBane","Strike_B","Strike_B","Strike_B","Strike_B","Defend_B","Defend_B","Defend_B","Defend_B","Zap","Dualcast","Writhe","All For One+1","Beam Cell","Rainbow+1","FTL","FTL+1","Beam Cell","FTL","Go for the Eyes+1","Streamline+1"],"relics":["Cracked Core","Golden Idol","StrikeDummy","Matryoshka"],"acts_visited":["Exordium"],"potions_floor_usage":[16,16],"damage_taken":[{"damage":6,"enemies":"Cultist","floor":1,"turns":4},{"damage":9,"enemies":"Jaw Worm","floor":2,"turns":3},{"damage":2,"enemies":"2 Louse","floor":4,"turns":2},{"damage":23,"enemies":"Lagavulin","floor":11,"turns":5},{"damage":12,"enemies":"Lots of Slimes","floor":12,"turns":3},{"damage":0,"enemies":"Large Slime","floor":14,"turns":4},{"damage":17,"enemies":"Hexaghost","floor":16,"turns":5}],"seed_played":"-2988349016933287911","potions_obtained":[{"floor":4,"key":"EssenceOfDarkness"},{"floor":14,"key":"ColorlessPotion"}],"is_trial":false,"path_per_floor":["M","M","?","M","?","R","$","R","T","R","E","M","R","M","R","B"],"character_chosen":"DEFECT","items_purchased":["FTL","Beam Cell"],"campfire_rested":0,"item_purchase_floors":[7,7],"current_hp_per_floor":[58,49,49,47,47,47,47,47,47,47,24,12,12,12,12,0,0],"gold":142,"neow_bonus":"THREE_RARE_CARDS","is_daily":false,"chose_seed":false,"campfire_upgraded":5,"win_rate":0.0,"timestamp":1610616341,"path_taken":["M","M","?","M","?","R","?","R","T","R","E","M","R","M","R","BOSS"],"items_purchased_type":["Card","Card"],"build_version":"2020-12-22","purchased_purges":0,"victory":false,"max_hp_per_floor":[71,71,71,71,64,64,64,64,64,64,64,64,64,64,64,64,64],"card_choices":[{"not_picked":["Seek","Creative AI"],"picked":"All For One","floor":0},{"not_picked":["Conserve Battery","Go for the Eyes"],"picked":"Beam Cell","floor":1},{"not_picked":["Turbo","Stack"],"picked":"Rainbow","floor":2},{"not_picked":["Skim","Ball Lightning"],"picked":"FTL","floor":4},{"not_picked":["Consume","Beam Cell"],"picked":"FTL","floor":11},{"not_picked":["Coolheaded","Conserve Battery"],"picked":"Go for the Eyes","floor":12},{"not_picked":["Go for the Eyes","Hologram"],"picked":"Streamline","floor":14}],"player_experience":644280,"relics_obtained":[{"floor":9,"key":"StrikeDummy"},{"floor":11,"key":"Matryoshka"}],"event_choices":[{"damage_healed":0,"gold_gain":0,"player_choice":"Ignored","damage_taken":0,"max_hp_gain":0,"max_hp_loss":0,"event_name":"Liars Game","floor":3,"gold_loss":0},{"damage_healed":0,"gold_gain":0,"player_choice":"Lose Max HP","damage_taken":0,"relics_obtained":["Golden Idol"],"max_hp_gain":0,"max_hp_loss":7,"event_name":"Golden Idol","floor":5,"gold_loss":0}],"is_beta":false,"boss_relics":[],"items_purged_floors":[],"is_endless":false,"potions_floor_spawned":[4,14],"killed_by":"Hexaghost","ascension_level":19}}