{"host":"oiw60b5ins9fyx34","time":1610636578,"event":{"mods":["BaseMod","Colored Map","Colored Powertips","Minty Spire (QoL Compilation)","Permanent Neow","Quick Restart","Rare Cards Sparkle","Relic Stats","StSLib","The Cursed"],"gold_per_floor":[114,133,143,168,182,207,207,233,257,271,286,286,300,317,317,415,415,433,311,311,311,311,338,338,367,416,450,450,450,469,480,480,580,580,593,603,617,208,208,233,233,233,233,258,268,268,294,304,304,304,304,304,111,142,142],"floor_reached":56,"language":"JPN","playtime":3951,"items_purged":["TheCursedMod:Strike_TheCursed","TheCursedMod:Defend_TheCursed"],"score":1355,"play_id":"30a8f009-f8b1-4da5-accd-a306a8ddcf04","local_time":"20210115000258","is_ascension_mode":true,"campfire_choices":[{"data":"TheCursedMod:SmokeScreen","floor":7,"key":"SMITH"},{"data":"TheCursedMod:ReleasedStrength","floor":12,"key":"SMITH"},{"data":"TheCursedMod:ReleasedStrength","floor":15,"key":"SMITH"},{"data":"TheCursedMod:CollectTribute","floor":24,"key":"SMITH"},{"data":"TheCursedMod:CursedSpellbook","floor":28,"key":"SMITH"},{"data":"TheCursedMod:DemonicPact","floor":32,"key":"SMITH"},{"data":"TheCursedMod:LuckyCharm","floor":41,"key":"SMITH"},{"data":"TheCursedMod:LuckyCharm","floor":46,"key":"SMITH"},{"floor":49,"key":"RECALL"},{"data":"TheCursedMod:CleanUpWorkshop","floor":52,"key":"SMITH"}],"circlet_count":0,"master_deck":["TheCursedMod:Strike_TheCursed+1","TheCursedMod:Strike_TheCursed","TheCursedMod:Defend_TheCursed","TheCursedMod:Defend_TheCursed","TheCursedMod:CursedWand","TheCursedMod:CleanUpWorkshop+1","TheCursedMod:Dregs","TheCursedMod:SmokeScreen+1","TheCursedMod:LuckyCharm+1","TheCursedMod:LuckyCharm+1","TheCursedMod:CursedStaff","TheCursedMod:ReleasedStrength+1","TheCursedMod:PrepareRite+1","TheCursedMod:RapidMovement","TheCursedMod:CursedMace","TheCursedMod:SpitefulPray","TheCursedMod:ReleasedStrength+1","TheCursedMod:CollectTribute+1","TheCursedMod:FleshFromBone+1","TheCursedMod:RapidMovement+1","TheCursedMod:DemonicPact+1","TheCursedMod:CursedSpellbook+1","TheCursedMod:SoulReap+1","TheCursedMod:SpitefulPlan","TheCursedMod:SoulReap"],"relics":["TheCursedMod:BlackMagic101","Blood Vial","Art of War","CaptainsWheel","Nunchaku","Busted Crown","Meat on the Bone","War Paint","Sundial","Whetstone","Vajra","TheCursedMod:FourLeafCloverCharm","Kunai","Lantern","Smiling Mask","Juzu Bracelet","Oddly Smooth Stone","Thread and Needle"],"acts_visited":["Exordium","TheCity","TheBeyond","TheEnding"],"potions_floor_usage":[55],"damage_taken":[{"damage":4,"enemies":"Cultist","floor":1,"turns":4},{"damage":0,"enemies":"Jaw Worm","floor":2,"turns":6},{"damage":2,"enemies":"Small Slimes","floor":3,"turns":5},{"damage":5,"enemies":"Red Slaver","floor":5,"turns":6},{"damage":35,"enemies":"3 Sentries","floor":6,"turns":11},{"damage":0,"enemies":"Lagavulin","floor":8,"turns":7},{"damage":2,"enemies":"Looter","floor":10,"turns":4},{"damage":4,"enemies":"Blue Slaver","floor":11,"turns":4},{"damage":4,"enemies":"Lots of Slimes","floor":13,"turns":6},{"damage":1,"enemies":"Exordium Wildlife","floor":14,"turns":3},{"damage":18,"enemies":"The Guardian","floor":16,"turns":9},{"damage":5,"enemies":"Shell Parasite","floor":18,"turns":4},{"damage":28,"enemies":"Slavers","floor":23,"turns":5},{"damage":16,"enemies":"Gremlin Leader","floor":25,"turns":5},{"damage":16,"enemies":"Book of Stabbing","floor":27,"turns":6},{"damage":15,"enemies":"3 Byrds","floor":30,"turns":5},{"damage":17,"enemies":"3 Cultists","floor":31,"turns":6},{"damage":4,"enemies":"Collector","floor":33,"turns":8},{"damage":1,"enemies":"3 Shapes","floor":35,"turns":5},{"damage":15,"enemies":"3 Darklings","floor":36,"turns":5},{"damage":18,"enemies":"Writhing Mass","floor":37,"turns":6},{"damage":37,"enemies":"Nemesis","floor":40,"turns":7},{"damage":15,"enemies":"Sphere and 2 Shapes","floor":45,"turns":7},{"damage":0,"enemies":"Giant Head","floor":47,"turns":9},{"damage":19,"enemies":"3 Darklings","floor":48,"turns":6},{"damage":53,"enemies":"Time Eater","floor":50,"turns":11},{"damage":7,"enemies":"Shield and Spear","floor":54,"turns":7},{"damage":35,"enemies":"The Heart","floor":55,"turns":12}],"seed_played":"5513946600771833461","potions_obtained":[{"floor":2,"key":"Weak Potion"},{"floor":3,"key":"FairyPotion"},{"floor":10,"key":"Block Potion"},{"floor":14,"key":"FairyPotion"}],"is_trial":false,"path_per_floor":["M","M","M","T","M","E","R","E","T","M","M","R","M","M","R","B",null,"M","$","?","?","T","E","R","E","T","E","R","?","M","M","R","B",null,"M","M","M","$","?","E","R","?","T","T","M","R","E","M","R","B",null,"R","$","E","B",null],"character_chosen":"THE_CURSED","items_purchased":["TheCursedMod:FleshFromBone","Kunai","TheCursedMod:SpitefulPlan","TheCursedMod:SoulReap","Oddly Smooth Stone"],"campfire_rested":0,"item_purchase_floors":[19,38,38,38,53],"current_hp_per_floor":[78,78,76,76,73,40,40,42,42,42,40,40,38,39,39,23,82,77,77,77,77,77,51,51,49,49,47,47,47,46,43,43,53,82,81,67,61,61,61,67,67,67,67,67,72,72,82,82,82,65,82,82,82,82,78],"gold":142,"neow_bonus":"TEN_PERCENT_HP_BONUS","is_daily":false,"chose_seed":false,"campfire_upgraded":9,"win_rate":0.0,"timestamp":1610636578,"path_taken":["M","?","M","?","M","E","R","E","T","M","M","R","?","M","R","BOSS","M","$","?","?","?","E","R","E","T","E","R","?","M","M","R","BOSS","M","M","M","$","?","E","R","?","T","?","M","R","E","M","R","BOSS","R","$","E","BOSS"],"items_purchased_type":["Card","Relic","Card","Card","Relic"],"build_version":"2020-12-22","purchased_purges":2,"victory":true,"max_hp_per_floor":[82,82,82,82,82,82,82,82,82,82,82,82,82,82,82,82,82,82,82,82,82,82,82,82,82,82,82,82,82,82,82,82,82,82,82,82,82,82,82,82,82,82,82,82,82,82,82,82,82,82,82,82,82,82,82],"relic_stats":{"counters":[28,179],"Juzu Bracelet":0,"Whetstone":["TheCursedMod:ManaBullet","TheCursedMod:Strike_TheCursed"],"War Paint":["TheCursedMod:RapidMovement","TheCursedMod:FleshFromBone"],"Smiling Mask":50,"Blood Vial":37,"Nunchaku":[21],"Busted Crown":30,"Sundial":[34],"Art of War":[17],"Kunai":[12],"obtain_stats":[{"TheCursedMod:BlackMagic101":0,"TheCursedMod:FourLeafCloverCharm":34,"Lantern":40,"Vajra":27,"Oddly Smooth Stone":53,"Thread and Needle":54,"Juzu Bracelet":47,"Whetstone":26,"War Paint":23,"Smiling Mask":44,"Blood Vial":4,"CaptainsWheel":8,"Nunchaku":9,"Busted Crown":17,"Sundial":25,"Art of War":6,"Kunai":38,"Meat on the Bone":22},{"TheCursedMod:BlackMagic101":0,"TheCursedMod:FourLeafCloverCharm":18,"Lantern":22,"Vajra":15,"Oddly Smooth Stone":26,"Thread and Needle":27,"Juzu Bracelet":24,"Whetstone":14,"War Paint":13,"Smiling Mask":22,"Blood Vial":3,"CaptainsWheel":6,"Nunchaku":6,"Busted Crown":11,"Sundial":14,"Art of War":5,"Kunai":21,"Meat on the Bone":12},{"TheCursedMod:BlackMagic101":0,"TheCursedMod:FourLeafCloverCharm":104,"Lantern":127,"Vajra":85,"Oddly Smooth Stone":160,"Thread and Needle":167,"Juzu Bracelet":143,"Whetstone":79,"War Paint":74,"Smiling Mask":127,"Blood Vial":15,"CaptainsWheel":39,"Nunchaku":39,"Busted Crown":65,"Sundial":79,"Art of War":32,"Kunai":120,"Meat on the Bone":69}],"Meat on the Bone":60},"card_choices":[{"not_picked":["TheCursedMod:Torture","TheCursedMod:SpitefulPray"],"picked":"TheCursedMod:SmokeScreen","floor":1},{"not_picked":["TheCursedMod:ManaBullet","TheCursedMod:CursedShiv"],"picked":"TheCursedMod:LuckyCharm","floor":2},{"not_picked":["TheCursedMod:Torture","TheCursedMod:Evocation"],"picked":"TheCursedMod:LuckyCharm","floor":3},{"not_picked":["TheCursedMod:SurpriseAttack","TheCursedMod:Stigma"],"picked":"TheCursedMod:CursedStaff","floor":5},{"not_picked":["TheCursedMod:StunningStrike","TheCursedMod:VitalStrike"],"picked":"TheCursedMod:ReleasedStrength","floor":6},{"not_picked":["TheCursedMod:AbyssShockwave","TheCursedMod:LuckyCharm"],"picked":"TheCursedMod:PrepareRite","floor":8},{"not_picked":["TheCursedMod:CircleOfFocus","TheCursedMod:Torture"],"picked":"TheCursedMod:RapidMovement","floor":10},{"not_picked":["TheCursedMod:CircleOfCorruption","TheCursedMod:LuckyCharm"],"picked":"TheCursedMod:CursedMace","floor":11},{"not_picked":["TheCursedMod:CursedMace","TheCursedMod:AshesToAshes"],"picked":"TheCursedMod:SpitefulPray","floor":13},{"not_picked":["TheCursedMod:VitalStrike","TheCursedMod:SurpriseAttack"],"picked":"TheCursedMod:ReleasedStrength","floor":14},{"not_picked":["TheCursedMod:DarkBarrier","TheCursedMod:UltimatePain"],"picked":"TheCursedMod:CollectTribute","floor":16},{"not_picked":["TheCursedMod:CircleOfFlame"],"picked":"SKIP","floor":18},{"not_picked":["TheCursedMod:ManaBullet"],"picked":"SKIP","floor":23},{"not_picked":["TheCursedMod:WearCloak"],"picked":"SKIP","floor":25},{"not_picked":[],"picked":"TheCursedMod:CursedSpellbook","floor":27},{"not_picked":["TheCursedMod:CursedAmulet"],"picked":"SKIP","floor":30},{"not_picked":["TheCursedMod:Torture+1"],"picked":"SKIP","floor":31},{"not_picked":["TheCursedMod:SaltUponWound+1"],"picked":"SKIP","floor":35},{"not_picked":[],"picked":"TheCursedMod:SoulReap+1","floor":36},{"not_picked":["TheCursedMod:SpitefulStrike+1"],"picked":"SKIP","floor":37},{"not_picked":["TheCursedMod:Wield+1"],"picked":"SKIP","floor":40},{"not_picked":["TheCursedMod:SurpriseAttack+1"],"picked":"SKIP","floor":45},{"not_picked":["TheCursedMod:FleshFromBone+1"],"picked":"SKIP","floor":47},{"not_picked":["TheCursedMod:Hemoplague"],"picked":"SKIP","floor":48},{"not_picked":["TheCursedMod:SaltUponWound+1"],"picked":"SKIP","floor":54}],"player_experience":676904,"relics_obtained":[{"floor":4,"key":"Blood Vial"},{"floor":6,"key":"Art of War"},{"floor":8,"key":"CaptainsWheel"},{"floor":9,"key":"Nunchaku"},{"floor":22,"key":"Meat on the Bone"},{"floor":23,"key":"War Paint"},{"floor":25,"key":"Sundial"},{"floor":26,"key":"Whetstone"},{"floor":27,"key":"Vajra"},{"floor":40,"key":"Lantern"},{"floor":44,"key":"Smiling Mask"},{"floor":47,"key":"Juzu Bracelet"},{"floor":54,"key":"Thread and Needle"}],"event_choices":[{"damage_healed":0,"gold_gain":0,"player_choice":"Read","damage_taken":0,"max_hp_gain":0,"max_hp_loss":0,"event_name":"The Library","floor":20,"gold_loss":0,"cards_obtained":["TheCursedMod:RapidMovement"]},{"damage_healed":0,"gold_gain":0,"cards_transformed":["TheCursedMod:Strike_TheCursed","TheCursedMod:Defend_TheCursed"],"player_choice":"Became Test Subject","damage_taken":0,"max_hp_gain":0,"max_hp_loss":0,"event_name":"Drug Dealer","floor":21,"gold_loss":0,"cards_obtained":["TheCursedMod:ManaBullet","TheCursedMod:DemonicPact"]},{"damage_healed":0,"gold_gain":0,"player_choice":"Upgraded","damage_taken":0,"max_hp_gain":0,"max_hp_loss":0,"event_name":"Upgrade Shrine","floor":29,"gold_loss":0,"cards_upgraded":["TheCursedMod:PrepareRite"]},{"cards_removed":["TheCursedMod:ManaBullet"],"damage_healed":0,"gold_gain":0,"player_choice":"Removed Attack","damage_taken":0,"max_hp_gain":0,"max_hp_loss":0,"event_name":"Falling","floor":39,"gold_loss":0},{"damage_healed":0,"gold_gain":0,"player_choice":"Ignored","damage_taken":0,"max_hp_gain":0,"max_hp_loss":0,"event_name":"Tomb of Lord Red Mask","floor":42,"gold_loss":0}],"is_beta":false,"boss_relics":[{"not_picked":["Tiny House","Coffee Dripper"],"picked":"Busted Crown"},{"not_picked":["Runic Pyramid","Sozu"],"picked":"TheCursedMod:FourLeafCloverCharm"}],"items_purged_floors":[19,53],"is_endless":false,"potions_floor_spawned":[2,3,10,13,14,25,27,35,37,48,54],"ascension_level":1}}