{"host":"zk71suw73lg2r165","time":1610653957,"event":{"mods":["BaseMod","Colored Map","Minty Spire (QoL Compilation)","Permanent Neow","Relic Stats","StSLib"],"gold_per_floor":[112,131,56,131,143,176,176,207,233,233,259,259,274,292,292,367,367,377,131,131,144,158,184,198,198,198,215,243,243,243],"floor_reached":29,"language":"ENG","playtime":710,"items_purged":["Strike_R"],"score":570,"play_id":"980daeb1-6d2a-47ea-bba0-ac497f3b6344","local_time":"20210114145237","is_ascension_mode":true,"campfire_choices":[{"data":"Bash","floor":7.0,"key":"SMITH"},{"data":"Limit Break","floor":10.0,"key":"SMITH"},{"data":"Whirlwind","floor":12.0,"key":"SMITH"},{"data":"Hemokinesis","floor":15.0,"key":"SMITH"},{"floor":25,"key":"REST"}],"circlet_count":0,"master_deck":["AscendersBane","Strike_R","Defend_R","Defend_R","Defend_R","Defend_R","Bash+1","Rampage","Iron Wave","Anger","Carnage","Reaper","Limit Break+1","Whirlwind+1","Hemokinesis+1","Offering","Seeing Red","Limit Break","Flex","Pommel Strike","Dual Wield+1","Sentinel"],"relics":["Burning Blood","Blood Vial","Boot","Vajra","Pantograph","Sozu","Chemical X","Turnip","Mango","Self Forming Clay"],"acts_visited":["Exordium","TheCity"],"potions_floor_usage":[24],"damage_taken":[{"damage":11.0,"enemies":"Small Slimes","floor":1.0,"turns":5.0},{"damage":7.0,"enemies":"Jaw Worm","floor":2.0,"turns":2.0},{"damage":3.0,"enemies":"2 Louse","floor":5.0,"turns":3.0},{"damage":30.0,"enemies":"Lagavulin","floor":6.0,"turns":5.0},{"damage":25.0,"enemies":"3 Sentries","floor":8.0,"turns":7.0},{"damage":8.0,"enemies":"Gremlin Nob","floor":11.0,"turns":3.0},{"damage":0.0,"enemies":"Gremlin Gang","floor":13.0,"turns":3.0},{"damage":9.0,"enemies":"3 Louse","floor":14.0,"turns":3.0},{"damage":39.0,"enemies":"Slime Boss","floor":16.0,"turns":8.0},{"damage":19.0,"enemies":"Shell Parasite","floor":18.0,"turns":2.0},{"damage":28.0,"enemies":"3 Byrds","floor":21.0,"turns":3.0},{"damage":23.0,"enemies":"Centurion and Healer","floor":22.0,"turns":2.0},{"damage":35.0,"enemies":"Slavers","floor":23.0,"turns":2.0},{"damage":12,"enemies":"Snake Plant","floor":24,"turns":2},{"damage":26,"enemies":"Snecko","floor":27,"turns":3},{"damage":34,"enemies":"Gremlin Leader","floor":28,"turns":4},{"damage":18,"enemies":"Centurion and Healer","floor":29,"turns":1}],"seed_played":"4572764286323536675","potions_obtained":[{"floor":1.0,"key":"SkillPotion"},{"floor":6.0,"key":"AttackPotion"},{"floor":13.0,"key":"ColorlessPotion"},{"floor":16.0,"key":"DuplicationPotion"}],"is_trial":false,"path_per_floor":["M","M","?","?","M","E","R","E","T","R","E","R","M","M","R","B",null,"M","$","?","M","M","E","M","R","T","M","E","M"],"character_chosen":"IRONCLAD","items_purchased":["Chemical X"],"campfire_rested":1,"item_purchase_floors":[19],"current_hp_per_floor":[63,62,62,51,54,30,30,21,21,21,21,21,34,48,48,51,64,53,53,53,48,40,13,14,34,48,42,16,0,0],"gold":243,"neow_bonus":"TRANSFORM_TWO_CARDS","is_daily":false,"chose_seed":false,"campfire_upgraded":4,"win_rate":0.0,"timestamp":1610653957,"path_taken":["M","M","?","?","M","E","R","E","T","R","E","R","M","M","R","BOSS","M","$","?","?","M","E","?","R","T","M","E","M"],"items_purchased_type":["Relic"],"build_version":"2020-12-22","purchased_purges":1,"victory":false,"max_hp_per_floor":[68,68,68,68,68,68,68,68,68,68,68,68,68,68,68,68,68,68,68,68,68,68,68,68,68,82,82,82,82,82],"relic_stats":{"Blood Vial":24,"Sozu":3,"counters":[17,58],"Self Forming Clay":[0],"Pantograph":20,"Turnip":[2],"Chemical X":[7],"Boot":[17],"obtain_stats":[{"Blood Vial":6,"Sozu":17,"Self Forming Clay":28,"Pantograph":11,"Vajra":9,"Mango":26,"Turnip":23,"Chemical X":19,"Boot":8,"Burning Blood":0},{"Blood Vial":4,"Sozu":9,"Self Forming Clay":16,"Pantograph":6,"Vajra":5,"Mango":14,"Turnip":13,"Chemical X":10,"Boot":5,"Burning Blood":0},{"Blood Vial":15,"Sozu":39,"Self Forming Clay":57,"Pantograph":25,"Vajra":22,"Mango":50,"Turnip":48,"Chemical X":41,"Boot":22,"Burning Blood":0}],"Burning Blood":96},"card_choices":[{"not_picked":["Searing Blow","Flex"],"picked":"Iron Wave","floor":1.0},{"not_picked":["Battle Trance","Disarm"],"picked":"Anger","floor":2.0},{"not_picked":["Combust","Blood for Blood"],"picked":"Carnage","floor":5.0},{"not_picked":["Headbutt","Battle Trance"],"picked":"Reaper","floor":6.0},{"not_picked":["Sever Soul","Armaments"],"picked":"Limit Break","floor":8.0},{"not_picked":["Reckless Charge","Searing Blow"],"picked":"Whirlwind","floor":11.0},{"not_picked":["Twin Strike","Wild Strike"],"picked":"Hemokinesis","floor":13.0},{"not_picked":["Body Slam","Twin Strike","Entrench"],"picked":"SKIP","floor":14.0},{"not_picked":["Brutality","Berserk"],"picked":"Offering","floor":16.0},{"not_picked":["Dark Embrace","Pummel"],"picked":"Seeing Red","floor":18.0},{"not_picked":["Body Slam","Havoc"],"picked":"Flex","floor":21.0},{"not_picked":["Armaments","Heavy Blade","Berserk"],"picked":"SKIP","floor":22.0},{"not_picked":["Hemokinesis","Thunderclap"],"picked":"Pommel Strike","floor":23.0},{"not_picked":["Anger","Wild Strike","Thunderclap"],"picked":"SKIP","floor":24},{"not_picked":["Warcry","Twin Strike"],"picked":"Dual Wield+1","floor":27},{"not_picked":["Carnage","Havoc"],"picked":"Sentinel","floor":28}],"player_experience":1339775,"relics_obtained":[{"floor":6.0,"key":"Blood Vial"},{"floor":8.0,"key":"Boot"},{"floor":9.0,"key":"Vajra"},{"floor":11.0,"key":"Pantograph"},{"floor":23.0,"key":"Turnip"},{"floor":26,"key":"Mango"},{"floor":28,"key":"Self Forming Clay"}],"event_choices":[{"cards_removed":["Clash"],"damage_healed":0.0,"max_hp_gain":0.0,"max_hp_loss":0.0,"gold_gain":0.0,"event_name":"The Cleric","player_choice":"Card Removal","floor":3.0,"gold_loss":75.0,"damage_taken":0.0},{"damage_healed":0.0,"max_hp_gain":0.0,"max_hp_loss":0.0,"gold_gain":75.0,"event_name":"World of Goop","player_choice":"Gather Gold","floor":4.0,"gold_loss":0.0,"damage_taken":11.0},{"damage_healed":0.0,"max_hp_gain":0.0,"max_hp_loss":0.0,"gold_gain":0.0,"cards_transformed":["Strike_R"],"event_name":"Transmorgrifier","player_choice":"Transformed","floor":20.0,"gold_loss":0.0,"damage_taken":0.0,"cards_obtained":["Limit Break"]}],"is_beta":false,"boss_relics":[{"not_picked":["Black Star","Runic Pyramid"],"picked":"Sozu"}],"items_purged_floors":[19],"is_endless":false,"potions_floor_spawned":[1,6,13,16,18,21,22],"killed_by":"Centurion and Healer","ascension_level":20}}