{"host":"81vb4cbob60wa1na","time":1610653587,"event":{"mods":["BaseMod","Downfall","GifTheSpireLib","Hermit","Highlight Path","Minty Spire (QoL Compilation)","StSLib","The Cursed","The Disciple"],"gold_per_floor":[99,99,99,99,99,116,116,135,147,147,147,166,166,266,279,279,279,279],"floor_reached":16,"language":"ENG","playtime":423,"items_purged":[],"score":115,"play_id":"987a10aa-4f39-40d4-8ff6-adf6ab4c2538","local_time":"20210114144627","is_ascension_mode":false,"campfire_choices":[{"data":"champ:Execute","floor":1,"key":"SMITH"},{"data":"champ:TornadoPunch","floor":11,"key":"SMITH"},{"data":"champ:PerfectedStrike","floor":13,"key":"SMITH"}],"circlet_count":0,"master_deck":["champ:Strike","champ:Strike","champ:Strike","champ:Strike","champ:Defend","champ:Defend","champ:Defend","champ:Defend","champ:Execute+1","champ:Taunt","champ:StanceDance+1","champ:BerserkerStyle","champ:PerfectedStrike+1","champ:TornadoPunch+1"],"relics":["champ:ChampionCrown","downfall:HeartsMalice","Singing Bowl","Pear"],"acts_visited":["Exordium"],"potions_floor_usage":[16,16,16],"damage_taken":[{"damage":0,"enemies":"Small Slimes","floor":2,"turns":1},{"damage":0,"enemies":"downfall:FleeingMerchant","floor":3,"turns":1},{"damage":0,"enemies":"downfall:FleeingMerchant","floor":5,"turns":1},{"damage":10,"enemies":"Cultist","floor":6,"turns":3},{"damage":6,"enemies":"Jaw Worm","floor":8,"turns":3},{"damage":11,"enemies":"Exordium Wildlife","floor":9,"turns":5},{"damage":14,"enemies":"Blue Slaver","floor":12,"turns":4},{"damage":10,"enemies":"3 Louse","floor":15,"turns":3},{"damage":78,"enemies":"downfall:Defect","floor":16,"turns":8}],"seed_played":"-9116239591909938099","potions_obtained":[{"floor":6,"key":"SpeedPotion"},{"floor":8,"key":"SkillPotion"},{"floor":9,"key":"Ancient Potion"},{"floor":12,"key":"Explosive Potion"}],"is_trial":false,"path_per_floor":["R","M","$","?","$","M","T","M","M","T","R","M","R","?","M","B"],"character_chosen":"THE_CHAMP","items_purchased":[],"campfire_rested":0,"item_purchase_floors":[],"current_hp_per_floor":[90,90,90,90,90,90,90,91,82,92,92,80,80,80,77,0,0,0],"gold":279,"neow_bonus":"THREE_ENEMY_KILL","is_daily":false,"chose_seed":false,"campfire_upgraded":3,"win_rate":0.0,"timestamp":1610653587,"path_taken":["R","M","$","?","$","M","T","?","M","?","R","M","R","?","M","BOSS"],"items_purchased_type":[],"build_version":"2020-12-22","purchased_purges":0,"victory":false,"max_hp_per_floor":[90,90,90,90,90,90,90,92,92,102,102,104,104,104,106,106,106,106],"card_choices":[{"not_picked":["champ:BerserkersShout","champ:GladiatorStyle"],"picked":"champ:StanceDance","floor":2},{"not_picked":["champ:FlashCut","champ:Circumvent"],"picked":"champ:BerserkerStyle","floor":3},{"not_picked":["champ:StanceDance","champ:Circumvent","champ:FocusedGladiator"],"picked":"SKIP","floor":5},{"not_picked":["champ:Improvising","champ:StanceDance"],"picked":"champ:PerfectedStrike","floor":6},{"not_picked":["champ:HeartStrike","champ:FlashCut","champ:Circumvent"],"picked":"Singing Bowl","floor":8},{"not_picked":["champ:Duel","champ:BerserkerStyle"],"picked":"champ:TornadoPunch","floor":9},{"not_picked":["champ:Circumvent","champ:FlashCut","champ:EnragedBash"],"picked":"Singing Bowl","floor":12},{"not_picked":["champ:Haymaker","champ:GutPunch","champ:GladiatorsShout"],"picked":"Singing Bowl","floor":15}],"player_experience":239908,"relics_obtained":[{"floor":7,"key":"Singing Bowl"},{"floor":10,"key":"Pear"}],"event_choices":[{"damage_healed":0,"gold_gain":0,"player_choice":"Forge","damage_taken":0,"max_hp_gain":0,"max_hp_loss":0,"event_name":"Accursed Blacksmith","floor":4,"gold_loss":0,"cards_upgraded":["champ:StanceDance"]}],"is_beta":false,"boss_relics":[],"items_purged_floors":[],"is_endless":false,"potions_floor_spawned":[6,8,9,12,15],"killed_by":"downfall:Defect","ascension_level":0}}