{"host":"ecaj4hn004xnnrw9","time":1610632476,"event":{"mods":["AchievementEnabler","BaseMod","Better Third Choice","Hermit","Hubris","Infinite Spire","Jorbs\u0027s Wanderer Trilogy","Minty Spire (QoL Compilation)","Quick Restart","Shop Mod","StSLib","The Construct","The Jungle","The Runesmith"],"gold_per_floor":[109,34,53,73,73,102,119,150,150,178,197,197,208,222,222,222,222],"floor_reached":16,"language":"ENG","playtime":422,"items_purged":["Strike_P"],"score":183,"play_id":"ca7f4580-ddd8-4f42-a072-88d081b6bb57","local_time":"20210114135436","is_ascension_mode":true,"campfire_choices":[{"data":"TalkToTheHand","floor":12,"key":"SMITH"},{"data":"SashWhip","floor":15,"key":"SMITH"}],"circlet_count":0,"master_deck":["Strike_P","Strike_P","Strike_P","Defend_P","Defend_P","Defend_P","Defend_P","Eruption+1","Vigilance","ReachHeaven","Halt","FearNoEvil","BowlingBash","FlurryOfBlows","TalkToTheHand+1","SashWhip+1","ThirdEye","FlurryOfBlows"],"relics":["Runic Pyramid","Letter Opener","Gremlin Horn","hubris:Spice","infinitespire:WardingShard"],"acts_visited":["Exordium"],"potions_floor_usage":[6,8],"damage_taken":[{"damage":3,"enemies":"2 Louse","floor":1,"turns":3},{"damage":0,"enemies":"Jaw Worm","floor":3,"turns":3},{"damage":0,"enemies":"Cultist","floor":4,"turns":3},{"damage":14,"enemies":"3 Sentries","floor":6,"turns":4},{"damage":10,"enemies":"Large Slime","floor":7,"turns":3},{"damage":4,"enemies":"Gremlin Nob","floor":8,"turns":3},{"damage":12,"enemies":"Lagavulin","floor":10,"turns":4},{"damage":0,"enemies":"2 Fungi Beasts","floor":11,"turns":2},{"damage":0,"enemies":"Gremlin Gang","floor":13,"turns":2},{"damage":0,"enemies":"Large Slime","floor":14,"turns":2},{"damage":7,"enemies":"The Guardian","floor":16,"turns":6}],"seed_played":"-8053354997920656088","potions_obtained":[{"floor":3,"key":"Swift Potion"},{"floor":4,"key":"EssenceOfSteel"},{"floor":8,"key":"FearPotion"},{"floor":11,"key":"Explosive Potion"},{"floor":14,"key":"SpeedPotion"}],"is_trial":false,"path_per_floor":["M","$","M","M","?","E","M","E","T","E","M","R","M","M","R","B"],"character_chosen":"WATCHER","items_purchased":[],"campfire_rested":0,"item_purchase_floors":[],"current_hp_per_floor":[69,69,69,69,69,55,45,41,49,37,37,37,37,37,37,30,30],"gold":222,"neow_bonus":"BOSS_RELIC","is_daily":false,"chose_seed":false,"campfire_upgraded":2,"win_rate":0.0,"timestamp":1610632476,"path_taken":["M","$","M","M","?","E","M","E","T","E","M","R","M","M","R","BOSS"],"items_purchased_type":[],"build_version":"2020-12-22","purchased_purges":1,"victory":false,"max_hp_per_floor":[72,72,72,72,72,72,72,72,80,80,80,80,80,80,80,80,80],"card_choices":[{"not_picked":["Protect","Perseverance"],"picked":"ReachHeaven","floor":1},{"not_picked":["Indignation","Crescendo"],"picked":"Halt","floor":3},{"not_picked":["Nirvana","FollowUp"],"picked":"FearNoEvil","floor":4},{"not_picked":["EmptyMind","PathToVictory"],"picked":"BowlingBash","floor":6},{"not_picked":["Halt","FlyingSleeves"],"picked":"FlurryOfBlows","floor":7},{"not_picked":["FollowUp","Omniscience"],"picked":"TalkToTheHand","floor":8},{"not_picked":["Prostrate","Fasting2"],"picked":"SashWhip","floor":10},{"not_picked":["CrushJoints","SashWhip","PathToVictory"],"picked":"SKIP","floor":11},{"not_picked":["SandsOfTime","FollowUp"],"picked":"ThirdEye","floor":13},{"not_picked":["EmptyBody","Worship"],"picked":"FlurryOfBlows","floor":14}],"player_experience":339921,"relics_obtained":[{"floor":6,"key":"Letter Opener"},{"floor":8,"key":"Gremlin Horn"},{"floor":9,"key":"hubris:Spice"},{"floor":10,"key":"infinitespire:WardingShard"}],"event_choices":[],"is_beta":false,"boss_relics":[],"items_purged_floors":[2],"is_endless":false,"potions_floor_spawned":[3,4,8,11,14,16],"killed_by":"The Guardian","ascension_level":1}}