{"host":"qf6a1vkjx65tfr1z","time":1610585893,"event":{"mods":["2.2 Compatiblity","Aspiration","BaseMod","CCEM","Card Forge","Colored Map","Colorless Booster Pack","Conspire","Custom Start","Defuse TimeMaze Blight","Dota2Spire","Downfall","Duelist Mod","Energized Spire","Friendly Minions","GifTheSpireLib","Glutton Mod","Halation","Hubris","Hunter ??","Infinite Spire","Jedi Mod","Koishi","LagranYue(???·?)","Magitek Elite","Marisa????????","Minty Spire (QoL Compilation)","Quick Restart","Rare Cards Sparkle","RatMod","Relic Filter","Replay The Spire","RumiaBox-????????","Shop Mod","Small Relic Pack","Somnambulant","Spikes Relics","StSLib","Stuff the Spire","Td1madao Mod","The Accelerator","The Bug Knight","The Construct","The Cursed","The Mystic","The Necromancer","The Sage","The Saiyan","The Servant 0.9.4","The Witch","Transform Curses","Unceasing Turn Reminder","Yuyuko","vexMod","??????REMEMod"],"gold_per_floor":[150,150,225,280,280,361,361,421,421,421,459,459,509,509,509,647,647,724,834,21,91,147,214,231,300,323,349,435,452,549,643,643,794,794,806,806,806],"floor_reached":36,"language":"ENG","playtime":5201,"items_purged":[],"score":1150,"play_id":"59892330-59fe-4a05-833e-915fe75261b2","local_time":"20210113195813","is_ascension_mode":true,"campfire_choices":[{"data":"rat:BloodPact+1","floor":7,"key":"SMITH"},{"data":"Saiyan:Medicine+1","floor":10,"key":"SMITH"},{"data":"Koishi:ConfinedInnocent+1","floor":12,"key":"SMITH"},{"data":"Saiyan:Medicine+2","floor":12,"key":"SMITH"},{"data":"rat:BloodPact+2","floor":15,"key":"SMITH"},{"data":"rat:BloodPact+3","floor":15,"key":"SMITH"},{"data":"Koishi:ConfinedInnocent+2","floor":32,"key":"SMITH"},{"data":"Koishi:ConfinedInnocent+3","floor":32,"key":"SMITH"}],"circlet_count":0,"master_deck":["Summon_Death_Knight+1","Skeleton_Dragon+1","DeliriumForm+1","ChosenOfTheMoon+1","WalpurgisNight+1","Saiyan:Medicine+3","Glutton:GuardStance+1","Glutton:EatAlive+1","Glutton:Mug+1","Koishi:UnseenTerror+1","Koishi:ConfinedInnocent+4","LagranYue:PowerDreamCard+1","CBP: UltraDivineWater+1","jedi:cleanse+1","rat:BloodPact+4","Barricade+1","Saiyan:FingerParry+1","Saiyan:WarmUp","Saiyan:SuperSaiyanThree","Saiyan:ConcussiveBlow","Saiyan:SuperSaiyanForm","Saiyan:CCCapsule","Summon_Death_Knight+1","Summon_Lich+5","Summon_Undead_Army+7","Skeleton_Dragon+1","Saiyan:Medicine+14"],"relics":["SaiyanSoul","SaiyanHeart","Hammer of Thor","Seething Fire","Anvil of the Gods","jedi:maincommand","REME_ArchaeologicalTools","Dota2Spire:AghanimScepter","StuffTheSpire:DarkSteelAnvil","conspire:InfiniteJournal","Ooze Armor","SecretRecord","halation:StarCompass","Potion Belt","infinitespire:Satchel","aspiration:Lifesprig","Replay:Arrowhead","Replay:Bandana","FaceOfCleric","Guardian:StasisSlotReductionRelic","Ring of Fangs","SecretRecord","SecretRecord","Ring of Fangs","StuffTheSpire:BottledEssence","Replay:Bottled Flurry","infinitespire:Joker Card","SecretRecord","Bronze Scales","Dota2Spire:EchoSabre","Snake Skull","Replay:Baseball","theDuelist:ElectricKey"],"acts_visited":["Exordium","TheCity","TheBeyond"],"potions_floor_usage":[],"damage_taken":[{"damage":10,"enemies":"Jaw Worm","floor":1,"turns":3},{"damage":7,"enemies":"Small Slimes","floor":4,"turns":4},{"damage":14,"enemies":"Replay:BlueRogue","floor":6,"turns":3},{"damage":15,"enemies":"3 Sentries","floor":8,"turns":6},{"damage":12,"enemies":"Replay:BlueRogue","floor":11,"turns":4},{"damage":3,"enemies":"Lagavulin","floor":13,"turns":5},{"damage":29,"enemies":"The Guardian","floor":16,"turns":5},{"damage":9,"enemies":"Chosen","floor":18,"turns":5},{"damage":44,"enemies":"2 Thieves","floor":19,"turns":4},{"damage":2,"enemies":"Chosen and Byrds","floor":21,"turns":2},{"damage":0,"enemies":"Cultist and Chosen","floor":22,"turns":3},{"damage":26,"enemies":"Book of Stabbing","floor":23,"turns":7},{"damage":2,"enemies":"Sentry and Sphere","floor":24,"turns":1},{"damage":6,"enemies":"theDuelist:KaibaA2","floor":25,"turns":4},{"damage":26,"enemies":"Snake Plant","floor":27,"turns":2},{"damage":0,"enemies":"Snecko","floor":28,"turns":2},{"damage":0,"enemies":"Centurion and Healer","floor":29,"turns":1},{"damage":19,"enemies":"conspire:SneckoGhost","floor":30,"turns":7},{"damage":8,"enemies":"Sentry and Sphere","floor":31,"turns":3},{"damage":16,"enemies":"hubris:MusketHawk","floor":33,"turns":4},{"damage":21,"enemies":"3 Darklings","floor":35,"turns":4},{"damage":0,"enemies":"3 Shapes","floor":36,"turns":1}],"seed_played":"6949747733949103241","potions_obtained":[{"floor":4,"key":"Elixir"},{"floor":18,"key":"Adrenaline Potion"},{"floor":21,"key":"champ:CounterPotion"}],"is_trial":true,"path_per_floor":["M","$","?","M","?","E","R","E","T","R","E","R","E","?","R","B",null,"M","M","$","M","M","E","M","E","T","M","M","M","E","M","R","B",null,"M","M"],"character_chosen":"SAIYAJIN","items_purchased":["jedi:command_shop","jedi:command_uncommon","jedi:command_rare"],"campfire_rested":0,"item_purchase_floors":[20,20,20],"current_hp_per_floor":[61,61,50,54,54,70,70,104,104,104,170,170,172,172,172,179,179,219,238,238,281,289,291,290,285,285,276,301,303,305,302,302,315,315,302,302,302],"gold":806,"neow_bonus":"","is_daily":false,"chose_seed":false,"campfire_upgraded":8,"win_rate":0.0,"timestamp":1610585893,"path_taken":["M","$","?","M","?","E","R","E","T","R","E","R","E","?","R","BOSS","M","M","$","?","M","E","M","E","T","M","M","M","E","M","R","BOSS","M","M"],"items_purchased_type":["Relic","Relic","Relic"],"build_version":"2020-12-22","purchased_purges":0,"victory":false,"max_hp_per_floor":[67,67,67,70,70,96,96,121,121,121,170,170,172,172,172,179,179,220,255,255,281,289,291,292,293,293,296,301,303,305,310,310,315,315,323,323,323],"card_choices":[{"not_picked":["Saiyan:PowerPole","Saiyan:DoubleMasenko","Saiyan:ExpandingShockwave"],"picked":"SKIP","floor":1},{"not_picked":["Saiyan:PowerPole","Saiyan:RemoveWeights"],"picked":"Saiyan:FingerParry","floor":4},{"not_picked":["Saiyan:Expend","Saiyan:Reset","Saiyan:Scouter"],"picked":"SKIP","floor":6},{"not_picked":["Saiyan:Flurry","Saiyan:TheBomb"],"picked":"Saiyan:Teleport","floor":8},{"not_picked":["Saiyan:PowerUp","Saiyan:SaiyanHubris"],"picked":"Saiyan:Furor","floor":11},{"not_picked":["Saiyan:SpiritSword","Saiyan:Honing"],"picked":"Saiyan:WarmUp","floor":13},{"not_picked":["Saiyan:Rekindle","Saiyan:GhostAttack"],"picked":"Saiyan:SuperSaiyanThree","floor":16},{"not_picked":["Saiyan:FingerParry","Saiyan:DoubleMasenko+1","Saiyan:Honing"],"picked":"SKIP","floor":18},{"not_picked":["Saiyan:FingerParry","Saiyan:SaiyanHubris","Saiyan:TurtleShell"],"picked":"SKIP","floor":19},{"not_picked":["Saiyan:KiExplosion","Saiyan:Quickening"],"picked":"Saiyan:ConcussiveBlow","floor":21},{"not_picked":["Saiyan:Quickening+1","Saiyan:PressOn+1"],"picked":"Saiyan:SuperSaiyanForm","floor":22},{"not_picked":["Saiyan:BackAttack+1","Saiyan:Teleport","Saiyan:DragonFist"],"picked":"SKIP","floor":23},{"not_picked":["Saiyan:PowerStance","Saiyan:KiExplosion","Saiyan:KameHameHa"],"picked":"SKIP","floor":24},{"not_picked":["Saiyan:LastResort","Saiyan:SolarFlare"],"picked":"Saiyan:CCCapsule","floor":25},{"not_picked":["Saiyan:SaiyanHubris","Saiyan:PowerUp","Saiyan:KiStrike"],"picked":"SKIP","floor":27},{"not_picked":["Saiyan:DragonFist","Saiyan:ExpandingShockwave","Saiyan:ExtremeSpeed"],"picked":"SKIP","floor":28},{"not_picked":["Saiyan:ConcussiveBlow","Saiyan:DoubleMasenko","Saiyan:BackAttack"],"picked":"SKIP","floor":29},{"not_picked":["Saiyan:Flurry","Saiyan:MajinSeal","Saiyan:PlotArmor"],"picked":"SKIP","floor":30},{"not_picked":["Saiyan:KiStrike+1","Saiyan:KiExplosion","Saiyan:PowerPole"],"picked":"SKIP","floor":31},{"not_picked":["Saiyan:BackAttack+1","Saiyan:DragonFist","Saiyan:KiExplosion+1"],"picked":"SKIP","floor":35},{"not_picked":["Saiyan:BackAttack+1","Saiyan:DragonFist","Saiyan:KiExplosion+1"],"picked":"SKIP","floor":35}],"player_experience":108829,"relics_obtained":[{"floor":6,"key":"jedi:command_common"},{"floor":8,"key":"jedi:command_common"},{"floor":9,"key":"jedi:command_common"},{"floor":11,"key":"jedi:command_rare"},{"floor":13,"key":"jedi:command_common"},{"floor":23,"key":"jedi:command_common"},{"floor":25,"key":"jedi:command_common"},{"floor":26,"key":"jedi:command_common"},{"floor":30,"key":"jedi:command_common"}],"event_choices":[{"damage_healed":0,"gold_gain":75,"player_choice":"Gather Gold","damage_taken":11,"max_hp_gain":0,"max_hp_loss":0,"event_name":"World of Goop","floor":3,"gold_loss":0},{"damage_healed":0,"gold_gain":0,"player_choice":"Trade","damage_taken":0,"relics_obtained":["FaceOfCleric"],"max_hp_gain":0,"max_hp_loss":0,"event_name":"FaceTrader","floor":14,"gold_loss":0},{"damage_healed":0,"gold_gain":0,"player_choice":"Copied","damage_taken":0,"max_hp_gain":0,"max_hp_loss":0,"event_name":"Duplicator","floor":32,"gold_loss":0,"cards_obtained":["Skeleton_Dragon"]}],"is_beta":false,"boss_relics":[{"not_picked":["jedi:command_boss","jedi:command_boss"],"picked":"jedi:command_boss"},{"not_picked":["jedi:command_boss","jedi:command_boss"],"picked":"jedi:command_boss"}],"items_purged_floors":[],"is_endless":false,"potions_floor_spawned":[4,11,13,16,18,19,21,27,28,29,33],"killed_by":"3 Shapes","ascension_level":17}}