{"host":"on8rz1ayhhz269sg","time":1610611617,"event":{"mods":["BaseMod","Downfall","Gremlin Mod","Minty Spire (QoL Compilation)","StSLib","The Cursed","≤–¡Ù÷ÆŒÔ"],"gold_per_floor":[113,213,228,240,240,270,270,281,281,281,54,54,0,0,0,123,123,139,139,162,55,79,79,113,113,113,113,138,138,32,9,9,140,140,165,181,24,44,44,44,63,63,63,63,88,88,88,88,88,88],"floor_reached":51,"language":"ZHS","playtime":4330,"items_purged":[],"score":671,"play_id":"56abafe8-6f2a-43b4-b9ed-5ba9e4ab4a72","local_time":"20210114160657","is_ascension_mode":false,"campfire_choices":[{"data":"Gremlin:CounterStrike","floor":7,"key":"SMITH"},{"data":"Gremlin:Rhythm","floor":12,"key":"SMITH"},{"floor":15,"key":"REST"},{"floor":23,"key":"REST"},{"floor":25,"key":"REST"},{"data":"Gremlin:Unforgiving","floor":29,"key":"SMITH"},{"floor":32,"key":"REST"},{"floor":40,"key":"REST"},{"floor":44,"key":"REST"},{"floor":46,"key":"REST"}],"circlet_count":0,"master_deck":["Gremlin:Strike","Gremlin:Strike","Gremlin:Strike","Gremlin:Strike","Gremlin:Defend","Gremlin:Defend","Gremlin:Defend","Gremlin:TagTeam+1","Gremlin:GremlinDance","Gremlin:Patsy","Gremlin:AggressiveDefense","Gremlin:DaggerDance","Gremlin:CounterStrike+1","Gremlin:Rhythm+1","Gremlin:GremlinMeal+1","Gremlin:FairyDust","Gremlin:Glimmer","Gremlin:Presto","Gremlin:Unforgiving+1","Gremlin:Dazzle","Gremlin:ArmsTheft","Gremlin:Wizardry","Gremlin:Patsy","Gremlin:Enthusiasm","Gremlin:GremlinMeal","Regret","Gremlin:Kablamo","Gremlin:ShowOfHands+1","Gremlin:InfiniteBlocks","Gremlin:ToeStub","Gremlin:Exacerbate","Gremlin:InfiniteBlocks","Gremlin:SharpenBlades+1","Parasite","Gremlin:BubbleBarrier+1","Gremlin:TwistTheKnife","Pain","Gremlin:Glimmer+1","expansioncontent:LastStand"],"relics":["Gremlin:GremlinKnob","NeowsBlessing","InkBottle","PlaceholderMod:DaolothFragment","Golden Idol","Gremlin:WizardStaff","Cursed Key","Art of War","Pear","SlaversCollar","War Paint","Gremlin:StolenMerchandise","Toxic Egg 2"],"acts_visited":["Exordium","TheCity","TheBeyond"],"potions_floor_usage":[16,20,22,28,35,38,41,50],"damage_taken":[{"damage":0,"enemies":"Jaw Worm","floor":1,"turns":1},{"damage":0,"enemies":"Cultist","floor":3,"turns":1},{"damage":0,"enemies":"2 Louse","floor":4,"turns":1},{"damage":8,"enemies":"3 Sentries","floor":6,"turns":8},{"damage":0,"enemies":"Blue Slaver","floor":8,"turns":4},{"damage":0,"enemies":"Gremlin Nob","floor":13,"turns":1},{"damage":24,"enemies":"The Guardian","floor":16,"turns":8},{"damage":0,"enemies":"Shell Parasite","floor":18,"turns":4},{"damage":0,"enemies":"2 Thieves","floor":20,"turns":4},{"damage":14,"enemies":"Sentry and Sphere","floor":22,"turns":4},{"damage":2,"enemies":"Book of Stabbing","floor":24,"turns":6},{"damage":5,"enemies":"Shelled Parasite and Fungi","floor":28,"turns":5},{"damage":21,"enemies":"Automaton","floor":33,"turns":10},{"damage":15,"enemies":"Orb Walker","floor":35,"turns":4},{"damage":14,"enemies":"3 Shapes","floor":36,"turns":5},{"damage":12,"enemies":"Writhing Mass","floor":38,"turns":7},{"damage":4,"enemies":"Jaw Worm Horde","floor":41,"turns":3},{"damage":38,"enemies":"4 Shapes","floor":45,"turns":4},{"damage":56,"enemies":"Time Eater","floor":50,"turns":9}],"seed_played":"-1153874215856463494","potions_obtained":[{"floor":3,"key":"GamblersBrew"},{"floor":8,"key":"SkillPotion"},{"floor":13,"key":"Regen Potion"},{"floor":19,"key":"hexamod:EctoCoolerPotion"},{"floor":19,"key":"Weak Potion"},{"floor":20,"key":"PlaceholderMod:PlaceholderPotion"},{"floor":24,"key":"Fire Potion"},{"floor":36,"key":"Regen Potion"},{"floor":38,"key":"DistilledChaos"},{"floor":45,"key":"champ:CounterPotion"}],"is_trial":false,"path_per_floor":["M","?","M","M","?","E","R","M","T","?","$","R","E","?","R","B",null,"M","?","M","$","M","R","E","R","T","R","M","R","$","$","R","B",null,"M","M","$","M","$","R","M","R","T","R","M","R","?","?","R","B",null],"character_chosen":"GREMLIN","items_purchased":["Gremlin:GremlinMeal","Gremlin:FairyDust","Gremlin:Glimmer","Gremlin:Wizardry","Gremlin:Patsy","Gremlin:ShowOfHands","Gremlin:InfiniteBlocks","Gremlin:ToeStub","War Paint","Gremlin:StolenMerchandise"],"campfire_rested":7,"item_purchase_floors":[11,11,11,21,21,30,30,31,37,39],"current_hp_per_floor":[20,20,20,20,20,16,16,20,20,19,19,19,19,17,19,19,19,19,19,19,19,19,19,10,15,17,17,20,20,20,20,20,3,20,5,11,11,20,20,20,16,16,16,19,19,19,19,19,18,13],"gold":88,"neow_bonus":"THREE_ENEMY_KILL","is_daily":false,"chose_seed":false,"campfire_upgraded":3,"win_rate":0.0,"timestamp":1610611617,"path_taken":["M","?","?","M","?","E","R","M","T","?","$","R","E","?","R","BOSS","M","?","M","$","?","R","E","R","T","R","M","R","?","$","R","BOSS","M","M","$","M","$","R","M","R","T","R","M","R","?","?","R","BOSS"],"items_purchased_type":["Card","Card","Card","Card","Card","Card","Card","Card","Relic","Relic"],"build_version":"2020-12-22","purchased_purges":0,"victory":true,"max_hp_per_floor":[20,20,20,20,20,20,20,20,20,19,19,19,19,19,19,19,19,19,19,19,19,19,19,19,19,21,20,20,20,20,20,20,20,20,20,20,20,20,20,20,20,19,19,19,19,19,19,19,18,18],"card_choices":[{"not_picked":["Gremlin:ToeStub","Gremlin:PourSalt"],"picked":"Gremlin:Patsy","floor":1},{"not_picked":["Gremlin:DaggerDance","Gremlin:PourSalt"],"picked":"Gremlin:AggressiveDefense","floor":3},{"not_picked":["Gremlin:BulkUp","Gremlin:Pinprick"],"picked":"Gremlin:DaggerDance","floor":4},{"not_picked":["Gremlin:Tadah","Gremlin:Stupend"],"picked":"Gremlin:CounterStrike","floor":6},{"not_picked":["Gremlin:CatScratch","Gremlin:AggressiveDefense"],"picked":"Gremlin:Rhythm","floor":8},{"not_picked":["Gremlin:Heckle","Gremlin:BulkUp"],"picked":"Gremlin:Presto","floor":13},{"not_picked":["Gremlin:BrokenShin","Gremlin:Erupt"],"picked":"Gremlin:Unforgiving","floor":16},{"not_picked":["Gremlin:Jeer","Gremlin:Changeo"],"picked":"Gremlin:Dazzle","floor":18},{"not_picked":["Gremlin:Presto","Gremlin:Jeer"],"picked":"Gremlin:ArmsTheft","floor":20},{"not_picked":["Gremlin:ShadowShiv","Gremlin:GremlinMeal"],"picked":"Gremlin:Enthusiasm","floor":22},{"not_picked":["Gremlin:ArmsTheft","Gremlin:AggressiveDefense"],"picked":"Gremlin:GremlinMeal","floor":24},{"not_picked":["Gremlin:AggressiveDefense","Gremlin:Pretaliation"],"picked":"Gremlin:Kablamo","floor":28},{"not_picked":["Gremlin:TargetWeakness","Gremlin:FlipOut"],"picked":"Gremlin:Exacerbate","floor":33},{"not_picked":["Gremlin:Rhythm","Gremlin:Glimmer"],"picked":"Gremlin:InfiniteBlocks","floor":35},{"not_picked":["Gremlin:Patsy","Gremlin:Tadah"],"picked":"Gremlin:SharpenBlades+1","floor":36},{"not_picked":["Gremlin:Glimmer+1","Gremlin:CatScratch+1"],"picked":"Gremlin:BubbleBarrier+1","floor":38},{"not_picked":["Gremlin:Tricksy","Gremlin:Heckle"],"picked":"Gremlin:TwistTheKnife","floor":41},{"not_picked":["Gremlin:BubbleBarrier+1","Gremlin:TwistTheKnife+1"],"picked":"Gremlin:Glimmer+1","floor":45},{"not_picked":["expansioncontent:PolyBeam","Master of Strategy+1"],"picked":"expansioncontent:LastStand","floor":47}],"player_experience":200133,"relics_obtained":[{"floor":6,"key":"InkBottle"},{"floor":9,"key":"PlaceholderMod:DaolothFragment"},{"floor":24,"key":"Art of War"},{"floor":26,"key":"Pear"},{"floor":43,"key":"Toxic Egg 2"}],"event_choices":[{"damage_healed":0,"gold_gain":100,"player_choice":"Pray","damage_taken":0,"max_hp_gain":0,"max_hp_loss":0,"event_name":"Golden Shrine","floor":2,"gold_loss":0},{"damage_healed":0,"gold_gain":0,"player_choice":"Grow","damage_taken":0,"max_hp_gain":0,"max_hp_loss":0,"event_name":"Living Wall","floor":5,"gold_loss":0,"cards_upgraded":["Gremlin:TagTeam"]},{"damage_healed":0,"gold_gain":0,"player_choice":"Lose Max HP","damage_taken":0,"relics_obtained":["Golden Idol"],"max_hp_gain":0,"max_hp_loss":1,"event_name":"Golden Idol","floor":10,"gold_loss":0},{"damage_healed":0,"gold_gain":0,"player_choice":"Success","damage_taken":2,"relics_obtained":["Gremlin:WizardStaff"],"max_hp_gain":0,"max_hp_loss":0,"event_name":"Scrap Ooze","floor":14,"gold_loss":0},{"damage_healed":0,"gold_gain":0,"player_choice":"Got Potions","damage_taken":0,"max_hp_gain":0,"max_hp_loss":0,"event_name":"Lab","floor":19,"gold_loss":0},{"damage_healed":0,"gold_gain":0,"player_choice":"Memory 1","damage_taken":0,"max_hp_gain":0,"max_hp_loss":0,"event_name":"SensoryStone","floor":47,"gold_loss":0},{"cards_removed":["Gremlin:Defend"],"damage_healed":0,"gold_gain":0,"player_choice":"Removed Skill","damage_taken":0,"max_hp_gain":0,"max_hp_loss":0,"event_name":"Falling","floor":48,"gold_loss":0}],"is_beta":false,"boss_relics":[{"not_picked":["Coffee Dripper","Velvet Choker"],"picked":"Cursed Key"},{"not_picked":["Runic Dome","Empty Cage"],"picked":"SlaversCollar"}],"items_purged_floors":[],"is_endless":false,"potions_floor_spawned":[3,8,13,20,24,36,38,45],"ascension_level":0}}