{"host":"50per11302020","time":1610584858,"event":{"mods":["AchievementEnabler","BaseMod","Colored Map","Minty Spire (QoL Compilation)","Relic Stats","StSLib"],"gold_per_floor":[117,127,202,213,266,300,319,319,395,545,545,559,559,104,104,183,183,197,210,230,107,125,125,125,125,152,171,171,171,191,221,221,295,295,315,333,346,366,366,366,366,366],"floor_reached":41,"language":"ENG","playtime":2449,"items_purged":["Doubt"],"score":834,"play_id":"46126a4d-d90f-4133-b7e2-15f9e774376b","local_time":"20210113164058","is_ascension_mode":true,"campfire_choices":[{"data":"Noxious Fumes","floor":8.0,"key":"SMITH"},{"floor":11.0,"key":"REST"},{"data":"1","floor":13.0,"key":"LIFT"},{"data":"2","floor":15.0,"key":"LIFT"},{"floor":23.0,"key":"REST"},{"floor":25.0,"key":"REST"},{"floor":28.0,"key":"REST"},{"data":"Calculated Gamble","floor":32.0,"key":"SMITH"},{"floor":40.0,"key":"REST"}],"circlet_count":0,"master_deck":["AscendersBane","Strike_G","Strike_G","Strike_G","Strike_G","Strike_G","Defend_G","Defend_G","Defend_G","Defend_G","Defend_G","Survivor","Neutralize","All Out Attack","Noxious Fumes+1","Burst","Blade Dance","Accuracy","Wraith Form v2+1","Blade Dance","Infinite Blades+1","Noxious Fumes+1","Calculated Gamble+1","Backstab","Infinite Blades+1","Dagger Spray+1","A Thousand Cuts+1"],"relics":["Ring of the Snake","Girya","Bottled Flame","Frozen Egg 2","Velvet Choker","Bag of Marbles","Snake Skull","Sozu"],"acts_visited":["Exordium","TheCity","TheBeyond"],"potions_floor_usage":[],"damage_taken":[{"damage":0.0,"enemies":"2 Louse","floor":1.0,"turns":2.0},{"damage":0.0,"enemies":"Jaw Worm","floor":2.0,"turns":3.0},{"damage":0.0,"enemies":"Small Slimes","floor":4.0,"turns":3.0},{"damage":27.0,"enemies":"3 Sentries","floor":6.0,"turns":10.0},{"damage":0.0,"enemies":"Looter","floor":7.0,"turns":3.0},{"damage":5.0,"enemies":"Gremlin Gang","floor":12.0,"turns":4.0},{"damage":28.0,"enemies":"Hexaghost","floor":16.0,"turns":9.0},{"damage":4.0,"enemies":"Chosen","floor":18.0,"turns":5.0},{"damage":9.0,"enemies":"2 Thieves","floor":19.0,"turns":5.0},{"damage":17.0,"enemies":"Centurion and Healer","floor":20.0,"turns":7.0},{"damage":5.0,"enemies":"Cultist and Chosen","floor":22.0,"turns":7.0},{"damage":24.0,"enemies":"Snake Plant","floor":27.0,"turns":4.0},{"damage":0.0,"enemies":"Centurion and Healer","floor":30.0,"turns":5.0},{"damage":3.0,"enemies":"Gremlin Leader","floor":31.0,"turns":6.0},{"damage":51.0,"enemies":"Champ","floor":33.0,"turns":12.0},{"damage":18.0,"enemies":"Orb Walker","floor":35.0,"turns":3.0},{"damage":15.0,"enemies":"3 Shapes","floor":36.0,"turns":6.0},{"damage":12.0,"enemies":"3 Darklings","floor":37.0,"turns":4.0},{"damage":13.0,"enemies":"4 Shapes","floor":38.0,"turns":3.0},{"damage":48,"enemies":"Reptomancer","floor":41,"turns":5}],"seed_played":"-3032332131352616260","potions_obtained":[{"floor":2.0,"key":"PowerPotion"},{"floor":4.0,"key":"ColorlessPotion"},{"floor":6.0,"key":"Weak Potion"},{"floor":12.0,"key":"Fire Potion"},{"floor":16.0,"key":"GamblersBrew"},{"floor":18.0,"key":"DistilledChaos"},{"floor":27.0,"key":"LiquidBronze"}],"is_trial":false,"path_per_floor":["M","M","?","M","?","E","M","R","T","?","R","M","R","$","R","B",null,"M","M","M","$","M","R","?","R","T","M","R","?","M","E","R","B",null,"M","M","M","M","?","R","E"],"character_chosen":"THE_SILENT","items_purchased":["Blade Dance","Accuracy","Frozen Egg 2","Noxious Fumes+1","Calculated Gamble"],"campfire_rested":5,"item_purchase_floors":[14,14,14,21,21],"current_hp_per_floor":[59,59,48,48,48,21,21,21,21,21,40,35,35,35,35,7,51,47,38,21,21,16,35,17,38,38,14,35,81,81,78,78,27,68,50,35,23,10,10,34,0,0],"gold":366,"neow_bonus":"ONE_RANDOM_RARE_CARD","is_daily":false,"chose_seed":false,"campfire_upgraded":2,"win_rate":0.0,"timestamp":1610584858,"path_taken":["M","M","?","M","?","E","M","R","T","?","R","M","R","?","R","BOSS","M","M","M","$","M","R","?","R","T","M","R","?","M","E","R","BOSS","M","M","?","M","?","R","E"],"items_purchased_type":["Card","Card","Relic","Card","Card"],"build_version":"2020-12-18","purchased_purges":1,"victory":false,"max_hp_per_floor":[66,66,66,66,66,66,66,66,66,66,66,66,66,66,66,66,66,66,66,66,66,66,66,71,71,71,71,71,81,81,81,81,81,81,81,81,81,81,81,81,81,81],"relic_stats":{"Sozu":0,"counters":[20,106],"Snake Skull":[29],"obtain_stats":[{"Sozu":34,"Girya":6,"Bottled Flame":9,"Velvet Choker":17,"Snake Skull":31,"Bag of Marbles":26,"Frozen Egg 2":14,"Ring of the Snake":0},{"Sozu":15,"Girya":4,"Bottled Flame":5,"Velvet Choker":7,"Snake Skull":14,"Bag of Marbles":11,"Frozen Egg 2":6,"Ring of the Snake":0},{"Sozu":85,"Girya":18,"Bottled Flame":21,"Velvet Choker":34,"Snake Skull":73,"Bag of Marbles":58,"Frozen Egg 2":25,"Ring of the Snake":0}],"Ring of the Snake":[40]},"card_choices":[{"not_picked":["Deflect","Finisher"],"picked":"All Out Attack","floor":1.0},{"not_picked":["Finisher","Poisoned Stab","Choke"],"picked":"SKIP","floor":2.0},{"not_picked":["Prepared","Outmaneuver","Dagger Spray"],"picked":"SKIP","floor":4.0},{"not_picked":["Expertise","Quick Slash","Masterful Stab"],"picked":"SKIP","floor":6.0},{"not_picked":["Endless Agony","Poisoned Stab"],"picked":"Noxious Fumes","floor":7.0},{"not_picked":["Blur","Backflip"],"picked":"Burst","floor":12.0},{"not_picked":["Night Terror","Storm of Steel"],"picked":"Wraith Form v2+1","floor":16.0},{"not_picked":["Outmaneuver","Expertise"],"picked":"Blade Dance","floor":18.0},{"not_picked":["Bane","Dodge and Roll","Acrobatics"],"picked":"SKIP","floor":19.0},{"not_picked":["Quick Slash","Acrobatics"],"picked":"Infinite Blades+1","floor":20.0},{"not_picked":["Blade Dance","Skewer+1","Flechettes+1"],"picked":"SKIP","floor":22.0},{"not_picked":["Bullet Time","Dagger Throw"],"picked":"Backstab","floor":27.0},{"not_picked":["Prepared","Flechettes"],"picked":"Infinite Blades+1","floor":30.0},{"not_picked":["Flechettes+1","Escape Plan"],"picked":"Dagger Spray+1","floor":31.0},{"not_picked":["Burst","Grand Finale"],"picked":"A Thousand Cuts+1","floor":33.0},{"not_picked":["Eviscerate","Outmaneuver+1","Flechettes"],"picked":"SKIP","floor":35.0},{"not_picked":["Bane","Blade Dance","PiercingWail"],"picked":"SKIP","floor":36.0},{"not_picked":["Finisher+1","Flying Knee","Cloak And Dagger+1"],"picked":"SKIP","floor":37.0},{"not_picked":["Deflect","Underhanded Strike+1","Bouncing Flask+1"],"picked":"SKIP","floor":38.0}],"player_experience":198316,"relics_obtained":[{"floor":6.0,"key":"Girya"},{"floor":9.0,"key":"Bottled Flame"},{"floor":26.0,"key":"Bag of Marbles"},{"floor":31.0,"key":"Snake Skull"}],"event_choices":[{"damage_healed":0.0,"max_hp_gain":0.0,"max_hp_loss":0.0,"gold_gain":75.0,"event_name":"World of Goop","player_choice":"Gather Gold","floor":3.0,"gold_loss":0.0,"damage_taken":11.0},{"damage_healed":0.0,"max_hp_gain":0.0,"max_hp_loss":0.0,"gold_gain":53.0,"event_name":"Golden Wing","player_choice":"Gained Gold","floor":5.0,"gold_loss":0.0,"damage_taken":0.0},{"damage_healed":0.0,"max_hp_gain":0.0,"max_hp_loss":0.0,"gold_gain":150.0,"event_name":"Liars Game","player_choice":"AGREE","floor":10.0,"gold_loss":0.0,"damage_taken":0.0,"cards_obtained":["Doubt"]},{"damage_healed":0.0,"max_hp_gain":5.0,"max_hp_loss":0.0,"gold_gain":0.0,"event_name":"Forgotten Altar","player_choice":"Shed Blood","floor":24.0,"gold_loss":0.0,"damage_taken":23.0},{"cards_removed":["Unload"],"damage_healed":36.0,"max_hp_gain":10.0,"max_hp_loss":0.0,"gold_gain":0.0,"event_name":"Bonfire Elementals","player_choice":"Offered Rare","floor":29.0,"gold_loss":0.0,"damage_taken":0.0},{"damage_healed":0.0,"max_hp_gain":0.0,"max_hp_loss":0.0,"gold_gain":0.0,"event_name":"Mysterious Sphere","player_choice":"Ignored","floor":39.0,"gold_loss":0.0,"damage_taken":0.0}],"is_beta":true,"boss_relics":[{"not_picked":["Astrolabe","SacredBark"],"picked":"Velvet Choker"},{"not_picked":["Philosopher\u0027s Stone","Busted Crown"],"picked":"Sozu"}],"items_purged_floors":[14],"is_endless":false,"potions_floor_spawned":[2,4,6,12,16,18,27,30],"killed_by":"Reptomancer","ascension_level":19}}