{"host":"n4fty02wqqi95laq","time":1610606816,"event":{"mods":["BaseMod","Highlight Path","Minty Spire (QoL Compilation)","Quick Restart","Rare Cards Sparkle","StSLib"],"gold_per_floor":[119,119,136,136,146,146,166,183,256,256,256,91,91,91,91,170,170,186,196,196,224,149,149,49,75,87,125,137,182,209,240,252,341,403,426,449,477,489,127,155,155,480,506,520,520,520,555,568,568,568,568,568,568,88,115,115],"floor_reached":57,"language":"ZHS","playtime":2639,"items_purged":["Strike_R","Strike_R","Strike_R+1","Dropkick"],"score":2791,"play_id":"9f754fa6-cad0-4014-a802-7933443a4d13","local_time":"20210114144656","is_ascension_mode":true,"campfire_choices":[{"data":"Limit Break","floor":6.0,"key":"SMITH"},{"data":"Pommel Strike","floor":10.0,"key":"SMITH"},{"data":"Armaments","floor":13.0,"key":"SMITH"},{"data":"1","floor":15.0,"key":"LIFT"},{"data":"2","floor":23.0,"key":"LIFT"},{"data":"Burning Pact","floor":28.0,"key":"SMITH"},{"data":"3","floor":32.0,"key":"LIFT"},{"data":"Dark Embrace","floor":41.0,"key":"SMITH"},{"data":"Feel No Pain","floor":46.0,"key":"SMITH"},{"floor":49.0,"key":"RECALL"},{"data":"Second Wind","floor":53.0,"key":"SMITH"}],"circlet_count":0,"master_deck":["AscendersBane","Defend_R","Defend_R","Defend_R","Defend_R","Bash","Limit Break+1","Pommel Strike+1","Flex","Reckless Charge","Reaper","Burning Pact+1","Inflame","Armaments+1","Double Tap","Shrug It Off","Exhume","Shrug It Off","Battle Trance+1","Second Wind+1","Limit Break","Dual Wield","Power Through+1","Finesse","Dark Embrace+1","Feel No Pain+1","Intimidate+1","Dark Embrace+1","Sword Boomerang+1"],"relics":["Burning Blood","WarpedTongs","Girya","Orrery","Coffee Dripper","Red Mask","MawBank","Eternal Feather","PreservedInsect","Champion Belt","Tiny House","Oddly Smooth Stone","Paper Frog","Old Coin","Dream Catcher","HornCleat","DollysMirror","Lantern","Mango"],"acts_visited":["Exordium","TheCity","TheBeyond","TheEnding"],"potions_floor_usage":[55,56,56],"damage_taken":[{"damage":16.0,"enemies":"Jaw Worm","floor":1.0,"turns":5.0},{"damage":6.0,"enemies":"Cultist","floor":3.0,"turns":3.0},{"damage":5.0,"enemies":"2 Louse","floor":5.0,"turns":3.0},{"damage":11.0,"enemies":"Large Slime","floor":7.0,"turns":6.0},{"damage":21.0,"enemies":"3 Louse","floor":8.0,"turns":4.0},{"damage":26.0,"enemies":"The Guardian","floor":16.0,"turns":8.0},{"damage":36.0,"enemies":"2 Thieves","floor":18.0,"turns":3.0},{"damage":13.0,"enemies":"Spheric Guardian","floor":19.0,"turns":4.0},{"damage":1.0,"enemies":"Masked Bandits","floor":21.0,"turns":2.0},{"damage":40.0,"enemies":"Book of Stabbing","floor":25.0,"turns":4.0},{"damage":55.0,"enemies":"Slavers","floor":27.0,"turns":6.0},{"damage":0.0,"enemies":"Gremlin Leader","floor":29.0,"turns":4.0},{"damage":15.0,"enemies":"Snake Plant","floor":30.0,"turns":3.0},{"damage":13.0,"enemies":"Centurion and Healer","floor":31.0,"turns":6.0},{"damage":29.0,"enemies":"Collector","floor":33.0,"turns":6.0},{"damage":4.0,"enemies":"Orb Walker","floor":35.0,"turns":2.0},{"damage":14.0,"enemies":"3 Shapes","floor":36.0,"turns":3.0},{"damage":64.0,"enemies":"Sphere and 2 Shapes","floor":37.0,"turns":9.0},{"damage":37.0,"enemies":"Nemesis","floor":40.0,"turns":7.0},{"damage":4.0,"enemies":"Mind Bloom Boss Battle","floor":42.0,"turns":7.0},{"damage":44.0,"enemies":"Transient","floor":44.0,"turns":6.0},{"damage":72.0,"enemies":"Reptomancer","floor":47.0,"turns":5.0},{"damage":23.0,"enemies":"4 Shapes","floor":48.0,"turns":6.0},{"damage":94.0,"enemies":"Donu and Deca","floor":50.0,"turns":8.0},{"damage":67.0,"enemies":"Time Eater","floor":51.0,"turns":10.0},{"damage":52,"enemies":"Shield and Spear","floor":55,"turns":9},{"damage":77,"enemies":"The Heart","floor":56,"turns":10}],"seed_played":"-1038484805968850198","potions_obtained":[{"floor":16.0,"key":"AttackPotion"},{"floor":18.0,"key":"SkillPotion"},{"floor":25.0,"key":"Fire Potion"},{"floor":30.0,"key":"FearPotion"},{"floor":33.0,"key":"ColorlessPotion"},{"floor":55,"key":"Weak Potion"}],"is_trial":false,"path_per_floor":["M","?","M","?","M","R","M","M","T","R","?","$","R","?","R","B",null,"M","M","?","?","$","R","$","E","T","E","R","E","M","M","R","B",null,"M","M","M","?","$","E","R","?","T","M","?","R","E","M","R","B","B",null,"R","$","E","B",null],"character_chosen":"IRONCLAD","items_purchased":["Orrery","Dark Embrace","Oddly Smooth Stone","DollysMirror","Lantern"],"campfire_rested":0,"item_purchase_floors":[12,39,39,54,54],"current_hp_per_floor":[40,65,65,65,66,66,61,46,46,46,20,20,20,13,13,26,63,53,46,46,72,72,72,72,56,56,52,64,70,75,75,75,75,80,80,80,80,80,80,65,80,80,80,80,76,76,76,72,76,76,50,70,76,76,90,90],"gold":115,"neow_bonus":"THREE_RARE_CARDS","is_daily":false,"chose_seed":false,"campfire_upgraded":7,"win_rate":0.0,"timestamp":1610606816,"path_taken":["M","?","M","?","?","R","M","M","T","R","?","$","R","?","R","BOSS","M","M","?","?","?","R","$","E","T","E","R","E","?","?","R","BOSS","M","M","M","?","$","E","R","?","T","M","?","R","E","M","R","BOSS","BOSS","R","$","E","BOSS"],"items_purchased_type":["Relic","Card","Relic","Relic","Relic"],"build_version":"2020-12-22","purchased_purges":4,"victory":true,"max_hp_per_floor":[75,75,75,75,75,75,75,75,75,75,75,75,75,75,75,75,75,75,75,75,75,75,75,75,75,75,75,75,75,75,75,75,75,80,80,80,80,80,80,80,80,80,80,80,76,76,76,76,76,76,76,76,76,76,90,90],"card_choices":[{"not_picked":["Impervious","Barricade"],"picked":"Limit Break","floor":0.0},{"not_picked":["Thunderclap","Perfected Strike"],"picked":"Pommel Strike","floor":1.0},{"not_picked":["Warcry","Burning Pact"],"picked":"Flex","floor":3.0},{"not_picked":["Perfected Strike","Seeing Red"],"picked":"Dropkick","floor":5.0},{"not_picked":["Wild Strike","Clash"],"picked":"Reckless Charge","floor":7.0},{"not_picked":["Searing Blow","Cleave"],"picked":"Reaper","floor":8.0},{"not_picked":["Power Through","Bloodletting"],"picked":"Burning Pact","floor":12.0},{"not_picked":["Corruption","Seeing Red"],"picked":"Inflame","floor":12.0},{"not_picked":["Anger","Bloodletting"],"picked":"Armaments","floor":12.0},{"not_picked":["Fiend Fire","Bludgeon"],"picked":"Double Tap","floor":16.0},{"not_picked":["Cleave","Thunderclap"],"picked":"Shrug It Off","floor":18.0},{"not_picked":["Heavy Blade","Flex","Uppercut+1"],"picked":"SKIP","floor":19.0},{"not_picked":["Rampage","Metallicize","Headbutt+1"],"picked":"SKIP","floor":25.0},{"not_picked":["Armaments","Pommel Strike"],"picked":"Battle Trance+1","floor":27.0},{"not_picked":["Body Slam","Bludgeon","Cleave"],"picked":"SKIP","floor":29.0},{"not_picked":["Flex","Flame Barrier","Anger"],"picked":"SKIP","floor":30.0},{"not_picked":["Headbutt","Armaments"],"picked":"Second Wind","floor":31.0},{"not_picked":["Corruption","Bludgeon"],"picked":"Limit Break","floor":33.0},{"not_picked":["Searing Blow+1","Twin Strike"],"picked":"Dual Wield","floor":34.0},{"not_picked":["Body Slam","Thunderclap","Iron Wave"],"picked":"SKIP","floor":35.0},{"not_picked":["Heavy Blade","Wild Strike"],"picked":"Power Through+1","floor":36.0},{"not_picked":["Heavy Blade","Pommel Strike","Twin Strike"],"picked":"SKIP","floor":37.0},{"not_picked":["Good Instincts","Bandage Up"],"picked":"Finesse","floor":38.0},{"not_picked":["Impervious","Seeing Red"],"picked":"Feel No Pain","floor":40.0},{"not_picked":["Havoc","Perfected Strike"],"picked":"Intimidate+1","floor":42.0},{"not_picked":["Combust","Twin Strike","Reckless Charge"],"picked":"SKIP","floor":44.0},{"not_picked":["Clothesline+1","Warcry","Pommel Strike+1"],"picked":"SKIP","floor":47.0},{"not_picked":["Flame Barrier","Burning Pact","Intimidate"],"picked":"SKIP","floor":48.0},{"not_picked":["Headbutt+1","Power Through"],"picked":"Sword Boomerang+1","floor":55}],"player_experience":665679,"relics_obtained":[{"floor":21.0,"key":"Red Mask"},{"floor":25.0,"key":"MawBank"},{"floor":26.0,"key":"Eternal Feather"},{"floor":27.0,"key":"PreservedInsect"},{"floor":29.0,"key":"Champion Belt"},{"floor":40.0,"key":"Paper Frog"},{"floor":42.0,"key":"Old Coin"},{"floor":43.0,"key":"Dream Catcher"},{"floor":47.0,"key":"HornCleat"},{"floor":55,"key":"Mango"}],"event_choices":[{"damage_healed":25.0,"max_hp_gain":0.0,"max_hp_loss":0.0,"gold_gain":0.0,"event_name":"Big Fish","player_choice":"Banana","floor":2.0,"gold_loss":0.0,"damage_taken":0.0},{"damage_healed":0.0,"max_hp_gain":0.0,"max_hp_loss":0.0,"gold_gain":0.0,"event_name":"Accursed Blacksmith","player_choice":"Rummage","floor":4.0,"gold_loss":0.0,"damage_taken":0.0,"relics_obtained":["WarpedTongs"],"cards_obtained":["Pain"]},{"damage_healed":0.0,"max_hp_gain":0.0,"max_hp_loss":0.0,"gold_gain":0.0,"event_name":"Scrap Ooze","player_choice":"Success","floor":11.0,"gold_loss":0.0,"damage_taken":26.0,"relics_obtained":["Girya"]},{"cards_removed":["Pain"],"damage_healed":0.0,"max_hp_gain":0.0,"max_hp_loss":0.0,"gold_gain":0.0,"event_name":"Golden Wing","player_choice":"Card Removal","floor":14.0,"gold_loss":0.0,"damage_taken":7.0},{"damage_healed":0.0,"max_hp_gain":0.0,"max_hp_loss":0.0,"gold_gain":0.0,"cards_transformed":["Strike_R","Strike_R"],"event_name":"Drug Dealer","player_choice":"Became Test Subject","floor":20.0,"gold_loss":0.0,"damage_taken":0.0,"cards_obtained":["Exhume","Shrug It Off"]},{"damage_healed":0.0,"max_hp_gain":0.0,"max_hp_loss":0.0,"gold_gain":0.0,"event_name":"Masked Bandits","player_choice":"Fought Bandits","floor":21.0,"gold_loss":0.0,"damage_taken":0.0},{"damage_healed":0.0,"max_hp_gain":0.0,"max_hp_loss":0.0,"gold_gain":0.0,"event_name":"SensoryStone","player_choice":"Memory 1","floor":38.0,"gold_loss":0.0,"damage_taken":0.0},{"damage_healed":0.0,"max_hp_gain":0.0,"max_hp_loss":0.0,"gold_gain":0.0,"event_name":"MindBloom","player_choice":"Fight","floor":42.0,"gold_loss":0.0,"damage_taken":0.0},{"damage_healed":0.0,"max_hp_gain":0.0,"max_hp_loss":4.0,"gold_gain":0.0,"event_name":"Winding Halls","player_choice":"Max HP","floor":45.0,"gold_loss":0.0,"damage_taken":0.0}],"is_beta":false,"boss_relics":[{"not_picked":["SlaversCollar","Busted Crown"],"picked":"Coffee Dripper"},{"not_picked":["Pandora\u0027s Box","Runic Cube"],"picked":"Tiny House"}],"items_purged_floors":[22,24,39,54],"is_endless":false,"potions_floor_spawned":[16,18,19,25,30,33,35,36,55],"ascension_level":20}}