{"host":"4ag909k4xupnj24b","time":1610602968,"event":{"mods":["BaseMod","Minty Spire (QoL Compilation)","StSLib"],"gold_per_floor":[114,127,144,162,237,237,267,247,247,262,262,106,106,119,119,191,191,205,215,215,215],"floor_reached":20,"language":"ENG","playtime":789,"items_purged":["Strike_R"],"score":299,"play_id":"5dac5827-26f1-4893-962d-6342a0717f89","local_time":"20210113214248","is_ascension_mode":true,"campfire_choices":[{"floor":6.0,"key":"REST"},{"data":"Disarm","floor":11.0,"key":"SMITH"},{"floor":13.0,"key":"REST"},{"data":"Inflame","floor":15.0,"key":"SMITH"}],"circlet_count":0,"master_deck":["AscendersBane","Strike_R","Strike_R","Strike_R","Strike_R","Defend_R","Defend_R","Defend_R","Defend_R","Bash","Pommel Strike","Cleave","Twin Strike","Disarm+1","Fire Breathing","Shrug It Off","Inflame+1","Clothesline","Corruption","Shrug It Off","Heavy Blade+1"],"relics":["Runic Cube","Blood Vial","Mercury Hourglass","Snecko Eye"],"acts_visited":["Exordium","TheCity"],"potions_floor_usage":[],"damage_taken":[{"damage":1.0,"enemies":"Cultist","floor":1.0,"turns":4.0},{"damage":5.0,"enemies":"2 Louse","floor":2.0,"turns":4.0},{"damage":5.0,"enemies":"Small Slimes","floor":3.0,"turns":3.0},{"damage":29.0,"enemies":"Exordium Thugs","floor":4.0,"turns":4.0},{"damage":24.0,"enemies":"Gremlin Nob","floor":7.0,"turns":4.0},{"damage":7.0,"enemies":"Red Slaver","floor":10.0,"turns":4.0},{"damage":7.0,"enemies":"2 Fungi Beasts","floor":14.0,"turns":3.0},{"damage":40.0,"enemies":"Slime Boss","floor":16.0,"turns":8.0},{"damage":19.0,"enemies":"Spheric Guardian","floor":18.0,"turns":4.0},{"damage":30.0,"enemies":"3 Byrds","floor":19.0,"turns":5.0},{"damage":24,"enemies":"Shelled Parasite and Fungi","floor":20,"turns":2}],"seed_played":"-9101765863375281046","potions_obtained":[{"floor":2.0,"key":"Energy Potion"},{"floor":3.0,"key":"Fruit Juice"},{"floor":8.0,"key":"SkillPotion"},{"floor":10.0,"key":"DuplicationPotion"},{"floor":14.0,"key":"BloodPotion"}],"is_trial":false,"path_per_floor":["M","M","M","M","?","R","E","?","T","M","R","$","R","M","R","B",null,"M","M","M"],"character_chosen":"IRONCLAD","items_purchased":["Shrug It Off","Inflame"],"campfire_rested":2,"item_purchase_floors":[12,12],"current_hp_per_floor":[67,62,57,28,17,39,15,15,15,15,15,15,39,50,50,12,63,46,18,0,0],"gold":215,"neow_bonus":"BOSS_RELIC","is_daily":false,"chose_seed":false,"campfire_upgraded":2,"win_rate":0.0,"timestamp":1610602968,"path_taken":["M","M","M","?","?","R","E","?","T","M","R","$","R","M","R","BOSS","M","M","M"],"items_purchased_type":["Card","Card"],"build_version":"2020-12-22","purchased_purges":1,"victory":false,"max_hp_per_floor":[75,75,75,75,75,75,75,75,75,80,80,80,80,80,80,80,80,80,80,80,80],"card_choices":[{"not_picked":["Rage","Thunderclap"],"picked":"Pommel Strike","floor":1.0},{"not_picked":["Headbutt","Sword Boomerang"],"picked":"Cleave","floor":2.0},{"not_picked":["Cleave","Infernal Blade"],"picked":"Twin Strike","floor":3.0},{"not_picked":["Cleave","Dark Embrace","Rupture"],"picked":"SKIP","floor":4.0},{"not_picked":["Sentinel","Hemokinesis"],"picked":"Disarm","floor":7.0},{"not_picked":["Body Slam","Iron Wave"],"picked":"Fire Breathing","floor":10.0},{"not_picked":["Clash","Iron Wave"],"picked":"Clothesline","floor":14.0},{"not_picked":["Barricade","Juggernaut"],"picked":"Corruption","floor":16.0},{"not_picked":["Rampage","Thunderclap"],"picked":"Shrug It Off","floor":18.0},{"not_picked":["Clothesline","Armaments"],"picked":"Heavy Blade+1","floor":19.0}],"player_experience":827965,"relics_obtained":[{"floor":7.0,"key":"Blood Vial"},{"floor":9.0,"key":"Mercury Hourglass"}],"event_choices":[{"damage_healed":0.0,"max_hp_gain":0.0,"max_hp_loss":0.0,"gold_gain":75.0,"event_name":"World of Goop","player_choice":"Gather Gold","floor":5.0,"gold_loss":0.0,"damage_taken":11.0},{"damage_healed":0.0,"max_hp_gain":0.0,"max_hp_loss":0.0,"gold_gain":0.0,"event_name":"The Woman in Blue","player_choice":"Bought 1 Potion","floor":8.0,"gold_loss":0.0,"damage_taken":0.0}],"is_beta":false,"boss_relics":[{"not_picked":["Cursed Key","Runic Pyramid"],"picked":"Snecko Eye"}],"items_purged_floors":[12],"is_endless":false,"potions_floor_spawned":[2,3,10,14],"killed_by":"Shelled Parasite and Fungi","ascension_level":14}}