{"host":"h5acbxt0wmjo1kpm","time":1610613429,"event":{"mods":["2.2 Compatiblity","Act Like it!","AlwaysNeverKeys","Aspiration","Bard","Bartender","BaseMod","Better Third Choice","Colored Map","Elementarium","Gensokyo","GifTheSpireLib","Hallownest","Marisa????????","Menagerie","Minty Spire (QoL Compilation)","Permanent Neow","Potionbrewer","Relic Filter","Replay The Spire","Robot Space Explorer","RumiaBox-????????","Shade Mod","Spicy Shops","StSLib","Strawberry Spire","The Blackbeard","The Dragon Tamer","The Gatherer","The Hayseed","The Problem Sleuth","The Servant 0.9.4","Wandering Minibosses","vexMod"],"gold_per_floor":[111,111,111,111,129,161,161,161,161],"floor_reached":8,"language":"ENG","playtime":389,"items_purged":[],"score":76,"play_id":"56d99bb9-4806-4fb9-bfb6-d27aee56bd09","local_time":"20210114003709","is_ascension_mode":true,"campfire_choices":[{"data":"Menagerie:Slaughter","floor":7,"key":"SMITH"}],"circlet_count":0,"master_deck":["AscendersBane","Strike_S","Strike_S+1","Strike_S","Strike_S","Defend_S","Defend_S","Defend_S","Defend_S","KidneyShot","Exchange","Rewind+1","Menagerie:Slaughter+1","Blade Dance","Comet"],"relics":["Uniform","aspiration:Nostalgia","m_SerpentRing","Menagerie:MalignantTentacle","Replay:Bottled Flurry"],"acts_visited":["Menagerie:Menagerie"],"potions_floor_usage":[],"damage_taken":[{"damage":0,"enemies":"Menagerie:WhisperingWraith","floor":1,"turns":4},{"damage":11,"enemies":"Menagerie:MonstrousExperiment","floor":5,"turns":4},{"damage":33,"enemies":"Menagerie:MaskedSummoner","floor":6,"turns":10},{"damage":15,"enemies":"Menagerie:VoidReaper","floor":8,"turns":2}],"seed_played":"-471980051415461587","potions_obtained":[],"is_trial":false,"path_per_floor":["M","$","?","?","M","E","R","E"],"character_chosen":"THE_SERVANT","items_purchased":[],"campfire_rested":0,"item_purchase_floors":[],"current_hp_per_floor":[59,59,59,54,43,10,10,0,0],"gold":161,"neow_bonus":"NOSTALGIA","is_daily":false,"chose_seed":false,"campfire_upgraded":1,"win_rate":0.0,"timestamp":1610613429,"path_taken":["M","$","?","?","M","E","R","E"],"items_purchased_type":[],"build_version":"2020-12-22","purchased_purges":0,"victory":false,"max_hp_per_floor":[65,65,65,65,65,65,65,65,65],"card_choices":[{"not_picked":["ShatteredReality","Orbit"],"picked":"Rewind","floor":1},{"not_picked":["SpecialFormula","Cloak And Dagger"],"picked":"Blade Dance","floor":5},{"not_picked":["Sabotage","Revamp"],"picked":"Comet","floor":6}],"player_experience":2199384,"relics_obtained":[{"floor":6,"key":"Replay:Bottled Flurry"}],"event_choices":[{"damage_healed":0,"gold_gain":0,"player_choice":"Enter","damage_taken":0,"relics_obtained":["Menagerie:MalignantTentacle"],"max_hp_gain":0,"max_hp_loss":0,"event_name":"Menagerie:CorruptingLight","floor":3,"gold_loss":0,"cards_upgraded":["Strike_S","Rewind"]},{"damage_healed":0,"gold_gain":0,"player_choice":"Help the mage","damage_taken":5,"max_hp_gain":0,"max_hp_loss":0,"event_name":"Menagerie:MageAndMonster","floor":4,"gold_loss":0,"cards_obtained":["Menagerie:Slaughter"]}],"is_beta":false,"boss_relics":[],"items_purged_floors":[],"is_endless":false,"potions_floor_spawned":[],"killed_by":"Menagerie:VoidReaper","ascension_level":10}}