{"host":"1u4zr9vl8my47i07","time":1610589678,"event":{"mods":["AchievementEnabler","BaseMod","Highlight Path","Keyboard Shortcuts","Minty Spire (QoL Compilation)","Relic Stats","StSLib","SuperFastMode","Uncapped","Waifu the Spire","everything is the same but u backflip on backflip"],"gold_per_floor":[113,93,113,123,4,4,4,37,37,37,37,57,57,57,57,134,134,151,151,151,151,166,166,199,11,11,11,27,45,45,45,45,45,45],"floor_reached":33,"language":"KOR","playtime":1054,"items_purged":["Strike_R","Strike_R"],"score":500,"play_id":"e221b463-dfab-4b12-9a10-2f4c73d50a06","local_time":"20210114110118","is_ascension_mode":true,"campfire_choices":[{"data":"Blood for Blood","floor":6,"key":"SMITH"},{"data":"Shrug It Off","floor":10,"key":"SMITH"},{"data":"Dark Embrace","floor":13,"key":"SMITH"},{"floor":15,"key":"REST"},{"data":"Body Slam","floor":23,"key":"SMITH"},{"floor":32,"key":"REST"}],"circlet_count":0,"master_deck":["AscendersBane","Strike_R","Defend_R","Defend_R+1","Defend_R+1","Defend_R+1","Bash","Blood for Blood+1","Headbutt+1","Hemokinesis","Evolve","Inflame","Shrug It Off+1","Dark Embrace+1","Fiend Fire","Body Slam+1","Dual Wield","Infernal Blade"],"relics":["Burning Blood","Ginger","Torii","Darkstone Periapt","Black Star","Lantern","War Paint","StrikeDummy"],"acts_visited":["Exordium","TheCity"],"potions_floor_usage":[8,16,21,24,28],"damage_taken":[{"damage":5,"enemies":"Small Slimes","floor":1,"turns":3},{"damage":1,"enemies":"Cultist","floor":3,"turns":3},{"damage":8,"enemies":"2 Louse","floor":4,"turns":3},{"damage":8,"enemies":"Gremlin Nob","floor":8,"turns":3},{"damage":3,"enemies":"Looter","floor":12,"turns":2},{"damage":68,"enemies":"The Guardian","floor":16,"turns":9},{"damage":16,"enemies":"Spheric Guardian","floor":18,"turns":6},{"damage":0,"enemies":"3 Byrds","floor":21,"turns":1},{"damage":31,"enemies":"Cultist and Chosen","floor":22,"turns":5},{"damage":44,"enemies":"Book of Stabbing","floor":24,"turns":5},{"damage":11,"enemies":"Snake Plant","floor":28,"turns":3},{"damage":17,"enemies":"Centurion and Healer","floor":29,"turns":4},{"damage":2,"enemies":"Collector","floor":33,"turns":2}],"seed_played":"-4691876494779960975","potions_obtained":[{"floor":1,"key":"FearPotion"},{"floor":2,"key":"Regen Potion"},{"floor":16,"key":"SmokeBomb"},{"floor":22,"key":"ColorlessPotion"},{"floor":24,"key":"DistilledChaos"}],"is_trial":false,"path_per_floor":["M","?","M","M","$","R","?","E","T","R","$","M","R","?","R","B",null,"M","?","?","M","M","R","E","$","T","?","M","M","$","?","R","B"],"character_chosen":"IRONCLAD","items_purchased":["Evolve","Dual Wield"],"campfire_rested":2,"item_purchase_floors":[5,25],"current_hp_per_floor":[51,51,56,54,54,54,54,52,52,52,52,55,55,32,54,21,62,52,52,52,58,33,33,9,9,9,24,19,8,8,8,30,28,28],"gold":45,"neow_bonus":"ONE_RARE_RELIC","is_daily":false,"chose_seed":false,"campfire_upgraded":4,"win_rate":0.0,"timestamp":1610589678,"path_taken":["M","?","M","?","$","R","?","E","T","R","?","M","R","?","R","BOSS","M","?","?","M","?","R","E","$","T","?","M","M","$","?","R","BOSS"],"items_purchased_type":["Card","Card"],"build_version":"2020-12-22","purchased_purges":2,"victory":false,"max_hp_per_floor":[75,75,75,75,75,75,75,75,75,75,75,75,75,75,75,75,75,75,75,75,75,75,75,75,75,75,75,75,75,75,75,75,75,75],"relic_stats":{"Darkstone Periapt":0,"Torii":37,"counters":[13,49],"Black Star":1,"Ginger":[6],"War Paint":["Defend_R","Defend_R"],"obtain_stats":[{"Darkstone Periapt":9,"Lantern":24,"Torii":8,"Black Star":17,"Ginger":0,"War Paint":24,"StrikeDummy":26,"Burning Blood":0},{"Darkstone Periapt":4,"Lantern":10,"Torii":4,"Black Star":6,"Ginger":0,"War Paint":10,"StrikeDummy":10,"Burning Blood":0},{"Darkstone Periapt":12,"Lantern":40,"Torii":12,"Black Star":23,"Ginger":0,"War Paint":40,"StrikeDummy":40,"Burning Blood":0}],"Burning Blood":72},"card_choices":[{"not_picked":["Shrug It Off","Wild Strike"],"picked":"Blood for Blood","floor":1},{"not_picked":["Burning Pact","Body Slam"],"picked":"Headbutt","floor":3},{"not_picked":["Wild Strike","Havoc"],"picked":"Hemokinesis","floor":4},{"not_picked":["Metallicize","Spot Weakness"],"picked":"Shrug It Off","floor":8},{"not_picked":["Armaments","Shrug It Off"],"picked":"Dark Embrace","floor":12},{"not_picked":["Brutality","Demon Form"],"picked":"Fiend Fire","floor":16},{"not_picked":["Cleave","Heavy Blade"],"picked":"Body Slam","floor":18},{"not_picked":["Pummel","Thunderclap","Warcry"],"picked":"SKIP","floor":22},{"not_picked":["Uppercut","Rampage","Metallicize"],"picked":"SKIP","floor":24},{"not_picked":["Evolve","Twin Strike"],"picked":"Infernal Blade","floor":28},{"not_picked":["Anger+1","Searing Blow","Body Slam+1"],"picked":"SKIP","floor":29}],"player_experience":338226,"relics_obtained":[{"floor":8,"key":"Torii"},{"floor":9,"key":"Darkstone Periapt"},{"floor":24,"key":"Lantern"},{"floor":24,"key":"War Paint"},{"floor":26,"key":"StrikeDummy"}],"event_choices":[{"damage_healed":0,"gold_gain":0,"player_choice":"Bought 1 Potion","damage_taken":0,"max_hp_gain":0,"max_hp_loss":0,"event_name":"The Woman in Blue","floor":2,"gold_loss":0},{"damage_healed":0,"gold_gain":0,"cards_transformed":["Strike_R"],"player_choice":"Transformed","damage_taken":0,"max_hp_gain":0,"max_hp_loss":0,"event_name":"Transmorgrifier","floor":7,"gold_loss":0,"cards_obtained":["Inflame"]},{"damage_healed":0,"gold_gain":0,"player_choice":"Entered Light","damage_taken":23,"max_hp_gain":0,"max_hp_loss":0,"event_name":"Shining Light","floor":14,"gold_loss":0,"cards_upgraded":["Headbutt","Defend_R"]},{"cards_removed":["Strike_R"],"damage_healed":0,"gold_gain":0,"player_choice":"Elegance","damage_taken":0,"max_hp_gain":0,"max_hp_loss":0,"event_name":"Back to Basics","floor":19,"gold_loss":0},{"damage_healed":0,"gold_gain":0,"player_choice":"0 cards matched","damage_taken":0,"max_hp_gain":0,"max_hp_loss":0,"event_name":"Match and Keep!","floor":20,"gold_loss":0,"cards_obtained":[]},{"damage_healed":15,"gold_gain":0,"player_choice":"Heal","damage_taken":0,"max_hp_gain":0,"max_hp_loss":0,"event_name":"The Library","floor":27,"gold_loss":0},{"damage_healed":0,"gold_gain":0,"player_choice":"Ignored","damage_taken":0,"max_hp_gain":0,"max_hp_loss":0,"event_name":"Ghosts","floor":31,"gold_loss":0}],"is_beta":false,"boss_relics":[{"not_picked":["Philosopher\u0027s Stone","SacredBark"],"picked":"Black Star"}],"items_purged_floors":[5,25],"is_endless":false,"potions_floor_spawned":[1,16,22,24],"killed_by":"Collector","ascension_level":18}}