{"host":"jwbw4f4imxd0v0b0","time":1610600978,"event":{"mods":["BaseMod","Colored Map","Highlight Path","Minty Spire (QoL Compilation)","Relic Stats","StSLib"],"gold_per_floor":[118,133,208,24,24,24,24,58,85,100,143,157,176,200,200,320,320,336,37,53,53,73,73,117,117,140,155,171,202,245,0,0,121,121,145,367,367,35,35,73,73,111,111,111,131,156,194,1,1,1],"floor_reached":51,"language":"ENG","playtime":2778,"items_purged":[],"score":1171,"play_id":"9ef509df-e7d8-42f9-8658-46252719ee53","local_time":"20210113230938","is_ascension_mode":true,"campfire_choices":[{"floor":6.0,"key":"REST"},{"data":"Bane","floor":15.0,"key":"SMITH"},{"floor":23.0,"key":"REST"},{"data":"Footwork","floor":25.0,"key":"SMITH"},{"floor":32.0,"key":"REST"},{"data":"Apotheosis","floor":41.0,"key":"SMITH"},{"data":"Bouncing Flask","floor":44.0,"key":"SMITH"},{"data":"Blade Dance","floor":49,"key":"SMITH"}],"circlet_count":0,"master_deck":["Strike_G","Strike_G","Defend_G","Defend_G","Defend_G","Defend_G","Defend_G","Survivor","Neutralize","Quick Slash","Deadly Poison","Leg Sweep","Poisoned Stab","Dodge and Roll","Blade Dance+1","Bane+1","Cloak And Dagger","Corpse Explosion","Blade Dance+1","PiercingWail","Footwork+1","Bouncing Flask+1","Acrobatics","Wraith Form v2+1","PiercingWail+1","Apotheosis+1","Envenom+1","Die Die Die+1","Terror+1","Expertise","Storm of Steel","Backflip+1","Calculated Gamble","Blade Dance+1","Leg Sweep"],"relics":["Ring of the Snake","TwistedFunnel","Golden Idol","White Beast Statue","Vajra","Strawberry","Philosopher\u0027s Stone","TungstenRod","Enchiridion","Art of War","Orichalcum","War Paint","Red Mask","Frozen Egg 2","Empty Cage","Anchor","Toy Ornithopter","PreservedInsect","Molten Egg 2","Bottled Flame","Shuriken","Orrery"],"acts_visited":["Exordium","TheCity","TheBeyond"],"potions_floor_usage":[47,50,50,50],"damage_taken":[{"damage":1.0,"enemies":"2 Louse","floor":1.0,"turns":3.0},{"damage":0.0,"enemies":"Small Slimes","floor":2.0,"turns":3.0},{"damage":34.0,"enemies":"Lagavulin","floor":8.0,"turns":9.0},{"damage":2.0,"enemies":"Jaw Worm","floor":10.0,"turns":4.0},{"damage":8.0,"enemies":"Gremlin Nob","floor":11.0,"turns":3.0},{"damage":0.0,"enemies":"Exordium Wildlife","floor":12.0,"turns":2.0},{"damage":0.0,"enemies":"2 Fungi Beasts","floor":13.0,"turns":3.0},{"damage":0.0,"enemies":"3 Louse","floor":14.0,"turns":2.0},{"damage":13.0,"enemies":"Slime Boss","floor":16.0,"turns":9.0},{"damage":22.0,"enemies":"Spheric Guardian","floor":18.0,"turns":4.0},{"damage":0.0,"enemies":"3 Byrds","floor":20.0,"turns":3.0},{"damage":0.0,"enemies":"3 Cultists","floor":22.0,"turns":2.0},{"damage":4.0,"enemies":"Gremlin Leader","floor":24.0,"turns":8.0},{"damage":0.0,"enemies":"Snake Plant","floor":27.0,"turns":4.0},{"damage":0.0,"enemies":"Snecko","floor":28.0,"turns":4.0},{"damage":13.0,"enemies":"Slavers","floor":29.0,"turns":4.0},{"damage":14.0,"enemies":"Masked Bandits","floor":30.0,"turns":4.0},{"damage":24.0,"enemies":"Champ","floor":33.0,"turns":11.0},{"damage":4.0,"enemies":"Orb Walker","floor":35.0,"turns":3.0},{"damage":0.0,"enemies":"Giant Head","floor":40.0,"turns":9.0},{"damage":3.0,"enemies":"Nemesis","floor":42.0,"turns":7.0},{"damage":0.0,"enemies":"3 Shapes","floor":45.0,"turns":2.0},{"damage":0.0,"enemies":"Sphere and 2 Shapes","floor":46.0,"turns":5.0},{"damage":0,"enemies":"Giant Head","floor":47,"turns":7},{"damage":22,"enemies":"Awakened One","floor":50,"turns":12}],"seed_played":"-304022290889391366","potions_obtained":[{"floor":10.0,"key":"DuplicationPotion"},{"floor":11.0,"key":"EssenceOfSteel"},{"floor":12.0,"key":"Dexterity Potion"},{"floor":13.0,"key":"Fire Potion"},{"floor":14.0,"key":"Ancient Potion"},{"floor":16.0,"key":"PowerPotion"},{"floor":20.0,"key":"Swift Potion"},{"floor":22.0,"key":"SmokeBomb"},{"floor":24.0,"key":"GhostInAJar"},{"floor":28.0,"key":"DistilledChaos"},{"floor":29.0,"key":"Strength Potion"},{"floor":33.0,"key":"ColorlessPotion"},{"floor":35.0,"key":"EssenceOfSteel"},{"floor":40.0,"key":"AttackPotion"},{"floor":42.0,"key":"DuplicationPotion"},{"floor":45.0,"key":"LiquidMemories"},{"floor":47,"key":"SteroidPotion"}],"is_trial":false,"path_per_floor":["M","M","?","$","?","R","$","E","T","M","E","M","M","M","R","B",null,"M","$","M","?","M","R","E","R","T","M","M","E","?","$","R","B",null,"M","?","T","$","?","E","R","E","T","R","M","M","E","$","R","B",null],"character_chosen":"THE_SILENT","items_purchased":["TwistedFunnel","Leg Sweep","TungstenRod","Frozen Egg 2","Toy Ornithopter","Apotheosis","Orrery","Dexterity Potion"],"campfire_rested":3,"item_purchase_floors":[4,4,19,31,38,38,48,48],"current_hp_per_floor":[69,69,58,58,39,62,62,28,28,26,25,25,25,25,25,12,66,44,44,44,32,32,57,53,53,53,53,53,40,26,26,51,27,70,66,66,66,66,66,76,76,73,73,73,73,73,78,78,78,71],"gold":1,"neow_bonus":"TEN_PERCENT_HP_BONUS","is_daily":false,"chose_seed":false,"campfire_upgraded":5,"win_rate":0.0,"timestamp":1610600978,"path_taken":["M","M","?","$","?","R","?","E","T","M","E","M","M","?","R","BOSS","M","$","M","?","M","R","E","R","T","M","M","E","?","$","R","BOSS","M","?","?","$","?","E","R","E","T","R","M","M","E","?","R","BOSS"],"items_purchased_type":["Relic","Card","Relic","Relic","Relic","Card","Relic","Potion"],"build_version":"2020-12-22","purchased_purges":0,"victory":true,"max_hp_per_floor":[77,77,77,77,77,77,77,77,77,77,84,84,84,84,84,84,84,84,84,84,84,84,84,84,84,84,84,84,84,84,84,84,84,84,84,84,84,84,84,84,84,84,84,84,84,84,84,84,84,84],"relic_stats":{"counters":[25,127],"Golden Idol":188,"Shuriken":[10],"PreservedInsect":180,"Art of War":[6],"Orichalcum":[54],"War Paint":["Blade Dance","Blade Dance"],"obtain_stats":[{"TwistedFunnel":4,"Golden Idol":5,"Vajra":9,"Enchiridion":21,"PreservedInsect":40,"Orichalcum":26,"War Paint":29,"Frozen Egg 2":31,"Empty Cage":34,"White Beast Statue":8,"Anchor":37,"Bottled Flame":43,"Shuriken":47,"Strawberry":11,"Orrery":48,"Philosopher\u0027s Stone":17,"Molten Egg 2":42,"Art of War":24,"Red Mask":30,"TungstenRod":19,"Toy Ornithopter":38,"Ring of the Snake":0},{"TwistedFunnel":2,"Golden Idol":2,"Vajra":3,"Enchiridion":11,"PreservedInsect":20,"Orichalcum":13,"War Paint":16,"Frozen Egg 2":17,"Empty Cage":18,"White Beast Statue":3,"Anchor":19,"Bottled Flame":21,"Shuriken":24,"Strawberry":5,"Orrery":24,"Philosopher\u0027s Stone":9,"Molten Egg 2":21,"Art of War":13,"Red Mask":17,"TungstenRod":10,"Toy Ornithopter":19,"Ring of the Snake":0},{"TwistedFunnel":6,"Golden Idol":6,"Vajra":15,"Enchiridion":45,"PreservedInsect":94,"Orichalcum":55,"War Paint":67,"Frozen Egg 2":71,"Empty Cage":82,"White Beast Statue":15,"Anchor":85,"Bottled Flame":101,"Shuriken":115,"Strawberry":22,"Orrery":115,"Philosopher\u0027s Stone":38,"Molten Egg 2":101,"Art of War":55,"Red Mask":71,"TungstenRod":42,"Toy Ornithopter":85,"Ring of the Snake":0}],"TungstenRod":22,"Toy Ornithopter":30,"Ring of the Snake":[50]},"card_choices":[{"not_picked":["Dodge and Roll","Calculated Gamble"],"picked":"Quick Slash","floor":1.0},{"not_picked":["Endless Agony","Dagger Throw"],"picked":"Deadly Poison","floor":2.0},{"not_picked":["Expertise","Blur"],"picked":"Poisoned Stab","floor":8.0},{"not_picked":["Sucker Punch","Distraction"],"picked":"Dodge and Roll","floor":10.0},{"not_picked":["Reflex","Dodge and Roll"],"picked":"Blade Dance","floor":11.0},{"not_picked":["Poisoned Stab","Prepared"],"picked":"Bane","floor":12.0},{"not_picked":["All Out Attack","Prepared"],"picked":"Cloak And Dagger","floor":13.0},{"not_picked":["All Out Attack","Prepared","Slice"],"picked":"SKIP","floor":14.0},{"not_picked":["Malaise","After Image"],"picked":"Corpse Explosion","floor":16.0},{"not_picked":["Prepared","Caltrops","Backstab"],"picked":"SKIP","floor":18.0},{"not_picked":["All Out Attack","Flying Knee"],"picked":"Blade Dance","floor":20.0},{"not_picked":["Backstab","Dagger Spray"],"picked":"PiercingWail","floor":22.0},{"not_picked":["Quick Slash","Deadly Poison+1"],"picked":"Footwork","floor":24.0},{"not_picked":["Quick Slash","Calculated Gamble","Prepared"],"picked":"SKIP","floor":27.0},{"not_picked":["Dagger Spray","Flying Knee+1","Eviscerate"],"picked":"SKIP","floor":28.0},{"not_picked":["Choke+1","Deadly Poison"],"picked":"Bouncing Flask","floor":29.0},{"not_picked":["Glass Knife","Flying Knee"],"picked":"Acrobatics","floor":30.0},{"not_picked":["Venomology","Corpse Explosion"],"picked":"Wraith Form v2+1","floor":33.0},{"not_picked":["Slice+1","Infinite Blades+1"],"picked":"PiercingWail+1","floor":35.0},{"not_picked":["Masterful Stab+1","Quick Slash"],"picked":"Envenom+1","floor":40.0},{"not_picked":["Dagger Throw+1","Flechettes+1"],"picked":"Die Die Die+1","floor":42.0},{"not_picked":["Tactician","Riddle With Holes+1"],"picked":"Terror+1","floor":45.0},{"not_picked":["Outmaneuver","Flying Knee+1"],"picked":"Expertise","floor":46.0},{"not_picked":["Prepared","Crippling Poison+1"],"picked":"Storm of Steel","floor":47},{"not_picked":["Deflect+1","Crippling Poison"],"picked":"Backflip+1","floor":48},{"not_picked":["Concentrate","Infinite Blades+1"],"picked":"Calculated Gamble","floor":48},{"not_picked":["Flying Knee+1","Deadly Poison"],"picked":"Blade Dance","floor":48},{"not_picked":["Dagger Throw+1","Prepared+1"],"picked":"Leg Sweep","floor":48}],"player_experience":1046659,"relics_obtained":[{"floor":8.0,"key":"White Beast Statue"},{"floor":9.0,"key":"Vajra"},{"floor":11.0,"key":"Strawberry"},{"floor":21.0,"key":"Enchiridion"},{"floor":24.0,"key":"Art of War"},{"floor":26.0,"key":"Orichalcum"},{"floor":29.0,"key":"War Paint"},{"floor":30.0,"key":"Red Mask"},{"floor":37.0,"key":"Anchor"},{"floor":40.0,"key":"PreservedInsect"},{"floor":42.0,"key":"Molten Egg 2"},{"floor":43.0,"key":"Bottled Flame"},{"floor":47,"key":"Shuriken"}],"event_choices":[{"damage_healed":0.0,"max_hp_gain":0.0,"max_hp_loss":0.0,"gold_gain":75.0,"event_name":"World of Goop","player_choice":"Gather Gold","floor":3.0,"gold_loss":0.0,"damage_taken":11.0},{"damage_healed":0.0,"max_hp_gain":0.0,"max_hp_loss":0.0,"gold_gain":0.0,"event_name":"Golden Idol","player_choice":"Take Damage","floor":5.0,"gold_loss":0.0,"damage_taken":19.0,"relics_obtained":["Golden Idol"]},{"damage_healed":0.0,"max_hp_gain":0.0,"max_hp_loss":0.0,"gold_gain":0.0,"event_name":"Cursed Tome","player_choice":"Obtained Book","floor":21.0,"gold_loss":0.0,"damage_taken":16.0},{"damage_healed":0.0,"max_hp_gain":0.0,"max_hp_loss":0.0,"gold_gain":0.0,"event_name":"Masked Bandits","player_choice":"Fought Bandits","floor":30.0,"gold_loss":0.0,"damage_taken":0.0},{"damage_healed":0.0,"max_hp_gain":0.0,"max_hp_loss":0.0,"gold_gain":222.0,"event_name":"Tomb of Lord Red Mask","player_choice":"Wore Mask","floor":36.0,"gold_loss":0.0,"damage_taken":0.0},{"cards_removed":["Strike_G"],"damage_healed":0.0,"max_hp_gain":0.0,"max_hp_loss":0.0,"gold_gain":0.0,"event_name":"Falling","player_choice":"Removed Attack","floor":39.0,"gold_loss":0.0,"damage_taken":0.0}],"is_beta":false,"boss_relics":[{"not_picked":["Tiny House","Calling Bell"],"picked":"Philosopher\u0027s Stone"},{"not_picked":["Velvet Choker","Snecko Eye"],"picked":"Empty Cage"}],"items_purged_floors":[],"is_endless":false,"potions_floor_spawned":[10,11,12,13,14,16,18,20,22,24,27,28,29,30,33,35,40,42,45,46,47],"ascension_level":8}}