{"host":"j6locglyv7e0c0tm","time":1610609660,"event":{"mods":["BaseMod","Better Altar","Better Match","Better Note","Better Sensory Stone","Better Skull","Better Third Choice","Better Vampires","BetterRewards","Card Forge","Colored Powertips","Custom Start","DeckTracker","Downfall","Googly Eyes","Hermit","Highlight Path","Jorbs\u0027s Wanderer Trilogy","Marked Mod","Minty Spire (QoL Compilation)","Relic Stats","Replay The Spire","Shade Mod","Shop Mod","StSLib","Swap Starting Deck Mod","The Runesmith","TheFirefly"],"gold_per_floor":[110,126,126,144,154,181,201,172,172,172,18,58,79,98,98,210,210,240,267,296,21,54,54,93,93,93,93,93,115,136,159,159,165,165],"floor_reached":33,"language":"ENG","playtime":1544,"items_purged":["Strike_P"],"score":283,"play_id":"043b038b-0262-4c19-988e-bb9311dd9382","local_time":"20210114183420","is_ascension_mode":false,"campfire_choices":[{"floor":15,"key":"REST"},{"floor":23,"key":"REST"},{"floor":27,"key":"REST"},{"floor":32,"key":"RECALL"}],"circlet_count":0,"master_deck":["Strike_P","Strike_P","Strike_P","Defend_P","Defend_P","Defend_P","Defend_P","Vigilance","FlyingSleeves","EmptyBody","InnerPeace+1","PathToVictory+1","MarkedMod:FirstStrike","Judgement","MarkedMod:PinPointDefense","ConjureBlade","MarkedMod:FirstStrike","PathToVictory","Protect+1"],"relics":["PureWater","Hammer of Thor","Seething Fire","Anvil of the Gods","NeowsBlessing","Replay:Bandana","betterThird:SlimedRelic","Akabeko","Omamori","Busted Crown","Dream Catcher","Gremlin Horn","Ginger"],"acts_visited":["Exordium","TheCity"],"potions_floor_usage":[6,14,16,22,22,33,33],"damage_taken":[{"damage":0,"enemies":"2 Louse","floor":1,"turns":1},{"damage":0,"enemies":"Small Slimes","floor":2,"turns":2},{"damage":0,"enemies":"Cultist","floor":4,"turns":1},{"damage":0,"enemies":"Gremlin Gang","floor":5,"turns":6},{"damage":21,"enemies":"Gremlin Nob","floor":6,"turns":4},{"damage":0,"enemies":"Red Slaver","floor":7,"turns":3},{"damage":34,"enemies":"Lagavulin","floor":12,"turns":7},{"damage":0,"enemies":"Lots of Slimes","floor":13,"turns":4},{"damage":2,"enemies":"Blue Slaver","floor":14,"turns":3},{"damage":17,"enemies":"The Guardian","floor":16,"turns":11},{"damage":15,"enemies":"Spheric Guardian","floor":18,"turns":4},{"damage":0,"enemies":"3 Byrds","floor":19,"turns":4},{"damage":8,"enemies":"Centurion and Healer","floor":20,"turns":6},{"damage":18,"enemies":"Snecko","floor":22,"turns":4},{"damage":32,"enemies":"Gremlin Leader","floor":24,"turns":5},{"damage":0,"enemies":"Chosen and Byrds","floor":29,"turns":5},{"damage":13,"enemies":"Snake Plant","floor":30,"turns":4},{"damage":0,"enemies":"3 Cultists","floor":31,"turns":5},{"damage":41,"enemies":"Collector","floor":33,"turns":6}],"seed_played":"-6540877207052138083","potions_obtained":[{"floor":2,"key":"SteroidPotion"},{"floor":4,"key":"Swift Potion"},{"floor":7,"key":"Elixir"},{"floor":12,"key":"ColorlessPotion"},{"floor":13,"key":"Flashbang"},{"floor":19,"key":"champ:CounterPotion"},{"floor":20,"key":"PowerPotion"},{"floor":29,"key":"champ:CounterPotion"}],"is_trial":false,"path_per_floor":["M","M","?","M","M","E","M","?","T","?","$","E","M","M","R","B",null,"M","M","M","$","M","R","E","$","T","R","$","M","M","M","R","B"],"character_chosen":"WATCHER","items_purchased":["Akabeko","PathToVictory","Dream Catcher"],"campfire_rested":3,"item_purchase_floors":[11,21,21],"current_hp_per_floor":[72,72,72,72,72,51,51,40,40,40,40,6,6,4,25,8,72,57,57,49,49,31,52,20,20,20,41,41,41,28,28,28,0,0],"gold":165,"neow_bonus":"THREE_ENEMY_KILL","is_daily":false,"chose_seed":false,"campfire_upgraded":0,"win_rate":0.0,"timestamp":1610609660,"path_taken":["M","M","?","M","M","E","M","?","T","?","?","E","?","M","R","BOSS","M","?","M","$","M","R","E","?","T","R","$","M","M","?","R","BOSS"],"items_purchased_type":["Relic","Card","Relic"],"build_version":"2020-12-22","purchased_purges":1,"victory":false,"max_hp_per_floor":[72,72,72,72,72,72,72,72,72,72,72,72,72,72,72,72,72,72,72,72,72,72,72,72,72,72,72,72,72,72,72,72,72,72],"relic_stats":{"Dream Catcher":2,"Busted Crown":20,"Gremlin Horn":[5,5],"counters":[19,85],"Ginger":[5],"obtain_stats":[{"NeowsBlessing":0,"Gremlin Horn":24,"Hammer of Thor":0,"Omamori":12,"Seething Fire":0,"Ginger":26,"Akabeko":11,"Replay:Bandana":6,"Dream Catcher":21,"Busted Crown":17,"Anvil of the Gods":0,"betterThird:SlimedRelic":8,"PureWater":0},{"NeowsBlessing":0,"Gremlin Horn":15,"Hammer of Thor":0,"Omamori":7,"Seething Fire":0,"Ginger":15,"Akabeko":6,"Replay:Bandana":5,"Dream Catcher":13,"Busted Crown":10,"Anvil of the Gods":0,"betterThird:SlimedRelic":6,"PureWater":0},{"NeowsBlessing":0,"Gremlin Horn":65,"Hammer of Thor":0,"Omamori":24,"Seething Fire":0,"Ginger":65,"Akabeko":17,"Replay:Bandana":14,"Dream Catcher":56,"Busted Crown":42,"Anvil of the Gods":0,"betterThird:SlimedRelic":17,"PureWater":0}]},"card_choices":[{"not_picked":["Halt","WaveOfTheHand"],"picked":"FlyingSleeves","floor":1},{"not_picked":["Fasting2","Replay:AtTheReady"],"picked":"EmptyBody","floor":2},{"not_picked":["MarkedMod:FirstStrike","JustLucky"],"picked":"PathToVictory","floor":4},{"not_picked":["Halt","SashWhip"],"picked":"MarkedMod:FirstStrike","floor":5},{"not_picked":["ClearTheMind","Prostrate"],"picked":"Judgement","floor":6},{"not_picked":["Sanctity","LikeWater"],"picked":"MarkedMod:PinPointDefense","floor":7},{"not_picked":["EmptyMind","FollowUp","Crescendo"],"picked":"SKIP","floor":12},{"not_picked":["Vengeance","Crescendo","SashWhip"],"picked":"SKIP","floor":13},{"not_picked":["Consecrate","ForeignInfluence","SashWhip"],"picked":"SKIP","floor":14},{"not_picked":["Replay:AllIn","Omniscience"],"picked":"ConjureBlade","floor":16},{"not_picked":[],"picked":"MarkedMod:FirstStrike","floor":18},{"not_picked":["Crescendo"],"picked":"SKIP","floor":19},{"not_picked":["Replay:Anticipation"],"picked":"SKIP","floor":20},{"not_picked":["Indignation"],"picked":"SKIP","floor":22},{"not_picked":["EmptyMind"],"picked":"SKIP","floor":24},{"not_picked":[],"picked":"Protect+1","floor":27},{"not_picked":["ForeignInfluence"],"picked":"SKIP","floor":29},{"not_picked":["CrushJoints+1"],"picked":"SKIP","floor":30},{"not_picked":["Replay:DivineShield"],"picked":"SKIP","floor":31}],"player_experience":814113,"relics_obtained":[{"floor":6,"key":"Replay:Bandana"},{"floor":12,"key":"Omamori"},{"floor":24,"key":"Gremlin Horn"},{"floor":26,"key":"Ginger"}],"event_choices":[{"damage_healed":0,"gold_gain":0,"player_choice":"Slimed","damage_taken":11,"max_hp_gain":0,"max_hp_loss":0,"event_name":"betterThird:BetterGoop","floor":8,"gold_loss":29},{"damage_healed":0,"gold_gain":0,"player_choice":"Grow","damage_taken":0,"max_hp_gain":0,"max_hp_loss":0,"event_name":"Living Wall","floor":10,"gold_loss":0,"cards_upgraded":["PathToVictory"]}],"is_beta":false,"boss_relics":[{"not_picked":["VioletLotus","ChewingGum"],"picked":"Busted Crown"}],"items_purged_floors":[21],"is_endless":false,"potions_floor_spawned":[2,4,7,12,13,19,20,29],"killed_by":"Collector","ascension_level":0}}