{"host":"5padt50u07xd1iby","time":1610621483,"event":{"mods":["AchievementEnabler","Aspiration","BaseMod","Colored Map","Colored Powertips","Conspire","Dark Map","Downfall","Hubris","Minty Spire (QoL Compilation)","Replay The Spire","Retaliation","Shop Mod","StSLib","SuperFastMode","The Blue Laboratory","everything is the same but u backflip on backflip"],"gold_per_floor":[112,112,131,145,64,89,102,137,184,194,194,213,228,228,228,323,323,338,353,364,382,307,307,332,332,332,91,123,135,155,105,105,105,105],"floor_reached":33,"language":"ENG","playtime":2824,"items_purged":["JustLucky"],"score":301,"play_id":"933cd648-3345-45bf-a541-85001feb128f","local_time":"20210114115123","is_ascension_mode":false,"campfire_choices":[{"floor":11,"key":"REST"},{"floor":15,"key":"DIG"},{"floor":23,"key":"REST"},{"floor":25,"key":"REST"},{"floor":32,"key":"REST"}],"circlet_count":0,"master_deck":["Strike_P","Strike_P","Defend_P","Defend_P+1","Defend_P","Eruption","Vigilance","Vengeance","Iron Wave","Tantrum","FlurryOfBlows","Adaptation","Study","DeceiveReality","FollowUp","Consecrate","Replay:LoomingThreat","Replay:LoomingThreat","CutThroughFate+1","FlyingSleeves+1","ReachHeaven+1","FearNoEvil","Crescendo+1","CutThroughFate+1","Replay:AllIn","FlyingSleeves+1"],"relics":["PureWater","Smiling Mask","Regal Pillow","hubris:SlimyHat","FaceOfCleric","ReplayFunnel","Sozu","ReplayTheSpireMod:TigerMarble","Meat on the Bone","Replay:Bottled Flurry","Gremlin Food"],"acts_visited":["Exordium","TheCity"],"potions_floor_usage":[16,16,33,33],"damage_taken":[{"damage":2,"enemies":"Jaw Worm","floor":1,"turns":4},{"damage":0,"enemies":"Cultist","floor":3,"turns":2},{"damage":0,"enemies":"Small Slimes","floor":4,"turns":2},{"damage":18,"enemies":"Lagavulin","floor":6,"turns":7},{"damage":0,"enemies":"2 Fungi Beasts","floor":7,"turns":3},{"damage":5,"enemies":"Replay:BlueRogue","floor":8,"turns":7},{"damage":6,"enemies":"Lots of Slimes","floor":10,"turns":3},{"damage":7,"enemies":"Exordium Wildlife","floor":12,"turns":3},{"damage":6,"enemies":"Exordium Thugs","floor":13,"turns":3},{"damage":50,"enemies":"Hexaghost","floor":16,"turns":8},{"damage":12,"enemies":"Spheric Guardian","floor":18,"turns":4},{"damage":1,"enemies":"Chosen","floor":19,"turns":3},{"damage":14,"enemies":"3 Cultists","floor":20,"turns":4},{"damage":8,"enemies":"Sentry and Sphere","floor":21,"turns":4},{"damage":47,"enemies":"Slavers","floor":24,"turns":6},{"damage":19,"enemies":"Book of Stabbing","floor":28,"turns":4},{"damage":40,"enemies":"Snecko","floor":29,"turns":5},{"damage":10,"enemies":"Chosen and Byrds","floor":30,"turns":3},{"damage":80,"enemies":"Champ","floor":33,"turns":7}],"seed_played":"-8398698200633575158","potions_obtained":[{"floor":4,"key":"PowerPotion"},{"floor":6,"key":"BottledMiracle"},{"floor":10,"key":"Block Potion"},{"floor":16,"key":"blueLaboratory:Moonshine"}],"is_trial":false,"path_per_floor":["M","?","M","M","$","E","M","E","T","M","R","M","M","?","R_BF","B",null,"M","M","M","M","?","R","E","R","T","$","E","M","M","$","R","B"],"character_chosen":"WATCHER","items_purchased":["Adaptation","Replay:Bottled Flurry"],"campfire_rested":4,"item_purchase_floors":[5,27],"current_hp_per_floor":[70,70,70,70,70,52,52,47,47,41,72,65,59,59,59,10,73,62,62,49,42,42,77,31,69,69,69,51,24,27,27,66,0,0],"gold":105,"neow_bonus":"RANDOM_EVENT","is_daily":false,"chose_seed":false,"campfire_upgraded":0,"win_rate":0.0,"timestamp":1610621483,"path_taken":["M","?","M","?","?","E","M","E","T","M","R","M","M","?","R_BF","BOSS","M","?","M","M","?","R","E","R","T","?","E","M","M","$","R","BOSS"],"items_purchased_type":["Card","Relic"],"build_version":"2020-12-22","purchased_purges":1,"victory":false,"max_hp_per_floor":[72,72,72,72,72,72,72,72,72,72,72,72,72,72,72,73,73,74,75,76,77,77,77,78,78,78,78,79,80,81,81,81,81,81],"card_choices":[{"not_picked":["Consecrate","SignatureMove"],"picked":"Vengeance","floor":1},{"not_picked":["ClearTheMind","Replay:Hum"],"picked":"Tantrum","floor":3},{"not_picked":["Replay:ManipulateFuture","Replay:Battleflow"],"picked":"FlurryOfBlows","floor":4},{"not_picked":["WindmillStrike","Crescendo"],"picked":"Study","floor":6},{"not_picked":["Replay:AtTheReady","ReachHeaven"],"picked":"DeceiveReality","floor":7},{"not_picked":["Fasting2","SashWhip"],"picked":"FollowUp","floor":8},{"not_picked":["SashWhip","FlyingSleeves"],"picked":"Consecrate","floor":10},{"not_picked":["Replay:Battleflow","Consecrate"],"picked":"JustLucky","floor":12},{"not_picked":["ClearTheMind","FlyingSleeves"],"picked":"Replay:LoomingThreat","floor":13},{"not_picked":["ConjureBlade","Scrawl"],"picked":"Replay:LoomingThreat","floor":16},{"not_picked":["InnerPeace","Replay:ManipulateFuture"],"picked":"CutThroughFate+1","floor":18},{"not_picked":["Evaluate","WaveOfTheHand"],"picked":"FlyingSleeves+1","floor":19},{"not_picked":["Indignation","Halt"],"picked":"ReachHeaven+1","floor":20},{"not_picked":["Replay:Vibes","Pray"],"picked":"FearNoEvil","floor":21},{"not_picked":["FollowUp","Evaluate"],"picked":"Crescendo+1","floor":24},{"not_picked":["WaveOfTheHand","ThirdEye"],"picked":"CutThroughFate+1","floor":28},{"not_picked":["Meditate","Indignation"],"picked":"Replay:AllIn","floor":29},{"not_picked":["Replay:BluntJabs","Crescendo+1"],"picked":"FlyingSleeves+1","floor":30}],"player_experience":98524,"relics_obtained":[{"floor":6,"key":"Smiling Mask"},{"floor":8,"key":"Regal Pillow"},{"floor":9,"key":"hubris:SlimyHat"},{"floor":15,"key":"ReplayFunnel"},{"floor":24,"key":"ReplayTheSpireMod:TigerMarble"},{"floor":26,"key":"Meat on the Bone"},{"floor":28,"key":"Gremlin Food"}],"event_choices":[{"cards_removed":["Defend_P"],"damage_healed":0,"gold_gain":0,"player_choice":"Took Card","damage_taken":0,"max_hp_gain":0,"max_hp_loss":0,"event_name":"NoteForYourself","floor":2,"gold_loss":0,"cards_obtained":["Iron Wave"]},{"damage_healed":0,"gold_gain":0,"player_choice":"Trade","damage_taken":0,"relics_obtained":["FaceOfCleric"],"max_hp_gain":0,"max_hp_loss":0,"event_name":"FaceTrader","floor":14,"gold_loss":0},{"cards_removed":["Strike_P"],"damage_healed":0,"gold_gain":0,"player_choice":"Gave Gold","damage_taken":0,"max_hp_gain":0,"max_hp_loss":0,"event_name":"Beggar","floor":22,"gold_loss":75}],"is_beta":false,"boss_relics":[{"not_picked":["hubris:Stopwatch","Replay:Bronze Core"],"picked":"Sozu"}],"items_purged_floors":[31],"is_endless":false,"potions_floor_spawned":[4,6,10,16,19,20,24,30],"killed_by":"Champ","ascension_level":0}}