{"host":"vex7walpoxzv48nx","time":1610638902,"event":{"mods":["BaseMod","Highlight Path","Minty Spire (QoL Compilation)","Permanent Neow","Quick Restart","Relic Stats"],"gold_per_floor":[115,115,131,149,167,199,199,224,224,224,224,12,72,72,72,72,72],"floor_reached":16,"language":"ENG","playtime":1513,"items_purged":[],"score":110,"play_id":"53c1c9bb-cad6-4307-9620-1c2301a24a5d","local_time":"20210114164142","is_ascension_mode":false,"campfire_choices":[{"data":"Dagger Spray","floor":7.0,"key":"SMITH"},{"floor":10.0,"key":"REST"},{"floor":15,"key":"REST"}],"circlet_count":0,"master_deck":["Strike_G","Strike_G","Strike_G","Strike_G","Strike_G","Defend_G","Defend_G","Defend_G","Defend_G","Survivor","Neutralize+1","Finesse","Quick Slash+1","Backflip","Dagger Spray+1","Terror","Dodge and Roll","HandOfGreed","Infinite Blades","Dash"],"relics":["Ring of the Snake","Blood Vial","Darkstone Periapt","WingedGreaves"],"acts_visited":["Exordium"],"potions_floor_usage":[],"damage_taken":[{"damage":0.0,"enemies":"Small Slimes","floor":1.0,"turns":5.0},{"damage":0.0,"enemies":"Cultist","floor":3.0,"turns":3.0},{"damage":0.0,"enemies":"2 Louse","floor":4.0,"turns":3.0},{"damage":2.0,"enemies":"Looter","floor":5.0,"turns":4.0},{"damage":23.0,"enemies":"3 Sentries","floor":6.0,"turns":8.0},{"damage":29.0,"enemies":"Gremlin Nob","floor":8.0,"turns":6.0},{"damage":9,"enemies":"2 Fungi Beasts","floor":13,"turns":5},{"damage":0,"enemies":"Slime Boss","floor":16,"turns":6}],"seed_played":"-6226607545657077504","potions_obtained":[{"floor":1.0,"key":"DuplicationPotion"},{"floor":6.0,"key":"Fruit Juice"},{"floor":13,"key":"Poison Potion"}],"is_trial":false,"path_per_floor":["M","?","M","M","M","E","R","E","T","R","?","$","M","?","R","B"],"character_chosen":"THE_SILENT","items_purchased":["HandOfGreed","Infinite Blades"],"campfire_rested":2,"item_purchase_floors":[12,12],"current_hp_per_floor":[70,70,70,70,68,45,45,18,18,45,45,45,38,31,53,55,55],"gold":72,"neow_bonus":"RANDOM_COLORLESS","is_daily":false,"chose_seed":false,"campfire_upgraded":1,"win_rate":0.0,"timestamp":1610638902,"path_taken":["M","?","?","M","M","E","R","E","T","R","?","$","M","?","R","BOSS"],"items_purchased_type":["Card","Card"],"build_version":"2020-12-22","purchased_purges":0,"victory":false,"max_hp_per_floor":[70,70,70,70,70,70,70,70,70,75,75,75,75,75,75,75,75],"relic_stats":{"Blood Vial":6,"Darkstone Periapt":0,"counters":[8,40],"obtain_stats":[{"Blood Vial":6,"Darkstone Periapt":8,"WingedGreaves":9,"Ring of the Snake":0},{"Blood Vial":5,"Darkstone Periapt":6,"WingedGreaves":6,"Ring of the Snake":0},{"Blood Vial":23,"Darkstone Periapt":29,"WingedGreaves":29,"Ring of the Snake":0}],"Ring of the Snake":[16]},"card_choices":[{"not_picked":["Forethought","Swift Strike"],"picked":"Finesse","floor":0.0},{"not_picked":["Bane","PiercingWail"],"picked":"Quick Slash","floor":1.0},{"not_picked":["Deflect","Expertise"],"picked":"Backflip","floor":3.0},{"not_picked":["Bane","Riddle With Holes"],"picked":"Dagger Spray","floor":4.0},{"not_picked":["Deflect","Endless Agony"],"picked":"Terror","floor":5.0},{"not_picked":["Predator","Heel Hook"],"picked":"Dodge and Roll","floor":6.0},{"not_picked":["Bane","Underhanded Strike","Distraction"],"picked":"SKIP","floor":8.0},{"not_picked":["Expertise","Riddle With Holes"],"picked":"Dash","floor":13}],"player_experience":117312,"relics_obtained":[{"floor":6.0,"key":"Blood Vial"},{"floor":8.0,"key":"Darkstone Periapt"},{"floor":9.0,"key":"WingedGreaves"}],"event_choices":[{"damage_healed":0.0,"max_hp_gain":0.0,"max_hp_loss":0.0,"gold_gain":0.0,"event_name":"Upgrade Shrine","player_choice":"Upgraded","floor":2.0,"gold_loss":0.0,"damage_taken":0.0,"cards_upgraded":["Neutralize"]},{"damage_healed":0.0,"max_hp_gain":0.0,"max_hp_loss":0.0,"gold_gain":0.0,"event_name":"Living Wall","player_choice":"Grow","floor":11.0,"gold_loss":0.0,"damage_taken":0.0,"cards_upgraded":["Quick Slash"]},{"cards_removed":["Defend_G"],"damage_healed":0,"gold_gain":0,"player_choice":"Card Removal","damage_taken":7,"max_hp_gain":0,"max_hp_loss":0,"event_name":"Golden Wing","floor":14,"gold_loss":0}],"is_beta":false,"boss_relics":[],"items_purged_floors":[],"is_endless":false,"potions_floor_spawned":[1,6,13],"killed_by":"Slime Boss","ascension_level":0}}