{"host":"5dk97cf2ubw2v967","time":1610655846,"event":{"mods":["BaseMod","Better Altar","Better Vampires","Block Reminder","Colored Powertips","Downfall","Googly Eyes","Highlight Path","Minty Spire (QoL Compilation)","Permanent Neow","Potion Indicator Mod","Quick Restart","Relic Filter","Relic Stats","Say the Spire","Spicy Shops","StSLib","Waifu the Spire","everything is the same but u backflip on backflip"],"gold_per_floor":[118,133,208,358,358,358,358,394,394,427,427,104,123,144,144,237,237,251,276,295,295,307,355,367,415,427,439,439],"floor_reached":27,"language":"ENG","playtime":1329,"items_purged":["Doubt"],"score":518,"play_id":"3a5aa75b-6d71-4adb-96c5-182de6792338","local_time":"20210114202406","is_ascension_mode":true,"campfire_choices":[{"data":"Skewer","floor":6,"key":"SMITH"},{"floor":11,"key":"REST"},{"data":"Cloak And Dagger","floor":15,"key":"SMITH"},{"floor":24,"key":"REST"}],"circlet_count":0,"master_deck":["AscendersBane","Strike_G","Strike_G","Strike_G+1","Strike_G","Strike_G","Defend_G","Defend_G","Defend_G+1","Defend_G","Defend_G","Survivor","Neutralize","CurseOfTheBell","Dodge and Roll","Skewer+1","Malaise","Heel Hook","Footwork","Terror","Cloak And Dagger+1","Storm of Steel","Dagger Spray","Writhe","Backstab"],"relics":["Calling Bell","Bronze Scales","Pantograph","Pocketwatch","Golden Idol","Paper Crane","Shuriken","InkBottle","PreservedInsect","WristBlade","MawBank","Orichalcum","Bottled Lightning","Art of War","Lantern"],"acts_visited":["Exordium","TheCity"],"potions_floor_usage":[8,10,16,20,20,27,27],"damage_taken":[{"damage":2,"enemies":"2 Louse","floor":1,"turns":3},{"damage":3,"enemies":"Small Slimes","floor":2,"turns":4},{"damage":16,"enemies":"3 Sentries","floor":8,"turns":10},{"damage":8,"enemies":"Lagavulin","floor":10,"turns":8},{"damage":1,"enemies":"Cultist","floor":13,"turns":4},{"damage":0,"enemies":"Looter","floor":14,"turns":3},{"damage":12,"enemies":"The Guardian","floor":16,"turns":9},{"damage":0,"enemies":"Chosen","floor":18,"turns":2},{"damage":9,"enemies":"Shell Parasite","floor":19,"turns":5},{"damage":22,"enemies":"Shelled Parasite and Fungi","floor":20,"turns":3},{"damage":4,"enemies":"Gremlin Leader","floor":23,"turns":6},{"damage":32,"enemies":"Slavers","floor":25,"turns":4},{"damage":5,"enemies":"Sentry and Sphere","floor":27,"turns":2}],"seed_played":"-966872906139389855","potions_obtained":[{"floor":2,"key":"Swift Potion"},{"floor":8,"key":"LiquidMemories"},{"floor":13,"key":"PowerPotion"},{"floor":14,"key":"Poison Potion"},{"floor":16,"key":"Swift Potion"},{"floor":19,"key":"Poison Potion"},{"floor":20,"key":"champ:CounterPotion"},{"floor":25,"key":"EntropicBrew"}],"is_trial":false,"path_per_floor":["M","M","?","?","?","R","?","E","T","E","R","$","M","M","R","B",null,"M","M","M","?","?","E","R","E","T","M"],"character_chosen":"THE_SILENT","items_purchased":["Footwork","PreservedInsect"],"campfire_rested":2,"item_purchase_floors":[12,12],"current_hp_per_floor":[57,54,43,43,43,43,25,9,9,1,19,19,18,18,18,31,53,53,44,22,22,22,18,36,4,4,0,0],"gold":439,"neow_bonus":"BOSS_RELIC","is_daily":false,"chose_seed":false,"campfire_upgraded":2,"win_rate":0.0,"timestamp":1610655846,"path_taken":["M","M","?","?","?","R","?","E","T","E","R","?","?","M","R","BOSS","M","M","M","?","?","E","R","E","T","M"],"items_purchased_type":["Card","Relic"],"build_version":"2020-12-22","purchased_purges":1,"victory":false,"max_hp_per_floor":[66,66,66,66,60,60,60,60,60,60,60,60,60,60,60,60,60,60,60,60,60,60,60,60,60,60,60,60],"relic_stats":{"counters":[13,63],"Golden Idol":67,"Shuriken":[23],"Bronze Scales":[148],"Pantograph":25,"PreservedInsect":88,"Art of War":[0],"Orichalcum":[36],"MawBank":72,"obtain_stats":[{"Lantern":26,"Golden Idol":5,"PreservedInsect":12,"Paper Crane":8,"Orichalcum":22,"MawBank":21,"Calling Bell":0,"WristBlade":17,"Shuriken":9,"Bronze Scales":0,"Pantograph":0,"Art of War":25,"Bottled Lightning":23,"InkBottle":10,"Ring of the Snake":0,"Pocketwatch":0},{"Lantern":12,"Golden Idol":2,"PreservedInsect":4,"Paper Crane":3,"Orichalcum":10,"MawBank":10,"Calling Bell":0,"WristBlade":7,"Shuriken":3,"Bronze Scales":0,"Pantograph":0,"Art of War":12,"Bottled Lightning":11,"InkBottle":4,"Ring of the Snake":0,"Pocketwatch":0},{"Lantern":61,"Golden Idol":7,"PreservedInsect":25,"Paper Crane":17,"Orichalcum":51,"MawBank":51,"Calling Bell":0,"WristBlade":41,"Shuriken":17,"Bronze Scales":0,"Pantograph":0,"Art of War":61,"Bottled Lightning":57,"InkBottle":25,"Ring of the Snake":0,"Pocketwatch":0}],"InkBottle":[13],"Pocketwatch":[96]},"card_choices":[{"not_picked":["Acrobatics","Tactician"],"picked":"Dodge and Roll","floor":1},{"not_picked":["Deflect","Prepared"],"picked":"Skewer","floor":2},{"not_picked":["Choke","Bane"],"picked":"Malaise","floor":8},{"not_picked":["Backflip","Crippling Poison"],"picked":"Heel Hook","floor":10},{"not_picked":["Tactician","Crippling Poison"],"picked":"Terror","floor":13},{"not_picked":["Quick Slash","Poisoned Stab"],"picked":"Cloak And Dagger","floor":14},{"not_picked":["Die Die Die","Grand Finale"],"picked":"Storm of Steel","floor":16},{"not_picked":["Underhanded Strike","Deadly Poison","Setup"],"picked":"SKIP","floor":18},{"not_picked":["Bane","Dagger Throw","Underhanded Strike"],"picked":"SKIP","floor":19},{"not_picked":["Dagger Throw","PiercingWail"],"picked":"Dagger Spray","floor":20},{"not_picked":["Tactician","Escape Plan"],"picked":"Backstab","floor":23},{"not_picked":["Underhanded Strike","Catalyst","Phantasmal Killer"],"picked":"SKIP","floor":25}],"player_experience":1159802,"relics_obtained":[{"floor":0,"key":"Bronze Scales"},{"floor":0,"key":"Pantograph"},{"floor":0,"key":"Pocketwatch"},{"floor":8,"key":"Paper Crane"},{"floor":9,"key":"Shuriken"},{"floor":10,"key":"InkBottle"},{"floor":23,"key":"Bottled Lightning"},{"floor":25,"key":"Art of War"},{"floor":26,"key":"Lantern"}],"event_choices":[{"damage_healed":0,"gold_gain":75,"player_choice":"Gather Gold","damage_taken":11,"max_hp_gain":0,"max_hp_loss":0,"event_name":"World of Goop","floor":3,"gold_loss":0},{"damage_healed":0,"gold_gain":150,"player_choice":"AGREE","damage_taken":0,"max_hp_gain":0,"max_hp_loss":0,"event_name":"Liars Game","floor":4,"gold_loss":0,"cards_obtained":["Doubt"]},{"damage_healed":0,"gold_gain":0,"player_choice":"Lose Max HP","damage_taken":0,"relics_obtained":["Golden Idol"],"max_hp_gain":0,"max_hp_loss":6,"event_name":"Golden Idol","floor":5,"gold_loss":0},{"damage_healed":0,"gold_gain":0,"player_choice":"Entered Light","damage_taken":18,"max_hp_gain":0,"max_hp_loss":0,"event_name":"Shining Light","floor":7,"gold_loss":0,"cards_upgraded":["Strike_G","Defend_G"]},{"damage_healed":0,"gold_gain":0,"player_choice":"Opened","damage_taken":0,"relics_obtained":["MawBank"],"max_hp_gain":0,"max_hp_loss":0,"event_name":"The Mausoleum","floor":21,"gold_loss":0,"cards_obtained":["Writhe"]},{"damage_healed":0,"gold_gain":0,"player_choice":"Gave Potion","damage_taken":0,"relics_obtained":["Orichalcum"],"max_hp_gain":0,"max_hp_loss":0,"event_name":"WeMeetAgain","floor":22,"gold_loss":0}],"is_beta":false,"boss_relics":[{"not_picked":["Astrolabe","Runic Dome"],"picked":"WristBlade"}],"items_purged_floors":[12],"is_endless":false,"potions_floor_spawned":[2,8,13,14,16,19,20,25],"killed_by":"Sentry and Sphere","ascension_level":20}}