{"host":"1pwde2j81wdvsae3","time":1610599936,"event":{"mods":["BaseMod","Minty Spire (QoL Compilation)","Replay The Spire","Shop Mod","StSLib"],"gold_per_floor":[116,116,86,102,190,190,223,223,223,240,251,251,267,280,280,380,380,380,305,305,245,245,245,245,245,245,245,245,245,245,6,6,6,6,6,0,0,0,0,0,0,0,0,0,0,0,0,0,0,0],"floor_reached":51,"language":"ZHS","playtime":2288,"items_purged":[],"score":1232,"play_id":"cb71ef01-8313-4042-a892-a5ad09e36934","local_time":"20210114125216","is_ascension_mode":true,"campfire_choices":[{"data":"Perfected Strike","floor":6.0,"key":"SMITH"},{"data":"Armaments","floor":8.0,"key":"SMITH"},{"floor":12.0,"key":"DIG"},{"data":"True Grit","floor":15.0,"key":"SMITH"},{"floor":30.0,"key":"DIG"},{"data":"Feed","floor":41.0,"key":"SMITH"},{"floor":45,"key":"REST"},{"data":"Life Link","floor":47,"key":"SMITH"}],"circlet_count":0,"master_deck":["AscendersBane","Strike_R","Strike_R","Strike_R","Defend_R","Defend_R","Defend_R","Defend_R","Bash","Perfected Strike+1","Bloodletting+1","Wild Strike","Armaments+1","True Grit+1","Impervious+1","Wild Strike+1","Ghostly Armor+1","Cleave","Feed+1","Flex+1","Panacea+1","Iron Wave+1","Offering+1","Bash","Seeing Red+1","Disarm+1","Run Through+1","Pummel","Defy Death+1","Havoc+1","ReplayTheSpireMod:Muscle Training+1","Dark Embrace+1","Shrug It Off+1","Corruption+1","CurseOfTheBell","Twin Strike+1","Pommel Strike+1","Flex+1","Exhume+1","Life Link+1","Twin Strike"],"relics":["Burning Blood","ReplayFunnel","Toxic Egg 2","Replay:Multitool","Replay:Towering Pillar of Hats","Ectoplasm","Bottled Lightning","Red Skull","Another Sword","Peace Pipe","Blood Vial","Bronze Scales","Calling Bell","Oddly Smooth Stone","Thread and Needle","Replay:Bottled Eggs","Red Mask","Replay:Rubber Ducky","The Courier","Mummified Hand"],"acts_visited":["Exordium","TheCity","TheBeyond"],"potions_floor_usage":[],"damage_taken":[{"damage":5.0,"enemies":"Small Slimes","floor":1.0,"turns":3.0},{"damage":6.0,"enemies":"Cultist","floor":4.0,"turns":3.0},{"damage":10.0,"enemies":"3 Sentries","floor":7.0,"turns":11.0},{"damage":3.0,"enemies":"2 Louse","floor":10.0,"turns":3.0},{"damage":15.0,"enemies":"Exordium Wildlife","floor":11.0,"turns":6.0},{"damage":7.0,"enemies":"Large Slime","floor":13.0,"turns":4.0},{"damage":0.0,"enemies":"2 Fungi Beasts","floor":14.0,"turns":2.0},{"damage":55.0,"enemies":"Hexaghost","floor":16.0,"turns":12.0},{"damage":8.0,"enemies":"Spheric Guardian","floor":18.0,"turns":6.0},{"damage":15.0,"enemies":"2 Thieves","floor":21.0,"turns":3.0},{"damage":36.0,"enemies":"Centurion and Healer","floor":22.0,"turns":5.0},{"damage":35.0,"enemies":"Slavers","floor":23.0,"turns":8.0},{"damage":15.0,"enemies":"Replay:Snechameleon","floor":25.0,"turns":8.0},{"damage":18.0,"enemies":"Snake Plant","floor":28.0,"turns":3.0},{"damage":13.0,"enemies":"Slavers","floor":29.0,"turns":4.0},{"damage":65.0,"enemies":"Automaton","floor":33.0,"turns":9.0},{"damage":26.0,"enemies":"3 Shapes","floor":35.0,"turns":3.0},{"damage":6.0,"enemies":"Orb Walker","floor":38.0,"turns":2.0},{"damage":9.0,"enemies":"3 Darklings","floor":39.0,"turns":2.0},{"damage":6.0,"enemies":"Nemesis","floor":40.0,"turns":3.0},{"damage":9.0,"enemies":"Sphere and 2 Shapes","floor":42.0,"turns":3.0},{"damage":39.0,"enemies":"Reptomancer","floor":44.0,"turns":5.0},{"damage":33,"enemies":"Awakened One","floor":50,"turns":8}],"seed_played":"-6341636157453079998","potions_obtained":[{"floor":1.0,"key":"Fire Potion"},{"floor":3.0,"key":"Energy Potion"},{"floor":3.0,"key":"Languid Potion"},{"floor":13.0,"key":"Block Potion"},{"floor":21.0,"key":"BloodPotion"},{"floor":23.0,"key":"DuplicationPotion"},{"floor":28.0,"key":"SkillPotion"},{"floor":33.0,"key":"AttackPotion"},{"floor":38.0,"key":"Regen Potion"},{"floor":39.0,"key":"SkillPotion"}],"is_trial":false,"path_per_floor":["M","?","?","M","?","R","E","R","T","M","M","R","M","M","R","B",null,"M","?","?","M","M","E","R","E","T","R","M","E","R","$","R","B",null,"M","?","?","M","M","E","R","M","T","E","R","$","R","?","R","B",null],"character_chosen":"IRONCLAD","items_purchased":["Dark Embrace","Bronze Scales","Shrug It Off+1"],"campfire_rested":1,"item_purchase_floors":[31,31,31],"current_hp_per_floor":[89,89,89,89,89,89,85,85,85,88,79,79,78,84,84,35,81,82,82,82,73,46,37,67,58,58,88,76,72,72,72,103,46,90,75,75,75,80,79,90,90,89,89,58,91,91,91,91,111,88],"gold":0,"neow_bonus":"TWENTY_PERCENT_HP_BONUS","is_daily":false,"chose_seed":false,"campfire_upgraded":5,"win_rate":0.0,"timestamp":1610599936,"path_taken":["M","?","?","?","?","R","E","R","T","M","M","R","M","M","R","BOSS","M","?","?","M","?","E","R","E","T","R","M","E","R","$","R","BOSS","M","?","?","M","?","E","R","M","T","E","R","$","R","?","R","BOSS"],"items_purchased_type":["Card","Relic","Card"],"build_version":"2020-12-22","purchased_purges":0,"victory":true,"max_hp_per_floor":[96,96,96,96,96,96,96,96,96,96,96,96,96,96,96,96,96,99,99,99,99,102,102,102,102,102,102,102,105,105,105,105,105,105,108,108,108,111,111,111,111,111,111,111,111,111,111,111,111,115],"card_choices":[{"not_picked":["Replay:Undeath\u0027s Touch","ReplayTheSpireMod:Strike From Hell"],"picked":"Perfected Strike","floor":1.0},{"not_picked":["Shrug It Off","Metallicize"],"picked":"Wild Strike","floor":4.0},{"not_picked":["Perfected Strike","Sword Boomerang"],"picked":"Armaments","floor":5.0},{"not_picked":["Headbutt","Run Through"],"picked":"True Grit","floor":5.0},{"not_picked":["ReplayTheSpireMod:Limb From Limb","Carnage"],"picked":"Warcry+1","floor":7.0},{"not_picked":["ReplayTheSpireMod:Limb From Limb","Carnage"],"picked":"Impervious+1","floor":10.0},{"not_picked":["Searing Blow","Clash"],"picked":"Wild Strike","floor":11.0},{"not_picked":["Anger","Perfected Strike"],"picked":"Ghostly Armor+1","floor":13.0},{"not_picked":["Clash","Searing Blow"],"picked":"Cleave","floor":14.0},{"not_picked":["Fiend Fire","Impervious+1"],"picked":"Feed","floor":16.0},{"not_picked":["ReplayTheSpireMod:Strike From Hell","ReplayTheSpireMod:Corrosion Curse+1"],"picked":"Flex+1","floor":18.0},{"not_picked":["Warcry+1","Second Wind+1"],"picked":"Disarm+1","floor":21.0},{"not_picked":["Body Slam","Clash"],"picked":"Run Through","floor":22.0},{"not_picked":["Body Slam","Iron Wave"],"picked":"Pummel","floor":23.0},{"not_picked":["True Grit+1","ReplayReversal+1"],"picked":"Defy Death+1","floor":25.0},{"not_picked":["Bludgeon","ReplayReversal+1"],"picked":"Havoc+1","floor":28.0},{"not_picked":["Cleave","Pummel"],"picked":"ReplayTheSpireMod:Muscle Training+1","floor":29.0},{"not_picked":["Exhume+1","Juggernaut"],"picked":"Corruption","floor":33.0},{"not_picked":["Abandon+1","Thunderclap"],"picked":"Twin Strike+1","floor":35.0},{"not_picked":["Anger+1","Whirlwind"],"picked":"Pommel Strike+1","floor":38.0},{"not_picked":["Carnage+1","Warcry+1"],"picked":"Flex+1","floor":39.0},{"not_picked":["Reckless Charge","Uppercut"],"picked":"Exhume+1","floor":40.0},{"not_picked":["Dual Wield+1","Warcry+1"],"picked":"Life Link","floor":42.0},{"not_picked":["Second Wind+1","Reckless Charge+1"],"picked":"Twin Strike","floor":44.0}],"player_experience":197708,"relics_obtained":[{"floor":5.0,"key":"ReplayFunnel"},{"floor":7.0,"key":"Toxic Egg 2"},{"floor":9.0,"key":"Replay:Multitool"},{"floor":12.0,"key":"Replay:Towering Pillar of Hats"},{"floor":23.0,"key":"Bottled Lightning"},{"floor":25.0,"key":"Red Skull"},{"floor":26.0,"key":"Another Sword"},{"floor":29.0,"key":"Peace Pipe"},{"floor":30.0,"key":"Blood Vial"},{"floor":34.0,"key":"Oddly Smooth Stone"},{"floor":34.0,"key":"Thread and Needle"},{"floor":34.0,"key":"Replay:Bottled Eggs"},{"floor":40.0,"key":"Replay:Rubber Ducky"},{"floor":43.0,"key":"The Courier"},{"floor":44.0,"key":"Mummified Hand"}],"event_choices":[{"damage_healed":0.0,"max_hp_gain":0.0,"max_hp_loss":0.0,"gold_gain":0.0,"event_name":"The Woman in Blue","player_choice":"Bought 2 Potions","floor":3.0,"gold_loss":0.0,"damage_taken":0.0},{"cards_removed":["CommonCold"],"damage_healed":0.0,"max_hp_gain":0.0,"max_hp_loss":0.0,"gold_gain":0.0,"event_name":"Beggar","player_choice":"Gave Gold","floor":19.0,"gold_loss":75.0,"damage_taken":0.0},{"damage_healed":0.0,"max_hp_gain":0.0,"max_hp_loss":0.0,"gold_gain":0.0,"event_name":"Match and Keep!","player_choice":"5 cards matched","floor":20.0,"gold_loss":0.0,"damage_taken":0.0,"cards_obtained":["Panacea","Iron Wave","Offering","Bash","Seeing Red"]},{"damage_healed":0.0,"max_hp_gain":0.0,"max_hp_loss":0.0,"gold_gain":0.0,"event_name":"Tomb of Lord Red Mask","player_choice":"Paid","floor":36.0,"gold_loss":6.0,"damage_taken":0.0,"relics_obtained":["Red Mask"]},{"cards_removed":["Strike_R"],"damage_healed":0.0,"max_hp_gain":0.0,"max_hp_loss":0.0,"gold_gain":0.0,"event_name":"Bonfire Elementals","player_choice":"Offered Basic","floor":37.0,"gold_loss":0.0,"damage_taken":0.0},{"cards_removed":["Warcry"],"damage_healed":0,"gold_gain":0,"player_choice":"Removed Skill","damage_taken":0,"max_hp_gain":0,"max_hp_loss":0,"event_name":"Falling","floor":48,"gold_loss":0}],"is_beta":false,"boss_relics":[{"not_picked":["Philosopher\u0027s Stone","Electric Blood"],"picked":"Ectoplasm"},{"not_picked":["Replay:Drink Me","SlaversCollar"],"picked":"Calling Bell"}],"items_purged_floors":[],"is_endless":false,"potions_floor_spawned":[1,10,13,21,23,28,33,38,39],"ascension_level":10}}