{"host":"7qoz5gmva6til3yp","time":1610637024,"event":{"mods":["AchievementEnabler","BaseMod","Minty Spire (QoL Compilation)","StSLib","SuperFastMode"],"gold_per_floor":[115,3,18,93,112,112,112,128,128,143,143,154,154,172,172,249,249,262,273,302,302,312,231,246,246,246],"floor_reached":25,"language":"KOR","playtime":851,"items_purged":["Strike_R"],"score":422,"play_id":"7bedaad9-f503-49cd-b3fd-aa8cf6021400","local_time":"20210115001024","is_ascension_mode":true,"campfire_choices":[{"data":"Corruption","floor":6,"key":"SMITH"},{"data":"Bash","floor":11,"key":"SMITH"},{"floor":13,"key":"REST"},{"data":"Rage","floor":15,"key":"SMITH"}],"circlet_count":0,"master_deck":["AscendersBane","Strike_R","Strike_R","Strike_R","Strike_R","Defend_R","Defend_R","Defend_R","Defend_R","Bash+1","Corruption+1","Evolve","Power Through","Perfected Strike+1","Thunderclap+1","Rage+1","Impervious","Perfected Strike+1","Pommel Strike+1","Burning Pact","Dark Embrace","Shockwave"],"relics":["Burning Blood","Gremlin Horn","Molten Egg 2","Cursed Key","Red Mask","FaceOfCleric"],"acts_visited":["Exordium","TheCity"],"potions_floor_usage":[5,16,16,16,16,16,24,25],"damage_taken":[{"damage":12,"enemies":"Small Slimes","floor":1,"turns":4},{"damage":7,"enemies":"Jaw Worm","floor":3,"turns":3},{"damage":6,"enemies":"2 Louse","floor":5,"turns":2},{"damage":0,"enemies":"Lots of Slimes","floor":8,"turns":2},{"damage":17,"enemies":"3 Louse","floor":10,"turns":6},{"damage":25,"enemies":"Red Slaver","floor":12,"turns":4},{"damage":6,"enemies":"Blue Slaver","floor":14,"turns":4},{"damage":55,"enemies":"Slime Boss","floor":16,"turns":8},{"damage":21,"enemies":"Spheric Guardian","floor":18,"turns":8},{"damage":29,"enemies":"Chosen","floor":19,"turns":5},{"damage":17,"enemies":"Masked Bandits","floor":20,"turns":5},{"damage":3,"enemies":"Centurion and Healer","floor":22,"turns":5},{"damage":8,"enemies":"Snake Plant","floor":24,"turns":3},{"damage":17,"enemies":"Slavers","floor":25,"turns":4}],"seed_played":"-3181680303811809956","potions_obtained":[{"floor":1,"key":"Explosive Potion"},{"floor":5,"key":"Strength Potion"},{"floor":8,"key":"EntropicBrew"},{"floor":16,"key":"ColorlessPotion"},{"floor":22,"key":"FearPotion"}],"is_trial":false,"path_per_floor":["M","$","M","?","M","R","T","M","T","M","R","M","R","M","R","B",null,"M","M","?","?","M","$","M","E"],"character_chosen":"IRONCLAD","items_purchased":["Evolve","Dark Embrace"],"campfire_rested":1,"item_purchase_floors":[2,23],"current_hp_per_floor":[62,62,61,50,50,50,50,56,56,45,45,26,48,48,48,14,60,45,22,11,11,15,15,14,0,0],"gold":246,"neow_bonus":"ONE_RANDOM_RARE_CARD","is_daily":false,"chose_seed":false,"campfire_upgraded":3,"win_rate":0.0,"timestamp":1610637024,"path_taken":["M","$","M","?","M","R","?","M","T","M","R","M","R","M","R","BOSS","M","M","?","?","M","$","M","E"],"items_purchased_type":["Card","Card"],"build_version":"2020-12-22","purchased_purges":1,"victory":false,"max_hp_per_floor":[75,75,75,75,75,75,75,75,75,75,75,75,75,75,75,75,75,75,75,75,75,76,76,77,77,77],"card_choices":[{"not_picked":["Searing Blow","Hemokinesis","Havoc"],"picked":"SKIP","floor":1},{"not_picked":["Evolve","Headbutt","Infernal Blade"],"picked":"SKIP","floor":3},{"not_picked":["Sever Soul","Pommel Strike"],"picked":"Power Through","floor":5},{"not_picked":["Clash","Wild Strike","Bloodletting"],"picked":"SKIP","floor":8},{"not_picked":["Warcry","Brutality","Perfected Strike+1"],"picked":"SKIP","floor":10},{"not_picked":["Warcry","Brutality"],"picked":"Perfected Strike+1","floor":10},{"not_picked":["Headbutt+1","Searing Blow+1"],"picked":"Thunderclap+1","floor":12},{"not_picked":["Havoc","Pommel Strike+1"],"picked":"Rage","floor":14},{"not_picked":["Bludgeon+1","Demon Form"],"picked":"Impervious","floor":16},{"not_picked":["Armaments","Heavy Blade+1","True Grit"],"picked":"SKIP","floor":18},{"not_picked":["Body Slam+1","Heavy Blade+1"],"picked":"Perfected Strike+1","floor":19},{"not_picked":["Heavy Blade+1","Body Slam+1"],"picked":"Pommel Strike+1","floor":20},{"not_picked":["Headbutt+1","Twin Strike+1"],"picked":"Burning Pact","floor":22},{"not_picked":["Clothesline+1","Seeing Red"],"picked":"Shockwave","floor":24}],"player_experience":351256,"relics_obtained":[{"floor":7,"key":"Gremlin Horn"},{"floor":9,"key":"Molten Egg 2"},{"floor":20,"key":"Red Mask"}],"event_choices":[{"damage_healed":0,"gold_gain":75,"player_choice":"Gather Gold","damage_taken":11,"max_hp_gain":0,"max_hp_loss":0,"event_name":"World of Goop","floor":4,"gold_loss":0},{"damage_healed":0,"gold_gain":0,"player_choice":"Fought Bandits","damage_taken":0,"max_hp_gain":0,"max_hp_loss":0,"event_name":"Masked Bandits","floor":20,"gold_loss":0},{"damage_healed":0,"gold_gain":0,"player_choice":"Trade","damage_taken":0,"relics_obtained":["FaceOfCleric"],"max_hp_gain":0,"max_hp_loss":0,"event_name":"FaceTrader","floor":21,"gold_loss":0}],"is_beta":false,"boss_relics":[{"not_picked":["Mark of Pain","SlaversCollar"],"picked":"Cursed Key"}],"items_purged_floors":[2],"is_endless":false,"potions_floor_spawned":[1,5,8,14,16,22],"killed_by":"Slavers","ascension_level":18}}