{"host":"d61fcf2p3sjwe6yo","time":1610660612,"event":{"mods":["AchievementEnabler","BaseMod","Colored Map","Minty Spire (QoL Compilation)","StSLib","SuperFastMode"],"gold_per_floor":[109,109,109,109,34,66,66,66,66,66,92,33,33,44,44,122,122,132,132,132],"floor_reached":19,"language":"ENG","playtime":511,"items_purged":["Strike_G"],"score":366,"play_id":"80018696-0753-49d6-91a9-9b116c8bb28f","local_time":"20210115004332","is_ascension_mode":true,"campfire_choices":[{"data":"Dagger Spray","floor":8,"key":"SMITH"},{"data":"Neutralize","floor":10,"key":"SMITH"},{"data":"Blade Dance","floor":13,"key":"SMITH"},{"data":"Terror","floor":15,"key":"SMITH"}],"circlet_count":0,"master_deck":["AscendersBane","Strike_G","Strike_G","Strike_G","Strike_G","Defend_G","Defend_G","Defend_G","Defend_G","Survivor","Neutralize+1","Blur","Dagger Spray+1","Blade Dance+1","Terror+1","After Image+1"],"relics":["Ring of the Snake","NeowsBlessing","Peace Pipe","Frozen Egg 2","Ginger","Coffee Dripper"],"acts_visited":["Exordium","TheCity"],"potions_floor_usage":[11,16,18],"damage_taken":[{"damage":0,"enemies":"Jaw Worm","floor":1,"turns":1},{"damage":0,"enemies":"Gremlin Nob","floor":6,"turns":1},{"damage":0,"enemies":"2 Louse","floor":7,"turns":1},{"damage":16,"enemies":"3 Sentries","floor":11,"turns":7},{"damage":0,"enemies":"Cultist","floor":14,"turns":3},{"damage":32,"enemies":"Hexaghost","floor":16,"turns":11},{"damage":14,"enemies":"Spheric Guardian","floor":18,"turns":6},{"damage":0,"enemies":"Chosen","floor":19,"turns":3}],"seed_played":"4726087575913656276","potions_obtained":[{"floor":1,"key":"BlessingOfTheForge"},{"floor":6,"key":"DistilledChaos"},{"floor":14,"key":"SpeedPotion"}],"is_trial":false,"path_per_floor":["M","?","?","?","$","E","M","R","T","R","E","$","R","M","R","B",null,"M","M"],"character_chosen":"THE_SILENT","items_purchased":["Blade Dance"],"campfire_rested":0,"item_purchase_floors":[12],"current_hp_per_floor":[59,64,64,64,64,64,64,64,64,64,48,48,48,48,48,16,57,43,43,43],"gold":132,"neow_bonus":"THREE_ENEMY_KILL","is_daily":false,"chose_seed":false,"campfire_upgraded":4,"win_rate":0.0,"timestamp":1610660612,"path_taken":["M","?","?","?","$","E","M","R","T","R","E","$","R","M","R","BOSS","M","M"],"items_purchased_type":["Card"],"build_version":"2020-12-22","purchased_purges":1,"victory":false,"max_hp_per_floor":[66,71,71,71,71,71,71,71,71,71,71,71,71,71,71,71,71,71,71,71],"card_choices":[{"not_picked":["Crippling Poison","Quick Slash"],"picked":"Blur","floor":1},{"not_picked":["Choke","Accuracy"],"picked":"Dagger Spray","floor":6},{"not_picked":["Underhanded Strike","Sucker Punch","Doppelganger"],"picked":"SKIP","floor":11},{"not_picked":["Dagger Throw","Prepared"],"picked":"Terror","floor":14},{"not_picked":["Phantasmal Killer","Envenom+1"],"picked":"After Image+1","floor":16},{"not_picked":["Sucker Punch+1","Dodge and Roll","Finisher"],"picked":"SKIP","floor":18}],"player_experience":219010,"relics_obtained":[{"floor":6,"key":"Peace Pipe"},{"floor":9,"key":"Frozen Egg 2"},{"floor":11,"key":"Ginger"}],"event_choices":[{"damage_healed":0,"gold_gain":0,"player_choice":"Donut","damage_taken":0,"max_hp_gain":5,"max_hp_loss":0,"event_name":"Big Fish","floor":2,"gold_loss":0},{"cards_removed":["Defend_G"],"damage_healed":0,"gold_gain":0,"player_choice":"Forget","damage_taken":0,"max_hp_gain":0,"max_hp_loss":0,"event_name":"Living Wall","floor":3,"gold_loss":0},{"damage_healed":0,"gold_gain":0,"player_choice":"0 cards matched","damage_taken":0,"max_hp_gain":0,"max_hp_loss":0,"event_name":"Match and Keep!","floor":4,"gold_loss":0,"cards_obtained":[]}],"is_beta":false,"boss_relics":[{"not_picked":["SacredBark","Runic Dome"],"picked":"Coffee Dripper"}],"items_purged_floors":[5],"is_endless":false,"potions_floor_spawned":[1,6,14],"killed_by":"Chosen","ascension_level":17}}