{"host":"2ikxgthhm1pqb5gz","time":1610627474,"event":{"mods":["BaseMod","Colored Map","Minty Spire (QoL Compilation)","StSLib","SuperFastMode","slay the spire mod where everything is the same but ironclad has a cowboy hat"],"gold_per_floor":[16,66,82,99,75,75,126,151,174,247,342,407,465,515,515,630,630,670,452,427,477,527,527,581,581,631,677,711,711,961,426,426,541,541,571,533,658,760,1809,1860,1860,1985,2035,2035,127,165,102,452,452,492,492,492,13,83,103],"floor_reached":56,"language":"KOR","playtime":2340,"items_purged":["Defend_P","Strike_P","Strike_P","Defend_P","Evaluate","Normality","Crescendo+1"],"score":2157,"play_id":"032764da-e0b4-4608-9d5b-6549b0e8ad55","local_time":"20210114213114","is_ascension_mode":true,"campfire_choices":[{"data":"Eruption","floor":6.0,"key":"SMITH"},{"floor":15.0,"key":"DIG"},{"floor":23.0,"key":"DIG"},{"floor":25.0,"key":"DIG"},{"floor":29.0,"key":"DIG"},{"floor":32.0,"key":"DIG"},{"floor":41.0,"key":"DIG"},{"floor":44.0,"key":"RECALL"},{"data":"1","floor":49,"key":"LIFT"},{"data":"2","floor":52,"key":"LIFT"}],"circlet_count":1,"master_deck":["Eruption+1","Vigilance","MentalFortress","FlurryOfBlows+1","HandOfGreed","FearNoEvil","Vengeance+1","EmptyMind","Adaptation","MentalFortress","Scrawl","Tantrum+1","Adaptation","MentalFortress+1"],"relics":["HolyWater","Membership Card","Circlet","The Courier","SsserpentHead","Omamori","PreservedInsect","Yang","Tiny Chest","Sundial","Question Card","Membership Card","Shovel","Gremlin Horn","Mango","MealTicket","Meat on the Bone","Pen Nib","Odd Mushroom","Strawberry","Shuriken","Oddly Smooth Stone","Potion Belt","Kunai","Necronomicon","Bag of Marbles","The Courier","Pear","Happy Flower","Lantern","Ancient Tea Set","Vajra","TheAbacus","Bottled Lightning","Eternal Feather","FossilizedHelix","HornCleat","Fusion Hammer","War Paint","Regal Pillow","Pantograph","Anchor","Chemical X","Whetstone","Toy Ornithopter","CeramicFish","Mummified Hand","Ice Cream","Akabeko","Girya","Centennial Puzzle","Bag of Preparation","TeardropLocket","Prayer Wheel","Singing Bowl","Mercury Hourglass","InkBottle","Blue Candle","Frozen Egg 2","Toxic Egg 2","Thread and Needle","Ornamental Fan","ClockworkSouvenir","Old Coin","Gambling Chip","Bird Faced Urn","Turnip","CloakClasp"],"acts_visited":["Exordium","TheCity","TheBeyond","TheEnding"],"potions_floor_usage":[],"damage_taken":[{"damage":0.0,"enemies":"Small Slimes","floor":1.0,"turns":5.0},{"damage":2.0,"enemies":"Cultist","floor":3.0,"turns":3.0},{"damage":1.0,"enemies":"Jaw Worm","floor":4.0,"turns":3.0},{"damage":0.0,"enemies":"Lots of Slimes","floor":7.0,"turns":4.0},{"damage":3.0,"enemies":"Gremlin Gang","floor":10.0,"turns":3.0},{"damage":0.0,"enemies":"The Mushroom Lair","floor":11.0,"turns":3.0},{"damage":0.0,"enemies":"3 Sentries","floor":12.0,"turns":3.0},{"damage":0.0,"enemies":"2 Fungi Beasts","floor":13.0,"turns":4.0},{"damage":0.0,"enemies":"Lagavulin","floor":14.0,"turns":3.0},{"damage":3.0,"enemies":"The Guardian","floor":16.0,"turns":6.0},{"damage":0.0,"enemies":"Spheric Guardian","floor":18.0,"turns":2.0},{"damage":0.0,"enemies":"Gremlin Leader","floor":24.0,"turns":1.0},{"damage":0.0,"enemies":"Book of Stabbing","floor":27.0,"turns":2.0},{"damage":4.0,"enemies":"Chosen","floor":28.0,"turns":2.0},{"damage":0.0,"enemies":"Collector","floor":33.0,"turns":2.0},{"damage":0.0,"enemies":"3 Darklings","floor":35.0,"turns":1.0},{"damage":0.0,"enemies":"3 Shapes","floor":37.0,"turns":1.0},{"damage":0.0,"enemies":"Giant Head","floor":40.0,"turns":5.0},{"damage":0.0,"enemies":"Jaw Worm Horde","floor":42.0,"turns":4.0},{"damage":0,"enemies":"Maw","floor":46,"turns":1},{"damage":0,"enemies":"Awakened One","floor":50,"turns":2},{"damage":0,"enemies":"Shield and Spear","floor":54,"turns":1},{"damage":0,"enemies":"The Heart","floor":55,"turns":3}],"seed_played":"-7780714029685477890","potions_obtained":[{"floor":1.0,"key":"BlessingOfTheForge"},{"floor":3.0,"key":"SkillPotion"},{"floor":7.0,"key":"BottledMiracle"},{"floor":10.0,"key":"Strength Potion"},{"floor":16.0,"key":"EssenceOfSteel"},{"floor":27.0,"key":"EssenceOfSteel"},{"floor":35.0,"key":"Block Potion"}],"is_trial":false,"path_per_floor":["M","?","M","M","$","R","M","$","T","M","?","E","M","E","R","B",null,"M","$","?","?","T","R","E","R","T","E","M","R","?","$","R","B",null,"M","$","M","T","?","E","R","M","T","R","$","M","$","T","R","B",null,"R","$","E","B",null],"character_chosen":"WATCHER","items_purchased":["PreservedInsect","HandOfGreed","Yang","Tiny Chest","Sundial","Question Card","Membership Card","Shovel","Gremlin Horn","Mango","MealTicket","Vengeance","Meat on the Bone","Potion Belt","Kunai","Adaptation","Vajra","TheAbacus","Bottled Lightning","Eternal Feather","FossilizedHelix","Chemical X","Whetstone","Toy Ornithopter","CeramicFish","Mummified Hand","Ice Cream","Akabeko","Girya","Centennial Puzzle","Bag of Preparation","TeardropLocket","Prayer Wheel","Singing Bowl","Mercury Hourglass","InkBottle","Blue Candle","Frozen Egg 2","Toxic Egg 2","Thread and Needle","Ornamental Fan","MentalFortress+1","ClockworkSouvenir","Gambling Chip","Bird Faced Urn","Turnip"],"campfire_rested":0,"item_purchase_floors":[5,5,5,5,5,5,8,8,8,8,8,8,8,19,19,31,31,31,31,31,31,45,45,45,45,45,45,45,45,45,45,45,45,45,45,45,45,45,45,45,45,45,47,53,53,53],"current_hp_per_floor":[65,58,56,55,55,55,55,69,69,66,66,73,73,73,73,70,87,87,93,93,77,77,77,77,87,87,87,83,83,83,98,103,103,103,103,103,103,103,103,103,103,103,103,103,103,107,107,107,107,107,107,107,107,109,109],"gold":103,"neow_bonus":"REMOVE_TWO","is_daily":false,"chose_seed":false,"campfire_upgraded":1,"win_rate":0.0,"timestamp":1610627474,"path_taken":["M","?","M","M","$","R","M","$","T","M","?","E","M","E","R","BOSS","M","$","?","?","?","R","E","R","T","E","M","R","?","$","R","BOSS","M","?","?","?","?","E","R","?","T","R","$","M","$","?","R","BOSS","R","$","E","BOSS"],"items_purchased_type":["Relic","Card","Relic","Relic","Relic","Relic","Relic","Relic","Relic","Relic","Relic","Card","Relic","Relic","Relic","Card","Relic","Relic","Relic","Relic","Relic","Relic","Relic","Relic","Relic","Relic","Relic","Relic","Relic","Relic","Relic","Relic","Relic","Relic","Relic","Relic","Relic","Relic","Relic","Relic","Relic","Card","Relic","Relic","Relic","Relic"],"build_version":"2020-12-22","purchased_purges":7,"victory":true,"max_hp_per_floor":[72,72,72,72,72,72,72,86,86,86,86,93,93,93,93,93,93,93,93,93,93,93,93,93,103,103,103,103,103,103,103,103,103,103,103,103,103,103,103,103,103,103,103,103,103,107,107,107,107,107,107,107,107,109,109],"card_choices":[{"not_picked":["Worship","ClearTheMind"],"picked":"MentalFortress","floor":1.0},{"not_picked":["Protect","Weave"],"picked":"Evaluate","floor":3.0},{"not_picked":["EmptyBody","Perseverance"],"picked":"FlurryOfBlows","floor":4.0},{"not_picked":["ThirdEye","LikeWater","Evaluate"],"picked":"FearNoEvil","floor":7.0},{"not_picked":["FlyingSleeves","Crescendo","EmptyBody"],"picked":"EmptyMind","floor":10.0},{"not_picked":["Evaluate","Protect","CrushJoints"],"picked":"Adaptation","floor":11.0},{"not_picked":["DeceiveReality","BattleHymn","Weave","Conclude"],"picked":"SKIP","floor":12.0},{"not_picked":["PathToVictory","BowlingBash","FlurryOfBlows","WindmillStrike"],"picked":"SKIP","floor":13.0},{"not_picked":["Protect","Conclude","Devotion"],"picked":"MentalFortress","floor":14.0},{"not_picked":["DevaForm","Blasphemy","SpiritShield"],"picked":"Scrawl","floor":16.0},{"not_picked":["Evaluate+1","CutThroughFate","EmptyBody+1"],"picked":"Crescendo","floor":18.0},{"not_picked":["SignatureMove","BowlingBash","SashWhip"],"picked":"Tantrum","floor":24.0},{"not_picked":["Wireheading","WheelKick+1","WaveOfTheHand","Pray"],"picked":"SKIP","floor":27.0},{"not_picked":["Wireheading","WheelKick+1","WaveOfTheHand","Pray"],"picked":"SKIP","floor":27.0},{"not_picked":["Collect","ForeignInfluence","Crescendo+1","ThirdEye"],"picked":"SKIP","floor":28.0},{"not_picked":["Evaluate","ThirdEye+1","CrushJoints","Meditate+1"],"picked":"SKIP","floor":35.0},{"not_picked":["FlurryOfBlows+1","BattleHymn+1","FlyingSleeves+1","Evaluate+1"],"picked":"SKIP","floor":37.0},{"not_picked":["Sanctity","Consecrate+1","ThirdEye+1","Swivel+1"],"picked":"SKIP","floor":40.0},{"not_picked":["EmptyFist+1","CrushJoints","FlyingSleeves","EmptyMind+1"],"picked":"SKIP","floor":42.0},{"not_picked":["FlurryOfBlows+1","JustLucky+1","WheelKick+1","ClearTheMind+1"],"picked":"Singing Bowl","floor":46},{"not_picked":["WheelKick","EmptyFist","WindmillStrike","SashWhip+1"],"picked":"Singing Bowl","floor":46},{"not_picked":["FollowUp+1","Fasting2+1","EmptyBody+1","Consecrate"],"picked":"Singing Bowl","floor":54}],"player_experience":920085,"relics_obtained":[{"floor":9.0,"key":"Pen Nib"},{"floor":11.0,"key":"Odd Mushroom"},{"floor":12.0,"key":"Strawberry"},{"floor":14.0,"key":"Shuriken"},{"floor":15.0,"key":"Oddly Smooth Stone"},{"floor":21.0,"key":"Necronomicon"},{"floor":23.0,"key":"Bag of Marbles"},{"floor":24.0,"key":"The Courier"},{"floor":25.0,"key":"Pear"},{"floor":26.0,"key":"Happy Flower"},{"floor":27.0,"key":"Lantern"},{"floor":29.0,"key":"Ancient Tea Set"},{"floor":32.0,"key":"HornCleat"},{"floor":38.0,"key":"War Paint"},{"floor":40.0,"key":"Regal Pillow"},{"floor":41.0,"key":"Pantograph"},{"floor":43.0,"key":"Anchor"},{"floor":48,"key":"Old Coin"},{"floor":54,"key":"CloakClasp"}],"event_choices":[{"cards_removed":["Defend_P"],"damage_healed":0.0,"max_hp_gain":0.0,"max_hp_loss":0.0,"gold_gain":0.0,"event_name":"Golden Wing","player_choice":"Card Removal","floor":2.0,"gold_loss":0.0,"damage_taken":7.0},{"damage_healed":0.0,"max_hp_gain":0.0,"max_hp_loss":0.0,"gold_gain":0.0,"event_name":"Mushrooms","player_choice":"Fought Mushrooms","floor":11.0,"gold_loss":0.0,"damage_taken":0.0},{"cards_removed":["Strike_P"],"damage_healed":0.0,"max_hp_gain":0.0,"max_hp_loss":0.0,"gold_gain":0.0,"event_name":"Beggar","player_choice":"Gave Gold","floor":20.0,"gold_loss":75.0,"damage_taken":0.0},{"damage_healed":0.0,"max_hp_gain":0.0,"max_hp_loss":0.0,"gold_gain":0.0,"event_name":"Cursed Tome","player_choice":"Obtained Book","floor":21.0,"gold_loss":0.0,"damage_taken":16.0},{"damage_healed":0.0,"max_hp_gain":0.0,"max_hp_loss":0.0,"gold_gain":250.0,"event_name":"The Joust","player_choice":"Bet on Owner","floor":30.0,"gold_loss":50.0,"damage_taken":0.0},{"damage_healed":0.0,"max_hp_gain":0.0,"max_hp_loss":0.0,"gold_gain":999.0,"event_name":"MindBloom","player_choice":"Gold","floor":39.0,"gold_loss":0.0,"damage_taken":0.0,"cards_obtained":["Normality","Normality"]}],"is_beta":false,"boss_relics":[{"not_picked":["Snecko Eye","Velvet Choker"],"picked":"HolyWater"},{"not_picked":["Black Star","Empty Cage"],"picked":"Fusion Hammer"}],"items_purged_floors":[5,8,19,31,36,45,53],"is_endless":false,"potions_floor_spawned":[1,3,7,10,16,18,27,35,37,46],"ascension_level":6}}