{"host":"1c52r9kaxdyo25eq","time":1610657763,"event":{"mods":["AchievementEnabler","BaseMod","Minty Spire (QoL Compilation)","Rare Cards Sparkle","SuperFastMode","everything is the same but u backflip on backflip"],"gold_per_floor":[116,135,158,158,178,178,178,178,229,284,304,76,89,53,53,148,148,169,88,138,127,127,127,127,127],"floor_reached":24,"language":"KOR","playtime":404,"items_purged":["Strike_R"],"score":326,"play_id":"adfff943-f747-4702-b9a0-e9b4f6084139","local_time":"20210115055603","is_ascension_mode":true,"campfire_choices":[{"data":"Evolve","floor":6.0,"key":"SMITH"},{"data":"Body Slam","floor":8.0,"key":"SMITH"},{"floor":15.0,"key":"REST"},{"data":"Barricade","floor":23,"key":"SMITH"}],"circlet_count":0,"master_deck":["AscendersBane","Strike_R","Strike_R","Strike_R","Strike_R","Defend_R","Defend_R","Defend_R","Defend_R","Bash","Evolve+1","Body Slam+1","Wild Strike","Spot Weakness","Sever Soul","Barricade+1","Feel No Pain","Shrug It Off+1"],"relics":["Burning Blood","NeowsBlessing","Pen Nib","Golden Idol","Oddly Smooth Stone","TheAbacus","Mark of Pain"],"acts_visited":["Exordium","TheCity"],"potions_floor_usage":[22,24],"damage_taken":[{"damage":0.0,"enemies":"Cultist","floor":1.0,"turns":1.0},{"damage":0.0,"enemies":"Small Slimes","floor":2.0,"turns":1.0},{"damage":0.0,"enemies":"2 Louse","floor":5.0,"turns":1.0},{"damage":9.0,"enemies":"Red Slaver","floor":11.0,"turns":4.0},{"damage":18.0,"enemies":"Gremlin Gang","floor":13.0,"turns":5.0},{"damage":47.0,"enemies":"The Guardian","floor":16.0,"turns":11.0},{"damage":12,"enemies":"Chosen","floor":18,"turns":5},{"damage":27,"enemies":"2 Thieves","floor":21,"turns":4},{"damage":6,"enemies":"3 Cultists","floor":22,"turns":3},{"damage":38,"enemies":"Snake Plant","floor":24,"turns":4}],"seed_played":"-4444883383337769408","potions_obtained":[{"floor":1.0,"key":"Energy Potion"},{"floor":5.0,"key":"SmokeBomb"}],"is_trial":false,"path_per_floor":["M","M","T","?","M","R","?","R","T","T","M","$","M","$","R","B",null,"M","$","?","M","M","R","M"],"character_chosen":"IRONCLAD","items_purchased":["TheAbacus","Sever Soul","Feel No Pain"],"campfire_rested":1,"item_purchase_floors":[12,14,19],"current_hp_per_floor":[74,75,75,80,80,80,52,52,52,52,49,49,37,37,61,20,65,59,59,59,38,38,38,0,0],"gold":127,"neow_bonus":"THREE_ENEMY_KILL","is_daily":false,"chose_seed":false,"campfire_upgraded":3,"win_rate":0.0,"timestamp":1610657763,"path_taken":["M","M","?","?","M","R","?","R","T","?","M","$","?","$","R","BOSS","M","$","?","M","?","R","M"],"items_purchased_type":["Relic","Card","Card"],"build_version":"2020-12-22","purchased_purges":1,"victory":false,"max_hp_per_floor":[75,75,75,80,80,80,80,80,80,80,80,80,80,80,80,80,80,80,80,80,80,80,80,80,80],"card_choices":[{"not_picked":["Spot Weakness","Sever Soul"],"picked":"Evolve","floor":1.0},{"not_picked":["Twin Strike","Sentinel"],"picked":"Body Slam","floor":2.0},{"not_picked":["Thunderclap","Headbutt"],"picked":"Wild Strike","floor":5.0},{"not_picked":["Thunderclap","Pommel Strike"],"picked":"Spot Weakness","floor":11.0},{"not_picked":["Hemokinesis","Wild Strike","Dark Embrace"],"picked":"SKIP","floor":13.0},{"not_picked":["Hemokinesis","Wild Strike","Dark Embrace"],"picked":"SKIP","floor":13.0},{"not_picked":["Immolate","Demon Form"],"picked":"Barricade","floor":16.0},{"not_picked":["Iron Wave","Wild Strike","Sword Boomerang"],"picked":"SKIP","floor":18},{"not_picked":["Dropkick","Thunderclap"],"picked":"Shrug It Off+1","floor":21}],"player_experience":587600,"relics_obtained":[{"floor":3.0,"key":"Pen Nib"},{"floor":9.0,"key":"Oddly Smooth Stone"}],"event_choices":[{"damage_healed":0.0,"max_hp_gain":5.0,"max_hp_loss":0.0,"gold_gain":0.0,"event_name":"Big Fish","player_choice":"Donut","floor":4.0,"gold_loss":0.0,"damage_taken":0.0},{"damage_healed":0.0,"max_hp_gain":0.0,"max_hp_loss":0.0,"gold_gain":0.0,"event_name":"Golden Idol","player_choice":"Take Damage","floor":7.0,"gold_loss":0.0,"damage_taken":28.0,"relics_obtained":["Golden Idol"]},{"damage_healed":0,"gold_gain":50,"player_choice":"Pray","damage_taken":0,"max_hp_gain":0,"max_hp_loss":0,"event_name":"Golden Shrine","floor":20,"gold_loss":0}],"is_beta":false,"boss_relics":[{"not_picked":["Pandora\u0027s Box","Busted Crown"],"picked":"Mark of Pain"}],"items_purged_floors":[12],"is_endless":false,"potions_floor_spawned":[1,5,11,21],"killed_by":"Snake Plant","ascension_level":15}}