{"host":"04hh9gplt9wkfmr1","time":1610649389,"event":{"mods":["AchievementEnabler","BaseMod","Colored Map","KOR Keyword Fix","Minty Spire (QoL Compilation)","Rare Cards Sparkle","SuperFastMode"],"gold_per_floor":[111,128,144,160,179,179,194,225,225,225,243,255,280,298,298,394,394,406,424,424,438,145,170,197,197,197,216,216,250,127,141,141,141,141],"floor_reached":33,"language":"KOR","playtime":962,"items_purged":[],"score":389,"play_id":"6dc8903b-7ff9-4c57-ae4e-cfcbf2c3f133","local_time":"20210115033629","is_ascension_mode":true,"campfire_choices":[{"data":"Die Die Die","floor":6.0,"key":"SMITH"},{"floor":10.0,"key":"REST"},{"data":"Cloak And Dagger","floor":15.0,"key":"SMITH"},{"floor":25.0,"key":"REST"},{"floor":28.0,"key":"REST"},{"data":"Blade Dance","floor":32.0,"key":"SMITH"}],"circlet_count":0,"master_deck":["Strike_G","Strike_G","Strike_G","Strike_G","Strike_G","Defend_G","Defend_G","Defend_G","Defend_G","Defend_G","Survivor","Neutralize","Terror","Finisher","Die Die Die+1","Cloak And Dagger+1","Phantasmal Killer","PiercingWail","Accuracy+1","Night Terror","A Thousand Cuts+1","Dagger Spray+1","Blade Dance+1","Footwork+1","Choke","Cloak And Dagger","Accuracy+1","Blade Dance+1","Noxious Fumes+1"],"relics":["Ring of the Serpent","Juzu Bracelet","Mercury Hourglass","Frozen Egg 2","Sling","The Courier","Pen Nib","Gremlin Horn","Lantern","Lee\u0027s Waffle"],"acts_visited":["Exordium","TheCity"],"potions_floor_usage":[],"damage_taken":[{"damage":0.0,"enemies":"Jaw Worm","floor":1.0,"turns":5.0},{"damage":0.0,"enemies":"Cultist","floor":2.0,"turns":4.0},{"damage":9.0,"enemies":"Small Slimes","floor":3.0,"turns":4.0},{"damage":9.0,"enemies":"Blue Slaver","floor":4.0,"turns":4.0},{"damage":0.0,"enemies":"3 Louse","floor":5.0,"turns":1.0},{"damage":6.0,"enemies":"Looter","floor":7.0,"turns":3.0},{"damage":24.0,"enemies":"Lagavulin","floor":8.0,"turns":6.0},{"damage":0.0,"enemies":"Blue Slaver","floor":11.0,"turns":3.0},{"damage":0.0,"enemies":"2 Fungi Beasts","floor":12.0,"turns":2.0},{"damage":13.0,"enemies":"3 Sentries","floor":13.0,"turns":7.0},{"damage":0.0,"enemies":"Looter","floor":14.0,"turns":2.0},{"damage":20.0,"enemies":"Hexaghost","floor":16.0,"turns":13.0},{"damage":21.0,"enemies":"Spheric Guardian","floor":18.0,"turns":4.0},{"damage":0.0,"enemies":"3 Byrds","floor":19.0,"turns":3.0},{"damage":0.0,"enemies":"3 Cultists","floor":21.0,"turns":3.0},{"damage":29.0,"enemies":"Slavers","floor":23.0,"turns":3.0},{"damage":8.0,"enemies":"Chosen and Byrds","floor":27.0,"turns":3.0},{"damage":28.0,"enemies":"Gremlin Leader","floor":29.0,"turns":3.0},{"damage":0.0,"enemies":"Snecko","floor":31.0,"turns":3.0},{"damage":101,"enemies":"Automaton","floor":33,"turns":6}],"seed_played":"-4114721847222961605","potions_obtained":[{"floor":4.0,"key":"SpeedPotion"},{"floor":7.0,"key":"FearPotion"},{"floor":12.0,"key":"Ancient Potion"},{"floor":16.0,"key":"Fire Potion"},{"floor":19.0,"key":"Weak Potion"},{"floor":27.0,"key":"SkillPotion"},{"floor":29.0,"key":"SpeedPotion"}],"is_trial":false,"path_per_floor":["M","M","M","M","M","R","M","E","T","R","M","M","E","M","R","B",null,"M","M","?","M","$","E","T","R","T","M","R","E","$","M","R","B"],"character_chosen":"THE_SILENT","items_purchased":["Footwork+1","Choke","Sling","Lee\u0027s Waffle"],"campfire_rested":3,"item_purchase_floors":[22,22,22,30],"current_hp_per_floor":[77,77,68,59,59,59,53,29,29,52,52,52,39,39,39,19,77,56,56,42,42,42,13,13,37,37,29,53,25,89,89,89,0,0],"gold":141,"neow_bonus":"TEN_PERCENT_HP_BONUS","is_daily":false,"chose_seed":false,"campfire_upgraded":3,"win_rate":0.0,"timestamp":1610649389,"path_taken":["M","M","M","M","M","R","M","E","T","R","M","M","E","M","R","BOSS","M","M","?","M","$","E","?","R","T","M","R","E","?","M","R","BOSS"],"items_purchased_type":["Card","Card","Relic","Relic"],"build_version":"2020-12-22","purchased_purges":0,"victory":false,"max_hp_per_floor":[77,77,77,77,77,77,77,77,77,77,77,77,77,77,77,77,77,77,77,82,82,82,82,82,82,82,82,82,82,89,89,89,89,89],"card_choices":[{"not_picked":["Outmaneuver","Quick Slash","Dodge and Roll"],"picked":"SKIP","floor":1.0},{"not_picked":["Dagger Spray","Poisoned Stab"],"picked":"Terror","floor":2.0},{"not_picked":["Dagger Throw","Backflip"],"picked":"Finisher","floor":3.0},{"not_picked":["Predator","Dagger Throw"],"picked":"Die Die Die","floor":4.0},{"not_picked":["Dagger Spray","Sucker Punch","Flying Knee"],"picked":"SKIP","floor":5.0},{"not_picked":["Heel Hook","Underhanded Strike"],"picked":"Cloak And Dagger","floor":7.0},{"not_picked":["Poisoned Stab","Dagger Spray"],"picked":"Phantasmal Killer","floor":8.0},{"not_picked":["Leg Sweep","Dodge and Roll"],"picked":"PiercingWail","floor":11.0},{"not_picked":["Dodge and Roll","Underhanded Strike","Deflect"],"picked":"SKIP","floor":12.0},{"not_picked":["Bouncing Flask","Skewer"],"picked":"Accuracy+1","floor":13.0},{"not_picked":["Escape Plan","Deflect"],"picked":"Night Terror","floor":14.0},{"not_picked":["Tools of the Trade+1","Venomology"],"picked":"A Thousand Cuts+1","floor":16.0},{"not_picked":["Poisoned Stab","Dagger Throw"],"picked":"Dagger Spray+1","floor":18.0},{"not_picked":["Caltrops+1","Distraction","Poisoned Stab+1"],"picked":"SKIP","floor":19.0},{"not_picked":["Tools of the Trade+1","Riddle With Holes"],"picked":"Blade Dance+1","floor":21.0},{"not_picked":["Dash","Crippling Poison+1"],"picked":"Cloak And Dagger","floor":23.0},{"not_picked":["Quick Slash","Outmaneuver"],"picked":"Accuracy+1","floor":27.0},{"not_picked":["Leg Sweep","Dash"],"picked":"Blade Dance","floor":29.0},{"not_picked":["Choke","Expertise"],"picked":"Noxious Fumes+1","floor":31.0}],"player_experience":30639,"relics_obtained":[{"floor":8.0,"key":"Juzu Bracelet"},{"floor":9.0,"key":"Mercury Hourglass"},{"floor":13.0,"key":"Frozen Egg 2"},{"floor":23.0,"key":"The Courier"},{"floor":24.0,"key":"Pen Nib"},{"floor":26.0,"key":"Gremlin Horn"},{"floor":29.0,"key":"Lantern"}],"event_choices":[{"damage_healed":0.0,"max_hp_gain":5.0,"max_hp_loss":0.0,"gold_gain":0.0,"event_name":"Forgotten Altar","player_choice":"Shed Blood","floor":20.0,"gold_loss":0.0,"damage_taken":19.0}],"is_beta":false,"boss_relics":[{"not_picked":["Runic Dome","Coffee Dripper"],"picked":"Ring of the Serpent"}],"items_purged_floors":[],"is_endless":false,"potions_floor_spawned":[4,7,12,16,19,27,29],"killed_by":"Automaton","ascension_level":4}}