{"host":"o7j6aatxjwpw1421","time":1610626684,"event":{"mods":["2.2 Compatiblity","AchievementEnabler","BaseMod","Colored Map","DeckTracker","Highlight Path","Keyboard Shortcuts","Minty Spire (QoL Compilation)","Permanent Neow","Quick Restart","StSLib","SuperFastMode","everything is the same but u backflip on backflip"],"gold_per_floor":[116,116,132,144,144,144,162,162,187,187,203,203,223,241,241,314,314,333,352,372,372,372],"floor_reached":21,"language":"KOR","playtime":502,"items_purged":[],"score":341,"play_id":"a5ef3ad3-fc03-44de-93f2-4fcaceeb32ca","local_time":"20210114211804","is_ascension_mode":true,"campfire_choices":[{"floor":6.0,"key":"REST"},{"data":"Heavy Blade","floor":8.0,"key":"SMITH"},{"data":"Body Slam","floor":10.0,"key":"SMITH"},{"data":"Sword Boomerang","floor":12.0,"key":"SMITH"},{"data":"Inflame","floor":15.0,"key":"SMITH"}],"circlet_count":0,"master_deck":["AscendersBane","Strike_R+1","Defend_R","Defend_R","Defend_R","Defend_R+1","Bash","Sword Boomerang+1","Body Slam+1","Headbutt","Heavy Blade+1","Flex","Inflame+1","Offering","Sword Boomerang+1","Carnage+1","Perfected Strike+1","Whirlwind","Battle Trance"],"relics":["Burning Blood","Du-Vu Doll","Art of War","Astrolabe"],"acts_visited":["Exordium","TheCity"],"potions_floor_usage":[21],"damage_taken":[{"damage":5.0,"enemies":"Small Slimes","floor":1.0,"turns":3.0},{"damage":0.0,"enemies":"Jaw Worm","floor":3.0,"turns":3.0},{"damage":6.0,"enemies":"2 Louse","floor":4.0,"turns":3.0},{"damage":10.0,"enemies":"Red Slaver","floor":7.0,"turns":3.0},{"damage":11.0,"enemies":"Blue Slaver","floor":11.0,"turns":4.0},{"damage":3.0,"enemies":"Large Slime","floor":13.0,"turns":4.0},{"damage":6.0,"enemies":"Looter","floor":14.0,"turns":2.0},{"damage":39.0,"enemies":"Slime Boss","floor":16.0,"turns":8.0},{"damage":6.0,"enemies":"Spheric Guardian","floor":18.0,"turns":2.0},{"damage":14.0,"enemies":"2 Thieves","floor":19.0,"turns":3.0},{"damage":41.0,"enemies":"Shelled Parasite and Fungi","floor":20.0,"turns":3.0},{"damage":13,"enemies":"Snecko","floor":21,"turns":3}],"seed_played":"7297187387928337764","potions_obtained":[{"floor":1.0,"key":"Strength Potion"},{"floor":4.0,"key":"Weak Potion"},{"floor":19.0,"key":"LiquidBronze"},{"floor":20.0,"key":"HeartOfIron"}],"is_trial":false,"path_per_floor":["M","?","M","M","?","R","M","R","T","R","M","R","M","M","R","B",null,"M","M","M","M"],"character_chosen":"IRONCLAD","items_purchased":[],"campfire_rested":1,"item_purchase_floors":[],"current_hp_per_floor":[51,28,34,34,27,49,45,45,45,45,40,40,43,43,43,10,59,59,51,16,3,3],"gold":372,"neow_bonus":"ONE_RARE_RELIC","is_daily":false,"chose_seed":false,"campfire_upgraded":4,"win_rate":0.0,"timestamp":1610626684,"path_taken":["M","?","M","M","?","R","M","R","T","R","M","R","M","M","R","BOSS","M","M","M","M"],"items_purchased_type":[],"build_version":"2020-12-22","purchased_purges":0,"victory":false,"max_hp_per_floor":[75,75,75,75,75,75,75,75,75,75,75,75,75,75,75,75,75,75,75,75,75,75],"card_choices":[{"not_picked":["Flame Barrier","Dropkick"],"picked":"Sword Boomerang","floor":1.0},{"not_picked":["Second Wind","Armaments"],"picked":"Body Slam","floor":3.0},{"not_picked":["Clash","Sword Boomerang"],"picked":"Headbutt","floor":4.0},{"not_picked":["Feel No Pain","Body Slam"],"picked":"Heavy Blade","floor":7.0},{"not_picked":["Dark Embrace","Bloodletting"],"picked":"Flex","floor":11.0},{"not_picked":["Iron Wave","Body Slam","Havoc"],"picked":"SKIP","floor":13.0},{"not_picked":["Flex","Shockwave"],"picked":"Inflame","floor":14.0},{"not_picked":["Reaper","Juggernaut"],"picked":"Offering","floor":16.0},{"not_picked":["Combust","Dropkick+1","Flex"],"picked":"SKIP","floor":18.0},{"not_picked":["Hemokinesis","Metallicize"],"picked":"Whirlwind","floor":19.0},{"not_picked":["Whirlwind","Clothesline"],"picked":"Battle Trance","floor":20.0}],"player_experience":505869,"relics_obtained":[{"floor":9.0,"key":"Art of War"}],"event_choices":[{"damage_healed":0.0,"max_hp_gain":0.0,"max_hp_loss":0.0,"gold_gain":0.0,"event_name":"Shining Light","player_choice":"Entered Light","floor":2.0,"gold_loss":0.0,"damage_taken":23.0,"cards_upgraded":["Defend_R","Strike_R"]},{"cards_removed":["Strike_R"],"damage_healed":0.0,"max_hp_gain":0.0,"max_hp_loss":0.0,"gold_gain":0.0,"event_name":"Golden Wing","player_choice":"Card Removal","floor":5.0,"gold_loss":0.0,"damage_taken":7.0}],"is_beta":false,"boss_relics":[{"not_picked":["Calling Bell","Cursed Key"],"picked":"Astrolabe"}],"items_purged_floors":[],"is_endless":false,"potions_floor_spawned":[1,4,7,19,20],"killed_by":"Snecko","ascension_level":19}}