{"host":"ELF","time":1610649917,"event":{"mods":["BaseMod","Minty Spire (QoL Compilation)"],"gold_per_floor":[119,38,54,64,64,64,103,103,127,52,76,76,94,54,54,152,152,108,128,43,43,59,59,59,59],"floor_reached":24,"language":"ENG","playtime":944,"items_purged":["Strike_B"],"score":382,"play_id":"f6c0383a-96bd-4aa1-9607-48dba220e498","local_time":"20210114124517","is_ascension_mode":true,"campfire_choices":[{"floor":6.0,"key":"REST"},{"floor":8.0,"key":"REST"},{"floor":15.0,"key":"REST"},{"floor":23,"key":"REST"}],"circlet_count":0,"master_deck":["AscendersBane","Strike_B","Strike_B","Defend_B","Defend_B","Defend_B","Defend_B","Zap","Dualcast","Defragment","Chaos+1","Coolheaded","Doom and Gloom","Auto Shields","Coolheaded","Rebound","Defragment","Sweeping Beam","Redo","Rainbow","Leap","Scrape","Self Repair","Barrage"],"relics":["Inserter","Golden Idol","Dream Catcher","Bag of Marbles","Snecko Eye","Oddly Smooth Stone"],"acts_visited":["Exordium","TheCity"],"potions_floor_usage":[22],"damage_taken":[{"damage":9.0,"enemies":"Jaw Worm","floor":1.0,"turns":4.0},{"damage":7.0,"enemies":"Small Slimes","floor":3.0,"turns":3.0},{"damage":8.0,"enemies":"2 Louse","floor":4.0,"turns":3.0},{"damage":35.0,"enemies":"3 Sentries","floor":7.0,"turns":5.0},{"damage":0.0,"enemies":"Blue Slaver","floor":11.0,"turns":5.0},{"damage":9.0,"enemies":"Lots of Slimes","floor":13.0,"turns":6.0},{"damage":7.0,"enemies":"Looter","floor":14.0,"turns":4.0},{"damage":31.0,"enemies":"The Guardian","floor":16.0,"turns":9.0},{"damage":42.0,"enemies":"2 Thieves","floor":18.0,"turns":5.0},{"damage":6.0,"enemies":"Spheric Guardian","floor":19.0,"turns":4.0},{"damage":3,"enemies":"Centurion and Healer","floor":22,"turns":6},{"damage":22,"enemies":"Snake Plant","floor":24,"turns":3}],"seed_played":"5786964112757339645","potions_obtained":[{"floor":4.0,"key":"Explosive Potion"},{"floor":7.0,"key":"BlessingOfTheForge"},{"floor":13.0,"key":"Strength Potion"},{"floor":19.0,"key":"DuplicationPotion"}],"is_trial":false,"path_per_floor":["M","$","M","M","?","R","E","R","T","$","M","?","M","M","R","B",null,"M","M","?","?","M","R","M"],"character_chosen":"DEFECT","items_purchased":["Chaos"],"campfire_rested":4,"item_purchase_floors":[2],"current_hp_per_floor":[55,55,48,40,40,59,24,43,43,43,43,43,34,27,46,15,52,10,4,4,4,1,20,0,0],"gold":59,"neow_bonus":"BOSS_RELIC","is_daily":false,"chose_seed":false,"campfire_upgraded":0,"win_rate":0.0,"timestamp":1610649917,"path_taken":["M","$","M","M","?","R","E","R","T","$","M","?","M","M","R","BOSS","M","M","?","?","?","R","M"],"items_purchased_type":["Card"],"build_version":"2020-12-18","purchased_purges":1,"victory":false,"max_hp_per_floor":[71,71,71,71,64,64,64,64,64,64,64,64,64,64,64,64,64,64,64,64,64,64,64,64,64],"card_choices":[{"not_picked":["Compile Driver","Scrape"],"picked":"Defragment","floor":1.0},{"not_picked":["Force Field","Stack"],"picked":"Coolheaded","floor":3.0},{"not_picked":["Conserve Battery","Cold Snap"],"picked":"Doom and Gloom","floor":4.0},{"not_picked":["Hello World","Reprogram"],"picked":"Auto Shields","floor":7.0},{"not_picked":["Lockon","Double Energy"],"picked":"Coolheaded","floor":8.0},{"not_picked":["Doom and Gloom","Conserve Battery"],"picked":"Rebound","floor":11.0},{"not_picked":["Steam","Ball Lightning"],"picked":"Defragment","floor":13.0},{"not_picked":["Reprogram","Auto Shields"],"picked":"Sweeping Beam","floor":14.0},{"not_picked":["Cold Snap","White Noise"],"picked":"Redo","floor":15.0},{"not_picked":["Seek","Buffer"],"picked":"Rainbow","floor":16.0},{"not_picked":["Steam","Turbo"],"picked":"Leap","floor":18.0},{"not_picked":["Cold Snap","Capacitor"],"picked":"Scrape","floor":19.0},{"not_picked":["Cold Snap","Barrage"],"picked":"Self Repair","floor":22},{"not_picked":["Redo","Cold Snap"],"picked":"Barrage","floor":23}],"player_experience":3206932,"relics_obtained":[{"floor":7.0,"key":"Dream Catcher"},{"floor":9.0,"key":"Bag of Marbles"}],"event_choices":[{"damage_healed":0.0,"max_hp_gain":0.0,"max_hp_loss":7.0,"gold_gain":0.0,"event_name":"Golden Idol","player_choice":"Lose Max HP","floor":5.0,"gold_loss":0.0,"damage_taken":0.0,"relics_obtained":["Golden Idol"]},{"damage_healed":0.0,"max_hp_gain":0.0,"max_hp_loss":0.0,"gold_gain":0.0,"event_name":"Living Wall","player_choice":"Grow","floor":12.0,"gold_loss":0.0,"damage_taken":0.0,"cards_upgraded":["Chaos"]},{"damage_healed":0.0,"max_hp_gain":0.0,"max_hp_loss":0.0,"gold_gain":0.0,"event_name":"Addict","player_choice":"Obtained Relic","floor":20.0,"gold_loss":85.0,"damage_taken":0.0,"relics_obtained":["Oddly Smooth Stone"]},{"cards_removed":["Strike_B"],"damage_healed":0.0,"max_hp_gain":0.0,"max_hp_loss":0.0,"gold_gain":0.0,"event_name":"Purifier","player_choice":"Purged","floor":21.0,"gold_loss":0.0,"damage_taken":0.0}],"is_beta":true,"boss_relics":[{"not_picked":["SlaversCollar","Nuclear Battery"],"picked":"Snecko Eye"}],"items_purged_floors":[10],"is_endless":false,"potions_floor_spawned":[4,7,13,19],"killed_by":"Snake Plant","ascension_level":19}}