{"host":"sqgvx7mullq7izts","time":1610634008,"event":{"mods":["AchievementEnabler","AlwaysNeverKeys","Aspiration","Bard","BaseMod","Better Altar","Better Match","Better Note","Better Sensory Stone","Better Skull","Better Third Choice","Better Vampires","BetterRewards","Block Reminder","Colored Map","Conspire","Curses Come First","Custom Start","Defuse TimeMaze Blight","Disable Question Mark Monsters","Downfall","Energized Spire","GifTheSpireLib","Gold Saver","Halation","Hermit","Hubris","Infinite Spire","Jedi Mod","Jorbs\u0027s Wanderer Trilogy","Minty Spire (QoL Compilation)","Permanent Neow","Quick Restart","Relic Filter","Remove Card Discount Mod","Replay The Spire","Shade Mod","Spicy Shops","Spikes Relics","StSLib","Stuff the Spire","The Bug Knight","The Construct","The Disciple","The Hierophant","The Judge","The Sage","The Spell Scribe","The Wild Card","TheVacant","Transform Curses","Uncapped","Unceasing Turn Reminder","UnlockEverythingMod","Wandering Minibosses"],"gold_per_floor":[568,42,42,58,74,74,74,49,49,13,13,16,18,18],"floor_reached":13,"language":"ENG","playtime":529,"items_purged":[],"score":73,"play_id":"37270bc8-ea1e-4b94-ad27-1c7db90b20c0","local_time":"20210114072008","is_ascension_mode":false,"campfire_choices":[{"data":"theWildCard:PowerOfTheArcana","floor":6,"key":"SMITH"},{"data":"theWildCard:Arsene","floor":11,"key":"SMITH"}],"circlet_count":0,"master_deck":["theWildCard:BasicStrike","theWildCard:BasicStrike","theWildCard:BasicStrike","theWildCard:BasicStrike","theWildCard:BasicDefend","theWildCard:BasicDefend","theWildCard:BasicDefend","theWildCard:BasicDefend","theWildCard:CallToAdventure","theWildCard:Arsene+1","theWildCard:Ruination","theWildCard:PaleRider+1","theWildCard:PowerOfTheArcana+1","theWildCard:MagicMettle","theWildCard:ArcaneArts","Pride","theWildCard:Safeguard","theWildCard:StingingStrike"],"relics":["theWildCard:VelvetContract","Mercury Hourglass","jedi:fakemustache","InkBottle","Ring of Greed","infinitespire:Midas Blood","Smiling Mask","jedi:kaleidoscope"],"acts_visited":["Exordium"],"potions_floor_usage":[],"damage_taken":[{"damage":12,"enemies":"Cultist","floor":1,"turns":4},{"damage":5,"enemies":"Small Slimes","floor":4,"turns":2},{"damage":11,"enemies":"Jaw Worm","floor":5,"turns":2},{"damage":40,"enemies":"2 Fungi Beasts","floor":12,"turns":5},{"damage":11,"enemies":"Gremlin Nob","floor":13,"turns":2}],"seed_played":"-3605080228115661194","potions_obtained":[{"floor":1,"key":"EntropicBrew"}],"is_trial":false,"path_per_floor":["M","$","?","M","M","R","?","$","T","?","R","M","E"],"character_chosen":"THE_WILD_CARD","items_purchased":["theWildCard:PowerOfTheArcana","Mercury Hourglass","jedi:fakemustache","InkBottle","Ring of Greed","theWildCard:Safeguard"],"campfire_rested":0,"item_purchase_floors":[2,2,2,2,8,8],"current_hp_per_floor":[48,60,60,55,44,44,44,54,54,43,43,3,0,0],"gold":18,"neow_bonus":"ONE_RANDOM_RARE_CARD","is_daily":false,"chose_seed":false,"campfire_upgraded":2,"win_rate":0.0,"timestamp":1610634008,"path_taken":["M","$","?","?","?","R","?","?","T","?","R","M","E"],"items_purchased_type":["Card","Relic","Relic","Relic","Relic","Card"],"build_version":"2020-12-22","purchased_purges":0,"victory":false,"max_hp_per_floor":[60,60,60,60,60,60,60,60,60,60,60,60,60,60],"card_choices":[{"not_picked":["theWildCard:StingingStrike","theWildCard:Michael"],"picked":"theWildCard:PaleRider","floor":1},{"not_picked":["theWildCard:Scathach","theWildCard:Metatron"],"picked":"theWildCard:MagicMettle","floor":4},{"not_picked":["theWildCard:StingingStrike","theWildCard:Michael"],"picked":"theWildCard:ArcaneArts","floor":5},{"not_picked":["theWildCard:ArcaneArts","theWildCard:Scathach"],"picked":"theWildCard:StingingStrike","floor":12}],"player_experience":249074,"relics_obtained":[{"floor":8,"key":"infinitespire:Midas Blood"},{"floor":8,"key":"Smiling Mask"},{"floor":9,"key":"jedi:kaleidoscope"}],"event_choices":[{"damage_healed":0,"gold_gain":0,"player_choice":"Upgraded","damage_taken":0,"max_hp_gain":0,"max_hp_loss":0,"event_name":"Upgrade Shrine","floor":3,"gold_loss":0,"cards_upgraded":["theWildCard:PaleRider"]},{"damage_healed":0,"gold_gain":0,"player_choice":"Slimed","damage_taken":11,"max_hp_gain":0,"max_hp_loss":0,"event_name":"betterThird:BetterGoop","floor":10,"gold_loss":38}],"is_beta":false,"boss_relics":[],"items_purged_floors":[],"is_endless":false,"potions_floor_spawned":[1],"killed_by":"Gremlin Nob","ascension_level":0}}