{"host":"aaqofma31c3gm2hj","time":1610602318,"event":{"mods":["BaseMod","GungeonMod","Minty Spire (QoL Compilation)","Replay The Spire","Spicy Shops","StSLib","The Cursed"],"gold_per_floor":[113,188,208,208,208,208,233,250,250,250,10,30,49,84,84,158,158,175,211,223,223,123,123,148,148,148,148,148],"floor_reached":27,"language":"ZHS","playtime":635,"items_purged":["Defend_P","Defend_P"],"score":653,"play_id":"f5edde6a-55a1-4ce1-b8ce-cd6f3336850a","local_time":"20210114133158","is_ascension_mode":true,"campfire_choices":[{"data":"Eruption","floor":6.0,"key":"SMITH"},{"data":"ForeignInfluence","floor":10.0,"key":"SMITH"},{"data":"Wallop","floor":15.0,"key":"SMITH"},{"floor":23.0,"key":"REST"}],"circlet_count":0,"master_deck":["AscendersBane","Strike_P","Strike_P+1","Strike_P","Defend_P+1","Eruption+1","Vigilance","Wallop+1","Crescendo+1","ForeignInfluence+1","Steam","Crescendo","LessonLearned","Omniscience"],"relics":["PureWater","NeowsBlessing","Bag of Marbles","Replay:Ringing Soul","TheAbacus","DemoMod:WeirdEgg","Calling Bell","Replay:Mystery Machine","Eternal Feather","Gambling Chip","ReplayTheSpireMod:Ninjato","ReplayTheSpireMod:Lightbulb","Snack Pack"],"acts_visited":["Exordium","TheCity"],"potions_floor_usage":[27],"damage_taken":[{"damage":0.0,"enemies":"Small Slimes","floor":1.0,"turns":2.0},{"damage":0.0,"enemies":"2 Louse","floor":3.0,"turns":1.0},{"damage":0.0,"enemies":"Lagavulin","floor":7.0,"turns":1.0},{"damage":0.0,"enemies":"Jaw Worm","floor":8.0,"turns":2.0},{"damage":0.0,"enemies":"3 Louse","floor":12.0,"turns":1.0},{"damage":0.0,"enemies":"2 Fungi Beasts","floor":13.0,"turns":2.0},{"damage":14.0,"enemies":"Gremlin Nob","floor":14.0,"turns":3.0},{"damage":0.0,"enemies":"Fading Forest","floor":16.0,"turns":13.0},{"damage":8.0,"enemies":"Shell Parasite","floor":18.0,"turns":4.0},{"damage":0.0,"enemies":"Spheric Guardian","floor":20.0,"turns":3.0},{"damage":13.0,"enemies":"Replay:Snechameleon","floor":24.0,"turns":4.0},{"damage":28,"enemies":"Book of Stabbing","floor":27,"turns":3}],"seed_played":"-7307665502336599948","potions_obtained":[{"floor":1.0,"key":"EssenceOfSteel"},{"floor":8.0,"key":"Strength Potion"},{"floor":16.0,"key":"FearPotion"},{"floor":20.0,"key":"Block Potion"}],"is_trial":false,"path_per_floor":["M","?","M","?","?","R","E","M","T","R","$","M","M","E","R","B",null,"M","?","M","?","$","R","E","?","T","E"],"character_chosen":"WATCHER","items_purchased":["TheAbacus"],"campfire_rested":1,"item_purchase_floors":[11],"current_hp_per_floor":[61,50,50,55,55,55,55,55,55,55,55,58,61,47,47,68,79,71,44,44,20,20,52,39,39,39,13,13],"gold":148,"neow_bonus":"THREE_ENEMY_KILL","is_daily":false,"chose_seed":false,"campfire_upgraded":3,"win_rate":0.0,"timestamp":1610602318,"path_taken":["M","?","M","?","?","R","E","M","T","R","?","M","M","E","R","BOSS","M","?","?","?","$","R","E","?","T","E"],"items_purchased_type":["Relic"],"build_version":"2020-12-22","purchased_purges":2,"victory":false,"max_hp_per_floor":[68,68,68,73,73,73,73,73,73,73,73,76,79,79,79,82,82,82,82,82,87,87,87,87,87,87,87,87],"card_choices":[{"not_picked":["FlyingSleeves","MentalFortress"],"picked":"Wallop","floor":1.0},{"not_picked":["Worship","Prostrate"],"picked":"Crescendo","floor":3.0},{"not_picked":["EmptyMind","Sanctity","Wireheading"],"picked":"SKIP","floor":7.0},{"not_picked":["Pray","Halt","Evaluate"],"picked":"SKIP","floor":8.0},{"not_picked":["FollowUp","Prostrate"],"picked":"Crescendo","floor":12.0},{"not_picked":["CarveReality","ForeignInfluence"],"picked":"LessonLearned","floor":13.0},{"not_picked":["Swivel","PathToVictory","Blasphemy"],"picked":"SKIP","floor":14.0},{"not_picked":["Judgement","DeusExMachina"],"picked":"Omniscience","floor":16.0},{"not_picked":["Swivel","Protect","CutThroughFate"],"picked":"SKIP","floor":18.0},{"not_picked":["CutThroughFate","Replay:Vibes","Consecrate"],"picked":"SKIP","floor":20.0},{"not_picked":["WindmillStrike","DeceiveReality+1","Replay:DivineShield"],"picked":"SKIP","floor":24.0}],"player_experience":591512,"relics_obtained":[{"floor":7.0,"key":"Bag of Marbles"},{"floor":9.0,"key":"Replay:Ringing Soul"},{"floor":14.0,"key":"DemoMod:WeirdEgg"},{"floor":17.0,"key":"Replay:Mystery Machine"},{"floor":17.0,"key":"Eternal Feather"},{"floor":17.0,"key":"Gambling Chip"},{"floor":19.0,"key":"ReplayTheSpireMod:Ninjato"},{"floor":24.0,"key":"ReplayTheSpireMod:Lightbulb"},{"floor":26.0,"key":"Snack Pack"}],"event_choices":[{"damage_healed":0.0,"max_hp_gain":0.0,"max_hp_loss":0.0,"gold_gain":75.0,"event_name":"World of Goop","player_choice":"Gather Gold","floor":2.0,"gold_loss":0.0,"damage_taken":11.0},{"damage_healed":0.0,"max_hp_gain":5.0,"max_hp_loss":0.0,"gold_gain":0.0,"event_name":"Big Fish","player_choice":"Donut","floor":4.0,"gold_loss":0.0,"damage_taken":0.0},{"damage_healed":0.0,"max_hp_gain":5.0,"max_hp_loss":0.0,"gold_gain":0.0,"event_name":"Forgotten Altar","player_choice":"Shed Blood","floor":21.0,"gold_loss":0.0,"damage_taken":29.0},{"damage_healed":0.0,"max_hp_gain":0.0,"max_hp_loss":0.0,"gold_gain":0.0,"event_name":"Vampires","player_choice":"Ignored","floor":25.0,"gold_loss":0.0,"damage_taken":0.0}],"is_beta":false,"boss_relics":[{"not_picked":["Tiny House","Honey Jar"],"picked":"Calling Bell"}],"items_purged_floors":[11,22],"is_endless":false,"potions_floor_spawned":[1,8,16,20],"killed_by":"Book of Stabbing","ascension_level":20}}