{"host":"ij84le5dz5iaw1mq","time":1610600452,"event":{"mods":["AchievementEnabler","BaseMod","Better Altar","Better Match","Better Note","Better Sensory Stone","Better Skull","Better Third Choice","BetterRewards","Colored Map","Colored Powertips","DeckTracker","Downfall","Hermit","Hubris","Infinite Spire","Minty Spire (QoL Compilation)","Permanent Neow","Quick Restart","Rare Cards Sparkle","Replay The Spire","Shop Mod","StSLib","The Cursed","The Disciple","The Elementalist","The Runesmith","The Spell Scribe"],"gold_per_floor":[99,110,128,147,17,17,17,17,36,69,80,5,15,29,48,143,143,68,84,95,95,107,120,120,132,132,132,132],"floor_reached":26,"language":"ENG","playtime":2496,"items_purged":[],"score":216,"play_id":"f19da12b-0797-4d38-8bfc-49d700a94df3","local_time":"20210114000052","is_ascension_mode":false,"campfire_choices":[{"floor":6,"key":"RECALL"},{"data":"Slimebound:DouseInSlime","floor":8,"key":"SMITH"},{"data":"Slimebound:ProtectTheBoss","floor":12,"key":"SMITH"},{"data":"Slimebound:Split","floor":18,"key":"SMITH"}],"circlet_count":0,"master_deck":["Slimebound:Strike_Slimebound","Slimebound:Strike_Slimebound","Slimebound:Tackle","Slimebound:Defend_Slimebound","Slimebound:Defend_Slimebound","Slimebound:Defend_Slimebound","Slimebound:Defend_Slimebound","Slimebound:Split+1","Slimebound:CorrosiveSpit","Slimebound:DouseInSlime+1","Slimebound:PressTheAttack","Slimebound:ProtectTheBoss+1","Slimebound:GrowthPunch","Slimebound:SplitMire","Slimebound:GoopSpray","Slimebound:SpikyOuterGoop","Slimebound:DisruptingSlam","Slimebound:LeechingTouch","Slimebound:LeechEnergy","Slimebound:SlimeBrawl","Slimebound:Schlurp","Slimebound:ItLooksTasty","Slimebound:Overexert","Slimebound:OneTwoCombo","Slimebound:Nibble","Well Laid Plans","Slimebound:SplitMire","Slimebound:LeechingTouch","Slimebound:LeadByExample"],"relics":["Slimebound:AbsorbEndCombat","hubris:DisguiseKit","downfall:HeartBlessingBlue","Velvet Choker","downfall:HeartBlessingRed","hubris:MobiusCoin"],"acts_visited":["Exordium","TheCity"],"potions_floor_usage":[16,16,16],"damage_taken":[{"damage":16,"enemies":"Jaw Worm","floor":2,"turns":5},{"damage":4,"enemies":"Cultist","floor":3,"turns":3},{"damage":17,"enemies":"Small Slimes","floor":4,"turns":5},{"damage":11,"enemies":"downfall:FleeingMerchant","floor":5,"turns":4},{"damage":19,"enemies":"Blue Slaver","floor":9,"turns":4},{"damage":26,"enemies":"Replay:BlueRogue","floor":10,"turns":5},{"damage":39,"enemies":"Gremlin Gang","floor":11,"turns":6},{"damage":16,"enemies":"3 Louse","floor":13,"turns":4},{"damage":18,"enemies":"2 Fungi Beasts","floor":14,"turns":5},{"damage":11,"enemies":"Blue Slaver","floor":15,"turns":3},{"damage":20,"enemies":"downfall:Watcher","floor":16,"turns":7},{"damage":30,"enemies":"3 Byrds","floor":19,"turns":5},{"damage":24,"enemies":"Spheric Guardian","floor":20,"turns":6},{"damage":15,"enemies":"Snecko","floor":22,"turns":5},{"damage":50,"enemies":"Centurion and Healer","floor":23,"turns":6},{"damage":34,"enemies":"Snake Plant","floor":25,"turns":3},{"damage":39,"enemies":"Book of Stabbing","floor":26,"turns":3}],"seed_played":"-6727274536411923328","potions_obtained":[{"floor":2,"key":"Block Potion"},{"floor":3,"key":"Guardian:BlockOnCardUsePotion"},{"floor":11,"key":"CultistPotion"},{"floor":13,"key":"DistilledChaos"},{"floor":16,"key":"Venom Potion"},{"floor":20,"key":"Slimebound:SlimyTonguePotion"},{"floor":22,"key":"Elixir"}],"is_trial":false,"path_per_floor":["R_BF","M","M","M","$","R","T","R","M","E","M","R","M","M","M","B",null,"R","M","M","?","M","M","T","M","E"],"character_chosen":"SLIMEBOUND","items_purchased":["Slimebound:SpikyOuterGoop","Slimebound:DisruptingSlam"],"campfire_rested":0,"item_purchase_floors":[5,5],"current_hp_per_floor":[60,52,60,55,60,60,60,60,57,55,37,47,43,37,38,46,70,70,64,68,68,66,44,44,26,0,0,0],"gold":132,"neow_bonus":"ONE_RANDOM_RARE_CARD","is_daily":false,"chose_seed":false,"campfire_upgraded":3,"win_rate":0.0,"timestamp":1610600452,"path_taken":["R_BF","M","M","M","$","R","T","R","M","E","M","R","M","M","M","BOSS","R","M","M","?","M","M","T","M","E"],"items_purchased_type":["Card","Card"],"build_version":"2020-12-22","purchased_purges":0,"victory":false,"max_hp_per_floor":[60,60,60,60,60,60,60,60,60,60,60,70,70,70,70,70,70,70,70,70,70,70,70,70,70,70,70,70],"card_choices":[{"not_picked":["Slimebound:FinishingTackle","Slimebound:RainOfGoop"],"picked":"Slimebound:ProtectTheBoss","floor":2},{"not_picked":["Slimebound:PressTheAttack","Slimebound:ProtectTheBoss"],"picked":"Slimebound:GrowthPunch","floor":3},{"not_picked":["Slimebound:SplitAcid","Slimebound:ComboTackle"],"picked":"Slimebound:SplitMire","floor":4},{"not_picked":["Slimebound:MegaLick","Slimebound:Equalize"],"picked":"Slimebound:GoopSpray","floor":5},{"not_picked":["Slimebound:PressTheAttack","Slimebound:BestDefense"],"picked":"Slimebound:LeechingTouch","floor":9},{"not_picked":["Slimebound:FlameTackle","Slimebound:Overexert"],"picked":"Slimebound:LeechEnergy","floor":10},{"not_picked":["Slimebound:GoopTackle","Slimebound:RollThrough","Deadly Poison"],"picked":"Slimebound:SlimeBrawl","floor":11},{"not_picked":["Slimebound:ComboTackle","Slimebound:RollThrough","Dodge and Roll"],"picked":"Slimebound:Schlurp","floor":13},{"not_picked":["Slimebound:SplitMire","Slimebound:ViciousTackle","Escape Plan"],"picked":"Slimebound:ItLooksTasty","floor":14},{"not_picked":["Slimebound:BestDefense","Slimebound:ProtectTheBoss","Eviscerate"],"picked":"Slimebound:Overexert","floor":15},{"not_picked":["Slimebound:MassRepurpose","Slimebound:WasteNot","ReplayTheSpireMod:Necrosis"],"picked":"Slimebound:OneTwoCombo","floor":16},{"not_picked":["Slimebound:GrowthPunch","Slimebound:SplitMire","Finisher"],"picked":"Slimebound:Nibble","floor":19},{"not_picked":["Slimebound:FinishingTackle","Slimebound:ViciousTackle","Slimebound:SamplingLick"],"picked":"Well Laid Plans","floor":20},{"not_picked":["Slimebound:Nibble+1","Slimebound:PressTheAttack","ReplayTheSpireMod:Speed Training"],"picked":"Slimebound:SplitMire","floor":22},{"not_picked":["Slimebound:SlimeTap+1","Slimebound:LeechEnergy","Flying Knee"],"picked":"Slimebound:LeechingTouch","floor":23},{"not_picked":["Slimebound:ViciousTackle+1","Slimebound:GrowthPunch","Flying Knee"],"picked":"Slimebound:LeadByExample","floor":25}],"player_experience":153824,"relics_obtained":[{"floor":10,"key":"hubris:DisguiseKit"},{"floor":24,"key":"hubris:MobiusCoin"}],"event_choices":[{"damage_healed":0,"gold_gain":0,"player_choice":"Ignored","damage_taken":0,"max_hp_gain":0,"max_hp_loss":0,"event_name":"betterNote:BetterNote","floor":21,"gold_loss":0,"cards_obtained":["Strike_R"]}],"is_beta":false,"boss_relics":[{"not_picked":["hubris:ScarierMask","hubris:GrandSneckoEye"],"picked":"Velvet Choker"}],"items_purged_floors":[],"is_endless":false,"potions_floor_spawned":[2,3,11,13,16,20,22,23,25],"killed_by":"Book of Stabbing","ascension_level":0}}