{"host":"x4juqxtivqd4pvh0","time":1610588611,"event":{"mods":["AchievementEnabler","BaseMod","Colored Map","Colored Powertips","Googly Eyes","Minty Spire (QoL Compilation)","Rare Cards Sparkle","Shop Mod","SuperFastMode"],"gold_per_floor":[112,112,129,204,216,216,181,17,17,47,47,73,73,73,73,173,173,188,188,31,31,31,31,31,51,74,74,74],"floor_reached":27,"language":"ENG","playtime":741,"items_purged":[],"score":230,"play_id":"1b8d35ab-5ec3-4e4e-b3bb-2b934cbd68f1","local_time":"20210114121331","is_ascension_mode":false,"campfire_choices":[{"data":"Ghostly Armor","floor":6,"key":"SMITH"},{"data":"Immolate","floor":11,"key":"SMITH"},{"data":"Flex","floor":13,"key":"SMITH"},{"data":"Perfected Strike","floor":15,"key":"SMITH"},{"data":"Heavy Blade","floor":23,"key":"SMITH"}],"circlet_count":0,"master_deck":["Strike_R","Strike_R","Strike_R","Strike_R","Strike_R","Defend_R","Defend_R","Defend_R","Defend_R","Heavy Blade+1","Perfected Strike+1","Ghostly Armor+1","Immolate+1","Flex+1","Offering","Disarm+1","Decay","Ghostly","Ghostly","Ghostly","Ghostly","Ghostly","Clash"],"relics":["Burning Blood","Frozen Egg 2","Pear","Toy Ornithopter","Snecko Eye","Bag of Marbles","Boot"],"acts_visited":["Exordium","TheCity"],"potions_floor_usage":[],"damage_taken":[{"damage":2,"enemies":"Small Slimes","floor":1,"turns":5},{"damage":15,"enemies":"Jaw Worm","floor":3,"turns":5},{"damage":1,"enemies":"2 Louse","floor":5,"turns":3},{"damage":20,"enemies":"Gremlin Nob","floor":12,"turns":4},{"damage":41,"enemies":"Slime Boss","floor":16,"turns":11},{"damage":21,"enemies":"2 Thieves","floor":18,"turns":3},{"damage":29,"enemies":"Shell Parasite","floor":25,"turns":5},{"damage":24,"enemies":"Sentry and Sphere","floor":27,"turns":5}],"seed_played":"718905762055288699","potions_obtained":[{"floor":3,"key":"FearPotion"},{"floor":12,"key":"GamblersBrew"},{"floor":25,"key":"LiquidBronze"}],"is_trial":false,"path_per_floor":["M","?","M","?","M","R","?","$","T","?","R","E","R","?","R","B",null,"M","?","$","?","$","R","$","M","T","M"],"character_chosen":"IRONCLAD","items_purchased":["Immolate","Bag of Marbles"],"campfire_rested":0,"item_purchase_floors":[8,20],"current_hp_per_floor":[80,85,76,65,70,70,85,85,85,95,95,81,81,81,81,46,95,80,80,80,47,47,47,47,24,24,0,0],"gold":74,"neow_bonus":"TRANSFORM_CARD","is_daily":false,"chose_seed":false,"campfire_upgraded":5,"win_rate":0.0,"timestamp":1610588611,"path_taken":["M","?","M","?","M","R","?","?","T","?","R","E","R","?","R","BOSS","M","?","?","?","?","R","$","?","T","M"],"items_purchased_type":["Card","Relic"],"build_version":"2020-12-22","purchased_purges":0,"victory":false,"max_hp_per_floor":[80,85,85,85,85,85,85,85,85,95,95,95,95,95,95,95,95,95,95,95,47,47,47,47,47,47,47,47],"card_choices":[{"not_picked":["Sword Boomerang","Burning Pact"],"picked":"Heavy Blade","floor":1},{"not_picked":["Sword Boomerang","Thunderclap"],"picked":"Perfected Strike","floor":3},{"not_picked":["Body Slam","Perfected Strike"],"picked":"Ghostly Armor","floor":5},{"not_picked":["Intimidate","Hemokinesis"],"picked":"Flex","floor":12},{"not_picked":["Barricade+1","Limit Break"],"picked":"Offering","floor":16},{"not_picked":["Cleave","Rampage"],"picked":"Disarm+1","floor":18},{"not_picked":["Dark Embrace+1","Clothesline"],"picked":"Clash","floor":25}],"player_experience":64614,"relics_obtained":[{"floor":9,"key":"Frozen Egg 2"},{"floor":12,"key":"Toy Ornithopter"},{"floor":26,"key":"Boot"}],"event_choices":[{"damage_healed":0,"gold_gain":0,"player_choice":"Donut","damage_taken":0,"max_hp_gain":5,"max_hp_loss":0,"event_name":"Big Fish","floor":2,"gold_loss":0},{"damage_healed":0,"gold_gain":75,"player_choice":"Gather Gold","damage_taken":11,"max_hp_gain":0,"max_hp_loss":0,"event_name":"World of Goop","floor":4,"gold_loss":0},{"damage_healed":21,"gold_gain":0,"player_choice":"Healed","damage_taken":0,"max_hp_gain":0,"max_hp_loss":0,"event_name":"The Cleric","floor":7,"gold_loss":35},{"damage_healed":0,"gold_gain":30,"player_choice":"Searched \u00272\u0027 times","damage_taken":0,"relics_obtained":["Pear"],"max_hp_gain":0,"max_hp_loss":0,"event_name":"Dead Adventurer","floor":10,"gold_loss":0},{"cards_removed":["Demon Form"],"damage_healed":0,"gold_gain":0,"player_choice":"Forget","damage_taken":0,"max_hp_gain":0,"max_hp_loss":0,"event_name":"Living Wall","floor":14,"gold_loss":0},{"damage_healed":0,"gold_gain":0,"player_choice":"Cursed","damage_taken":0,"max_hp_gain":0,"max_hp_loss":0,"event_name":"Wheel of Change","floor":19,"gold_loss":0,"cards_obtained":["Decay"]},{"damage_healed":0,"gold_gain":0,"player_choice":"Became a Ghost","damage_taken":0,"max_hp_gain":0,"max_hp_loss":48,"event_name":"Ghosts","floor":21,"gold_loss":0,"cards_obtained":["Ghostly","Ghostly","Ghostly","Ghostly","Ghostly"]}],"is_beta":false,"boss_relics":[{"not_picked":["Runic Dome","Mark of Pain"],"picked":"Snecko Eye"}],"items_purged_floors":[],"is_endless":false,"potions_floor_spawned":[3,12,25],"killed_by":"Sentry and Sphere","ascension_level":0}}