{"host":"w8hjdfrntrrvtiu5","time":1610608363,"event":{"mods":["AchievementEnabler","BaseMod","BetterRewards","Conspire","Hubris","Marisa????????","Minty Spire (QoL Compilation)","Shop Mod","StSLib","Td1madao Mod","The Animator","egg","everything is the same but u backflip on backflip"],"gold_per_floor":[111,26,26,26,43,43,78,97,97,97,16,29,44,89,89,166,166,181,200,220,220,220],"floor_reached":21,"language":"ENG","playtime":667,"items_purged":[],"score":308,"play_id":"dbe50611-866a-4508-8db9-e7e0ab34258b","local_time":"20210114021243","is_ascension_mode":true,"campfire_choices":[{"data":"Multi-Cast","floor":6,"key":"SMITH"},{"floor":10,"key":"REST"},{"data":"Defragment","floor":15,"key":"SMITH"}],"circlet_count":0,"master_deck":["AscendersBane","Strike_B","Strike_B","Strike_B","Strike_B+1","Defend_B+1","Defend_B","Defend_B","Defend_B","Zap","Dualcast","Multi-Cast+1","Turbo","Steam","Self Repair","Cold Snap","Defragment+1","Tempest","White Noise","Capacitor","BootSequence","Barrage","Gash","Sweeping Beam+1"],"relics":["Cracked Core","Darkstone Periapt","DataDisk","Bag of Marbles","PreservedInsect","Inserter"],"acts_visited":["Exordium","TheCity"],"potions_floor_usage":[13,16,18],"damage_taken":[{"damage":0,"enemies":"2 Louse","floor":1,"turns":3},{"damage":0,"enemies":"Jaw Worm","floor":5,"turns":3},{"damage":46,"enemies":"Gremlin Nob","floor":7,"turns":5},{"damage":5,"enemies":"Small Slimes","floor":8,"turns":2},{"damage":0,"enemies":"Blue Slaver","floor":12,"turns":3},{"damage":0,"enemies":"Gremlin Gang","floor":13,"turns":2},{"damage":34,"enemies":"Hexaghost","floor":16,"turns":13},{"damage":33,"enemies":"conspire:FuzzyDice","floor":18,"turns":7},{"damage":3,"enemies":"Chosen","floor":19,"turns":4},{"damage":32,"enemies":"Snake Plant","floor":20,"turns":3},{"damage":10,"enemies":"Centurion and Healer","floor":21,"turns":1}],"seed_played":"-3177180271891730901","potions_obtained":[{"floor":8,"key":"SkillPotion"},{"floor":13,"key":"SkillPotion"},{"floor":16,"key":"LiquidBronze"},{"floor":20,"key":"FocusPotion"}],"is_trial":false,"path_per_floor":["M","$","?","?","M","R","E","M","T","R","$","M","M","T","R","B",null,"M","M","M","M"],"character_chosen":"DEFECT","items_purchased":["Steam","Self Repair","White Noise"],"campfire_rested":1,"item_purchase_floors":[2,2,11],"current_hp_per_floor":[64,64,50,43,50,50,11,13,13,34,34,41,41,41,41,14,57,31,35,10,0,0],"gold":220,"neow_bonus":"ONE_RANDOM_RARE_CARD","is_daily":false,"chose_seed":false,"campfire_upgraded":2,"win_rate":0.0,"timestamp":1610608363,"path_taken":["M","$","?","?","M","R","E","M","T","R","?","M","M","?","R","BOSS","M","M","?","M"],"items_purchased_type":["Card","Card","Card"],"build_version":"2020-12-22","purchased_purges":0,"victory":false,"max_hp_per_floor":[71,71,71,71,71,71,71,71,71,71,71,71,71,71,71,71,71,71,71,71,71,71],"card_choices":[{"not_picked":["Rebound","Loop"],"picked":"Turbo","floor":1},{"not_picked":["Rebound","Storm"],"picked":"Cold Snap","floor":5},{"not_picked":["Auto Shields","Gash"],"picked":"Defragment","floor":7},{"not_picked":["Steam Power","Heatsinks"],"picked":"Tempest","floor":8},{"not_picked":["Reinforced Body","Streamline"],"picked":"Capacitor","floor":12},{"not_picked":["Steam Power","Stack"],"picked":"BootSequence","floor":13},{"not_picked":["Capacitor","conspire:Rain"],"picked":"Barrage","floor":18},{"not_picked":["Steam","Steam Power"],"picked":"Gash","floor":19},{"not_picked":["Gash","Go for the Eyes"],"picked":"Sweeping Beam+1","floor":20}],"player_experience":2396455,"relics_obtained":[{"floor":7,"key":"DataDisk"},{"floor":9,"key":"Bag of Marbles"},{"floor":14,"key":"PreservedInsect"}],"event_choices":[{"damage_healed":0,"gold_gain":0,"player_choice":"Entered Light","damage_taken":14,"max_hp_gain":0,"max_hp_loss":0,"event_name":"Shining Light","floor":3,"gold_loss":0,"cards_upgraded":["Strike_B","Defend_B"]},{"damage_healed":0,"gold_gain":0,"player_choice":"Success","damage_taken":7,"relics_obtained":["Darkstone Periapt"],"max_hp_gain":0,"max_hp_loss":0,"event_name":"Scrap Ooze","floor":4,"gold_loss":0}],"is_beta":false,"boss_relics":[{"not_picked":["Coffee Dripper","Nuclear Battery"],"picked":"Inserter"}],"items_purged_floors":[],"is_endless":false,"potions_floor_spawned":[8,13,16,20],"killed_by":"Centurion and Healer","ascension_level":14}}