{"host":"1sqx9dmsrxu9kvq7","time":1610604814,"event":{"mods":["2.2 Compatiblity","Act Like it!","BaseMod","CapriCore","Colored Powertips","Custom Start","Friendly Minions","Gensokyo","Koishi","KomeijiMod","Marisa（霧雨　魔理沙）","Minty Spire (QoL Compilation)","Rare Cards Sparkle","Reimu（博??梦）","Relic Stats","Remilia（蕾米莉?）","Shop Mod","Spicy Shops","StSLib","The Administrix","The Immortal","The Servant 0.9.4","Waifu the Spire","Yakumo Yukari mod","Yuyuko"],"gold_per_floor":[119,131,13,25,25,25,25,25,99,99,114,124,136,167,167,265,265,280,292,292,96,96,96,96],"floor_reached":22,"language":"ENG","playtime":1567,"items_purged":[],"score":186,"play_id":"0e5c045c-3c28-4303-bcc1-eb38392242b9","local_time":"20210114001334","is_ascension_mode":false,"campfire_choices":[{"floor":6,"key":"RECALL"},{"data":"MokouMod:ScorchedEarth","floor":8,"key":"SMITH"},{"floor":15,"key":"REST"}],"circlet_count":0,"master_deck":["MokouMod:Strike","MokouMod:Strike","MokouMod:Strike","MokouMod:Strike","MokouMod:Strike","MokouMod:Defend","MokouMod:Defend","MokouMod:Defend","MokouMod:Defend","MokouMod:HeatSpark","Panacea","MokouMod:AdaptivePyromancy","MokouMod:ScorchedEarth+1","MokouMod:ScorchingColumn","MokouMod:Ember","MokouMod:BurningHiddenBullet","MokouMod:CrimsonArmoury","MokouMod:Ventilation","MokouMod:HeatCyclone","MokouMod:UncontrollableSolarReaction","Gensokyo:DepletedGenerator","Gensokyo:MysteriousEgg","Gensokyo:BlemishedSteel"],"relics":["MokouMod:PhoenixFeather","White Beast Statue","Black Star"],"acts_visited":["Gensokyo:Gensokyo","Gensokyo:Gensokyoer"],"potions_floor_usage":[14],"damage_taken":[{"damage":4,"enemies":"Gensokyo:3_Fairies","floor":1,"turns":5},{"damage":4,"enemies":"Gensokyo:2_Kodama","floor":2,"turns":5},{"damage":1,"enemies":"Gensokyo:Python","floor":4,"turns":4},{"damage":0,"enemies":"Gensokyo:5_Fairies","floor":11,"turns":4},{"damage":11,"enemies":"Gensokyo:Gryphon_and_Rabbit","floor":12,"turns":5},{"damage":9,"enemies":"Gensokyo:Python_and_Kodama","floor":13,"turns":3},{"damage":35,"enemies":"Gensokyo:Aya","floor":14,"turns":9},{"damage":38,"enemies":"Gensokyo:Yukari","floor":16,"turns":10},{"damage":24,"enemies":"Gensokyo:2_Gloops","floor":18,"turns":6},{"damage":55,"enemies":"Gensokyo:3_Dogs","floor":19,"turns":6},{"damage":42,"enemies":"Gensokyo:Swordslinger","floor":22,"turns":2}],"seed_played":"-3473229692812691475","potions_obtained":[{"floor":1,"key":"CalmPotion"},{"floor":11,"key":"ColorlessPotion"},{"floor":12,"key":"LiquidMemories"},{"floor":13,"key":"Block Potion"},{"floor":16,"key":"CalmPotion"},{"floor":18,"key":"AttackPotion"}],"is_trial":false,"path_per_floor":["M","M","$","M","COS","R","$","R","T","?","M","M","M","E","R","B",null,"M","M","?","COS","M"],"character_chosen":"MKU","items_purchased":["MokouMod:ScorchedEarth"],"campfire_rested":1,"item_purchase_floors":[3],"current_hp_per_floor":[71,67,67,66,66,66,66,66,66,66,66,55,46,11,33,18,75,51,18,18,18,0,0,0],"gold":96,"neow_bonus":"RANDOM_COLORLESS","is_daily":false,"chose_seed":false,"campfire_upgraded":1,"win_rate":0.0,"timestamp":1610604814,"path_taken":["M","?","?","M","COS","R","$","R","T","?","M","?","M","E","R","BOSS","M","M","?","COS","M"],"items_purchased_type":["Card"],"build_version":"2020-12-22","purchased_purges":0,"victory":false,"max_hp_per_floor":[75,75,75,75,75,75,75,75,75,75,75,75,75,75,75,75,75,75,75,75,75,75,75,75],"relic_stats":{"counters":[11,59],"Black Star":0,"obtain_stats":[{"MokouMod:PhoenixFeather":0,"Black Star":17,"White Beast Statue":14},{"MokouMod:PhoenixFeather":0,"Black Star":8,"White Beast Statue":7},{"MokouMod:PhoenixFeather":0,"Black Star":45,"White Beast Statue":35}]},"card_choices":[{"not_picked":["Purity","Mind Blast"],"picked":"Panacea","floor":0},{"not_picked":["MokouMod:FujiyamaVolcano","MokouMod:InfernalWave"],"picked":"MokouMod:AdaptivePyromancy","floor":1},{"not_picked":["MokouMod:AdaptivePyromancy","MokouMod:FujiyamaVolcano"],"picked":"MokouMod:IcarusDive","floor":2},{"not_picked":["MokouMod:FujiyamaVolcano","MokouMod:SearingShot","MokouMod:EternalBurstReactor"],"picked":"SKIP","floor":4},{"not_picked":["MokouMod:IcarusDive","MokouMod:HeatFactory"],"picked":"MokouMod:ScorchingColumn","floor":11},{"not_picked":["MokouMod:FlickeringFlame","MokouMod:BlazingComet"],"picked":"MokouMod:Ember","floor":12},{"not_picked":["MokouMod:Singe","MokouMod:IllusoryBattlefield"],"picked":"MokouMod:BurningHiddenBullet","floor":13},{"not_picked":["MokouMod:ResoluteFlare","MokouMod:BurningDraft"],"picked":"MokouMod:CrimsonArmoury","floor":14},{"not_picked":["MokouMod:SpontaneousHumanCombustion","MokouMod:ProfanedFlare"],"picked":"MokouMod:Ventilation","floor":16},{"not_picked":["MokouMod:EternalBurstReactor+1","MokouMod:HeatTransfer+1"],"picked":"MokouMod:HeatCyclone","floor":18},{"not_picked":["MokouMod:Ember+1","MokouMod:Singe"],"picked":"MokouMod:UncontrollableSolarReaction","floor":19}],"player_experience":184484,"relics_obtained":[{"floor":14,"key":"White Beast Statue"}],"event_choices":[],"is_beta":false,"boss_relics":[{"not_picked":["Snecko Eye","Tiny House"],"picked":"Black Star"}],"items_purged_floors":[],"is_endless":false,"potions_floor_spawned":[1,11,12,13,16,18,19],"killed_by":"Gensokyo:Swordslinger","ascension_level":0}}