{"host":"p9t7qd83igtcp2bh","time":1610608032,"event":{"mods":["2.2 Compatiblity","AchievementEnabler","BaseMod","Colored Map","Colored Powertips","Custom Start","DeckTracker","Keyboard Shortcuts","Minty Spire (QoL Compilation)","Permanent Neow","StSLib","SuperFastMode","everything is the same but u backflip on backflip"],"gold_per_floor":[115,115,115,133,153,124,124,163,215,231,254,287,316,334,334,433,433,391,316,316,337,387,387,72,91,91,114,114,114],"floor_reached":28,"language":"KOR","playtime":783,"items_purged":["Zap"],"score":449,"play_id":"5638dfdd-8e1e-4c60-a738-33ab1ec91e72","local_time":"20210114160712","is_ascension_mode":true,"campfire_choices":[{"data":"Streamline","floor":7.0,"key":"SMITH"},{"data":"Capacitor","floor":15.0,"key":"SMITH"},{"floor":23,"key":"REST"}],"circlet_count":0,"master_deck":["AscendersBane","Strike_B","Strike_B","Defend_B","Defend_B","Dualcast","Bandage Up","Barrage","Coolheaded","Rebound","Auto Shields","Streamline+1","Glacier","Sweeping Beam","White Noise","Capacitor+1","Consume","Buffer","Loop","White Noise","Storm","BootSequence+1","Cold Snap","Heatsinks","Storm"],"relics":["Cracked Core","Golden Idol","Ancient Tea Set","Bag of Preparation","Lizard Tail","Odd Mushroom","SacredBark","Membership Card","Blood Vial","Bottled Tornado"],"acts_visited":["Exordium","TheCity"],"potions_floor_usage":[18,27],"damage_taken":[{"damage":9.0,"enemies":"Jaw Worm","floor":1.0,"turns":4.0},{"damage":6.0,"enemies":"2 Louse","floor":4.0,"turns":3.0},{"damage":7.0,"enemies":"Small Slimes","floor":5.0,"turns":3.0},{"damage":20.0,"enemies":"Lagavulin","floor":8.0,"turns":6.0},{"damage":5.0,"enemies":"Exordium Wildlife","floor":10.0,"turns":6.0},{"damage":0.0,"enemies":"Large Slime","floor":11.0,"turns":5.0},{"damage":14.0,"enemies":"Gremlin Nob","floor":12.0,"turns":3.0},{"damage":3.0,"enemies":"The Mushroom Lair","floor":13.0,"turns":4.0},{"damage":5.0,"enemies":"Red Slaver","floor":14.0,"turns":5.0},{"damage":3.0,"enemies":"The Guardian","floor":16.0,"turns":9.0},{"damage":36,"enemies":"2 Thieves","floor":18,"turns":5},{"damage":32,"enemies":"Spheric Guardian","floor":21,"turns":6},{"damage":17,"enemies":"Snecko","floor":25,"turns":5},{"damage":29,"enemies":"Chosen and Byrds","floor":27,"turns":6},{"damage":49,"enemies":"Centurion and Healer","floor":28,"turns":5}],"seed_played":"3700052959797725755","potions_obtained":[{"floor":1.0,"key":"Fruit Juice"},{"floor":5.0,"key":"SneckoOil"},{"floor":11.0,"key":"Block Potion"},{"floor":12.0,"key":"Fruit Juice"},{"floor":16.0,"key":"Ancient Potion"},{"floor":21,"key":"PotionOfCapacity"},{"floor":25,"key":"PowerPotion"}],"is_trial":false,"path_per_floor":["M","?","?","M","M","$","R","E","T","M","M","E","?","M","R","B",null,"M","?","?","M","?","R","$","M","T","M","M"],"character_chosen":"DEFECT","items_purchased":["Streamline","Membership Card","Blood Vial","Cold Snap"],"campfire_rested":1,"item_purchase_floors":[6,24,24,24],"current_hp_per_floor":[59,59,35,33,30,30,30,14,14,13,22,12,13,12,12,13,60,38,38,38,10,10,35,35,20,20,43,0,0],"gold":114,"neow_bonus":"RANDOM_COLORLESS","is_daily":false,"chose_seed":false,"campfire_upgraded":2,"win_rate":0.0,"timestamp":1610608032,"path_taken":["M","?","?","M","M","$","R","E","T","M","M","E","?","?","R","BOSS","M","?","?","M","?","R","$","M","T","?","M"],"items_purchased_type":["Card","Relic","Relic","Card"],"build_version":"2020-12-22","purchased_purges":1,"victory":false,"max_hp_per_floor":[71,71,71,71,71,71,71,71,71,71,76,76,76,76,76,76,76,86,86,86,86,86,86,86,86,86,86,86,86],"card_choices":[{"not_picked":["Purity","Dark Shackles"],"picked":"Bandage Up","floor":0.0},{"not_picked":["Go for the Eyes","Beam Cell"],"picked":"Barrage","floor":1.0},{"not_picked":["Hologram","Coolheaded"],"picked":"Rebound","floor":4.0},{"not_picked":["Redo","FTL"],"picked":"Auto Shields","floor":5.0},{"not_picked":["Gash","Steam"],"picked":"Glacier","floor":8.0},{"not_picked":["Chaos","Glacier"],"picked":"Sweeping Beam","floor":10.0},{"not_picked":["Turbo","Barrage"],"picked":"White Noise","floor":11.0},{"not_picked":["Meteor Strike","FTL"],"picked":"Capacitor","floor":12.0},{"not_picked":["Coolheaded","Cold Snap"],"picked":"Consume","floor":13.0},{"not_picked":["Gash","Darkness","Rebound"],"picked":"SKIP","floor":14.0},{"not_picked":["Meteor Strike","Seek"],"picked":"Buffer","floor":16.0},{"not_picked":["Ball Lightning","Reinforced Body"],"picked":"Loop","floor":18},{"not_picked":["Redo","Steam"],"picked":"BootSequence+1","floor":21},{"not_picked":["Reinforced Body","Tempest"],"picked":"Heatsinks","floor":25},{"not_picked":["Cold Snap","Streamline+1"],"picked":"Storm","floor":27}],"player_experience":637367,"relics_obtained":[{"floor":8.0,"key":"Ancient Tea Set"},{"floor":9.0,"key":"Bag of Preparation"},{"floor":12.0,"key":"Lizard Tail"},{"floor":13.0,"key":"Odd Mushroom"},{"floor":26,"key":"Bottled Tornado"}],"event_choices":[{"damage_healed":0.0,"max_hp_gain":0.0,"max_hp_loss":0.0,"gold_gain":0.0,"cards_transformed":["Strike_B"],"event_name":"Living Wall","player_choice":"Change","floor":2.0,"gold_loss":0.0,"damage_taken":0.0,"cards_obtained":["Coolheaded"]},{"damage_healed":0.0,"max_hp_gain":0.0,"max_hp_loss":0.0,"gold_gain":0.0,"event_name":"Golden Idol","player_choice":"Take Damage","floor":3.0,"gold_loss":0.0,"damage_taken":24.0,"relics_obtained":["Golden Idol"]},{"damage_healed":0.0,"max_hp_gain":0.0,"max_hp_loss":0.0,"gold_gain":0.0,"event_name":"Mushrooms","player_choice":"Fought Mushrooms","floor":13.0,"gold_loss":0.0,"damage_taken":0.0},{"cards_removed":["Defend_B"],"damage_healed":0,"gold_gain":0,"player_choice":"Gave Gold","damage_taken":0,"max_hp_gain":0,"max_hp_loss":0,"event_name":"Beggar","floor":19,"gold_loss":75},{"damage_healed":0,"gold_gain":0,"cards_transformed":["Strike_B","Defend_B"],"player_choice":"Became Test Subject","damage_taken":0,"max_hp_gain":0,"max_hp_loss":0,"event_name":"Drug Dealer","floor":20,"gold_loss":0,"cards_obtained":["White Noise","Storm"]},{"damage_healed":0,"gold_gain":50,"player_choice":"Pray","damage_taken":0,"max_hp_gain":0,"max_hp_loss":0,"event_name":"Golden Shrine","floor":22,"gold_loss":0}],"is_beta":false,"boss_relics":[{"not_picked":["Velvet Choker","Fusion Hammer"],"picked":"SacredBark"}],"items_purged_floors":[24],"is_endless":false,"potions_floor_spawned":[1,5,11,12,16,21,25],"killed_by":"Centurion and Healer","ascension_level":19}}