{"host":"mai03x2ekbjy4059","time":1610655832,"event":{"mods":["2.2 Compatiblity","BaseMod","DeckTracker","Highlight Path","Keyboard Shortcuts","Minty Spire (QoL Compilation)","Permanent Neow","Quick Restart","SuperFastMode","everything is the same but u backflip on backflip"],"gold_per_floor":[109,32,32,49,49,82,95,395,395,395,422,440,474,493,493,592,592,607,607,229,229,249,279,293,318,318,348,348,365,396,406,406,511,511,526,536,536,553,573,606,616,650,675,688,718,718,718,731,731,731,731,731,89,123,123,123],"floor_reached":55,"language":"KOR","playtime":1772,"items_purged":["Strike_G+1","Strike_G+1"],"score":1186,"play_id":"387b7bac-7370-4c03-903f-8c1c240e1468","local_time":"20210115052352","is_ascension_mode":true,"campfire_choices":[{"floor":8.0,"key":"DIG"},{"floor":10.0,"key":"DIG"},{"floor":15.0,"key":"DIG"},{"floor":28.0,"key":"DIG"},{"floor":32.0,"key":"DIG"},{"floor":46.0,"key":"DIG"},{"floor":49.0,"key":"RECALL"},{"floor":52,"key":"DIG"}],"circlet_count":0,"master_deck":["Strike_G+1","Strike_G+1","Strike_G+1","Defend_G+1","Defend_G+1","Defend_G+1","Defend_G+1","Defend_G+1","Survivor","Neutralize+1","Slice","Footwork","Backstab","Finisher","Cloak And Dagger","Slice","Cloak And Dagger","Envenom","Caltrops","Accuracy","Deflect","Masterful Stab","Blade Dance+1","Deflect","Backflip","Adrenaline","Masterful Stab","Noxious Fumes+1","Infinite Blades+1","Accuracy","Accuracy","Footwork","Accuracy","Accuracy"],"relics":["Ring of the Snake","Shovel","Thread and Needle","Old Coin","Incense Burner","Regal Pillow","Gremlin Horn","Blood Vial","Vajra","SlaversCollar","Medical Kit","Enchiridion","Boot","Bronze Scales","The Courier","Letter Opener","Torii","StrikeDummy","Dream Catcher","Coffee Dripper","Orichalcum","Smiling Mask","HornCleat","Mango","White Beast Statue","Nunchaku","Ice Cream","Ornamental Fan"],"acts_visited":["Exordium","TheCity","TheBeyond","TheEnding"],"potions_floor_usage":[55,55,55],"damage_taken":[{"damage":1.0,"enemies":"Cultist","floor":1.0,"turns":3.0},{"damage":0.0,"enemies":"Small Slimes","floor":4.0,"turns":3.0},{"damage":30.0,"enemies":"3 Sentries","floor":6.0,"turns":13.0},{"damage":0.0,"enemies":"Jaw Worm","floor":7.0,"turns":4.0},{"damage":0.0,"enemies":"Lagavulin","floor":11.0,"turns":5.0},{"damage":0.0,"enemies":"Large Slime","floor":12.0,"turns":4.0},{"damage":0.0,"enemies":"3 Sentries","floor":13.0,"turns":7.0},{"damage":0.0,"enemies":"Exordium Thugs","floor":14.0,"turns":3.0},{"damage":1.0,"enemies":"Slime Boss","floor":16.0,"turns":14.0},{"damage":0.0,"enemies":"Spheric Guardian","floor":18.0,"turns":3.0},{"damage":4.0,"enemies":"2 Thieves","floor":22.0,"turns":4.0},{"damage":0.0,"enemies":"Slavers","floor":23.0,"turns":6.0},{"damage":0.0,"enemies":"Cultist and Chosen","floor":24.0,"turns":5.0},{"damage":0.0,"enemies":"Book of Stabbing","floor":25.0,"turns":2.0},{"damage":0.0,"enemies":"Slavers","floor":27.0,"turns":4.0},{"damage":0.0,"enemies":"Centurion and Healer","floor":29.0,"turns":6.0},{"damage":0.0,"enemies":"Book of Stabbing","floor":30.0,"turns":4.0},{"damage":15.0,"enemies":"Shelled Parasite and Fungi","floor":31.0,"turns":3.0},{"damage":0.0,"enemies":"Automaton","floor":33.0,"turns":6.0},{"damage":0.0,"enemies":"3 Shapes","floor":35.0,"turns":5.0},{"damage":0.0,"enemies":"3 Darklings","floor":36.0,"turns":2.0},{"damage":0.0,"enemies":"Transient","floor":38.0,"turns":5.0},{"damage":0.0,"enemies":"Jaw Worm Horde","floor":39.0,"turns":4.0},{"damage":0.0,"enemies":"Reptomancer","floor":40.0,"turns":6.0},{"damage":0.0,"enemies":"3 Darklings","floor":41.0,"turns":2.0},{"damage":1.0,"enemies":"Giant Head","floor":42.0,"turns":6.0},{"damage":0.0,"enemies":"Sphere and 2 Shapes","floor":44.0,"turns":4.0},{"damage":6.0,"enemies":"Reptomancer","floor":45.0,"turns":5.0},{"damage":0.0,"enemies":"Jaw Worm Horde","floor":48.0,"turns":3.0},{"damage":69.0,"enemies":"Awakened One","floor":50.0,"turns":9.0},{"damage":7,"enemies":"Shield and Spear","floor":54,"turns":5},{"damage":95,"enemies":"The Heart","floor":55,"turns":8}],"seed_played":"-1480474509195188823","potions_obtained":[{"floor":4.0,"key":"ColorlessPotion"},{"floor":6.0,"key":"BlessingOfTheForge"},{"floor":11.0,"key":"Ancient Potion"},{"floor":12.0,"key":"GamblersBrew"},{"floor":23.0,"key":"Strength Potion"},{"floor":24.0,"key":"Swift Potion"},{"floor":25.0,"key":"ColorlessPotion"},{"floor":30.0,"key":"Poison Potion"},{"floor":31.0,"key":"ColorlessPotion"},{"floor":35.0,"key":"Swift Potion"},{"floor":36.0,"key":"EssenceOfSteel"},{"floor":42.0,"key":"SpeedPotion"},{"floor":47.0,"key":"LiquidMemories"},{"floor":54,"key":"FearPotion"}],"is_trial":false,"path_per_floor":["M","$","?","M","$","E","M","R","T","R","E","M","E","M","R","B",null,"M","?","$","?","M","E","M","E","T","E","R","M","E","M","R","B",null,"M","M","?","M","M","E","M","E","T","M","E","R","?","M","R","B",null,"R","$","E","B"],"character_chosen":"THE_SILENT","items_purchased":["Footwork","Accuracy","Medical Kit","Deflect","Masterful Stab","Accuracy","Accuracy","Footwork","Accuracy","Nunchaku","Ice Cream"],"campfire_rested":0,"item_purchase_floors":[2,20,20,20,20,53,53,53,53,53,53],"current_hp_per_floor":[48,48,48,48,48,18,18,18,18,18,18,18,18,20,20,21,70,70,70,70,54,52,54,56,58,58,60,60,62,64,51,51,53,70,70,70,70,70,70,70,70,69,69,70,64,78,78,80,80,13,84,84,84,77,0,0],"gold":123,"neow_bonus":"ONE_RARE_RELIC","is_daily":false,"chose_seed":false,"campfire_upgraded":0,"win_rate":0.0,"timestamp":1610655832,"path_taken":["M","?","?","M","$","E","M","R","T","R","E","M","E","?","R","BOSS","M","?","$","?","M","E","M","E","T","E","R","M","E","M","R","BOSS","M","M","?","M","M","E","M","E","T","M","E","R","?","M","R","BOSS","R","$","E","BOSS"],"items_purchased_type":["Card","Card","Relic","Card","Card","Card","Card","Card","Card","Relic","Relic"],"build_version":"2020-12-22","purchased_purges":2,"victory":false,"max_hp_per_floor":[70,70,70,70,70,70,70,70,70,70,70,70,70,70,70,70,70,70,70,70,70,70,70,70,70,70,70,70,70,70,70,70,70,70,70,70,70,70,70,70,70,70,70,70,70,84,84,84,84,84,84,84,84,84,84,84],"card_choices":[{"not_picked":["Deflect","Outmaneuver"],"picked":"Slice","floor":1.0},{"not_picked":["Dash","Outmaneuver","Skewer"],"picked":"SKIP","floor":4.0},{"not_picked":["Concentrate","Flechettes"],"picked":"Backstab","floor":6.0},{"not_picked":["Skewer","Flechettes"],"picked":"Finisher","floor":7.0},{"not_picked":["Infinite Blades","PiercingWail"],"picked":"Cloak And Dagger","floor":11.0},{"not_picked":["Concentrate","Poisoned Stab","Setup"],"picked":"SKIP","floor":12.0},{"not_picked":["Outmaneuver","Doppelganger"],"picked":"Slice","floor":13.0},{"not_picked":["Endless Agony","Catalyst"],"picked":"Cloak And Dagger","floor":14.0},{"not_picked":["Burst","Corpse Explosion"],"picked":"Envenom","floor":16.0},{"not_picked":["Bane","Underhanded Strike"],"picked":"Caltrops","floor":18.0},{"not_picked":["Predator","All Out Attack","Bane"],"picked":"SKIP","floor":22.0},{"not_picked":["Prepared+1","Cloak And Dagger"],"picked":"Blade Dance+1","floor":23.0},{"not_picked":["Poisoned Stab","Caltrops+1"],"picked":"Deflect","floor":24.0},{"not_picked":["Outmaneuver","PiercingWail","Dagger Throw+1"],"picked":"SKIP","floor":25.0},{"not_picked":["Flechettes","Quick Slash"],"picked":"Backflip","floor":27.0},{"not_picked":["Prepared","Heel Hook","Deflect"],"picked":"SKIP","floor":29.0},{"not_picked":["Accuracy","Dagger Spray+1"],"picked":"Adrenaline","floor":30.0},{"not_picked":["Slice","Acrobatics"],"picked":"Masterful Stab","floor":31.0},{"not_picked":["Deflect","Sucker Punch+1","Quick Slash+1"],"picked":"SKIP","floor":35.0},{"not_picked":["Predator","Setup+1"],"picked":"Noxious Fumes+1","floor":36.0},{"not_picked":["Tactician+1","Poisoned Stab","Catalyst"],"picked":"SKIP","floor":38.0},{"not_picked":["Eviscerate+1","Acrobatics","Poisoned Stab+1"],"picked":"SKIP","floor":39.0},{"not_picked":["Acrobatics+1","Quick Slash+1","Outmaneuver+1"],"picked":"SKIP","floor":40.0},{"not_picked":["Dagger Spray","Flechettes+1","Wraith Form v2"],"picked":"SKIP","floor":41.0},{"not_picked":["Expertise+1","Flying Knee","Leg Sweep+1"],"picked":"SKIP","floor":42.0},{"not_picked":["Underhanded Strike+1","Leg Sweep","Well Laid Plans+1"],"picked":"SKIP","floor":44.0},{"not_picked":["Acrobatics","Slice","PiercingWail+1"],"picked":"SKIP","floor":45.0},{"not_picked":["Concentrate","Masterful Stab"],"picked":"Infinite Blades+1","floor":48.0},{"not_picked":["Noxious Fumes","Backflip"],"picked":"Accuracy","floor":54}],"player_experience":996647,"relics_obtained":[{"floor":6.0,"key":"Thread and Needle"},{"floor":8.0,"key":"Old Coin"},{"floor":9.0,"key":"Incense Burner"},{"floor":10.0,"key":"Regal Pillow"},{"floor":11.0,"key":"Gremlin Horn"},{"floor":13.0,"key":"Blood Vial"},{"floor":15.0,"key":"Vajra"},{"floor":21.0,"key":"Enchiridion"},{"floor":23.0,"key":"Boot"},{"floor":25.0,"key":"Bronze Scales"},{"floor":26.0,"key":"The Courier"},{"floor":27.0,"key":"Letter Opener"},{"floor":28.0,"key":"Torii"},{"floor":30.0,"key":"StrikeDummy"},{"floor":32.0,"key":"Dream Catcher"},{"floor":40.0,"key":"Orichalcum"},{"floor":42.0,"key":"Smiling Mask"},{"floor":45.0,"key":"HornCleat"},{"floor":46.0,"key":"Mango"},{"floor":52,"key":"White Beast Statue"},{"floor":54,"key":"Ornamental Fan"}],"event_choices":[{"damage_healed":0.0,"max_hp_gain":0.0,"max_hp_loss":0.0,"gold_gain":0.0,"event_name":"Upgrade Shrine","player_choice":"Upgraded","floor":3.0,"gold_loss":0.0,"damage_taken":0.0,"cards_upgraded":["Neutralize"]},{"damage_healed":0.0,"max_hp_gain":0.0,"max_hp_loss":0.0,"gold_gain":0.0,"event_name":"Back to Basics","player_choice":"Simplicity","floor":19.0,"gold_loss":0.0,"damage_taken":0.0,"cards_upgraded":["Strike_G","Strike_G","Strike_G","Strike_G","Strike_G","Defend_G","Defend_G","Defend_G","Defend_G","Defend_G"]},{"damage_healed":0.0,"max_hp_gain":0.0,"max_hp_loss":0.0,"gold_gain":0.0,"event_name":"Cursed Tome","player_choice":"Obtained Book","floor":21.0,"gold_loss":0.0,"damage_taken":16.0},{"damage_healed":0.0,"max_hp_gain":0.0,"max_hp_loss":0.0,"gold_gain":0.0,"event_name":"Tomb of Lord Red Mask","player_choice":"Ignored","floor":37.0,"gold_loss":0.0,"damage_taken":0.0},{"damage_healed":0.0,"max_hp_gain":0.0,"max_hp_loss":0.0,"gold_gain":0.0,"event_name":"Lab","player_choice":"Got Potions","floor":47.0,"gold_loss":0.0,"damage_taken":0.0}],"is_beta":false,"boss_relics":[{"not_picked":["Cursed Key","Fusion Hammer"],"picked":"SlaversCollar"},{"not_picked":["Ring of the Serpent","Calling Bell"],"picked":"Coffee Dripper"}],"items_purged_floors":[20,53],"is_endless":false,"potions_floor_spawned":[4,6,11,12,23,24,25,30,31,35,36,38,42,54],"killed_by":"The Heart","ascension_level":1}}