{"host":"jggt5i9rbuoqvque","time":1610586847,"event":{"mods":["BaseMod","Colored Map","Minty Spire (QoL Compilation)","StSLib"],"gold_per_floor":[112,112,112,37,47,80,90,105,105,136,136,236,249,249,249,350,350,360,377,33,33,48,75,75,108,132,146,146,146,146,146],"floor_reached":30,"language":"KOR","playtime":982,"items_purged":["Regret","Strike_G"],"score":350,"play_id":"31870303-d280-48e3-b501-f39bc0e78eca","local_time":"20210114101407","is_ascension_mode":true,"campfire_choices":[{"floor":11.0,"key":"REST"},{"data":"Acrobatics","floor":15.0,"key":"SMITH"},{"floor":24,"key":"REST"}],"circlet_count":0,"master_deck":["Strike_G","Strike_G","Strike_G","Defend_G","Defend_G","Defend_G","Defend_G","Defend_G","Survivor","Neutralize","Blade Dance","Tactician","Acrobatics+1","Noxious Fumes","Footwork","Blade Dance","Reflex","A Thousand Cuts+1","Apotheosis","Footwork+1","Footwork+1","Backstab"],"relics":["WristBlade","Paper Crane","Darkstone Periapt","Question Card","Frozen Egg 2","TungstenRod","Busted Crown","The Courier","Toxic Egg 2","Bronze Scales","Blue Candle"],"acts_visited":["Exordium","TheCity"],"potions_floor_usage":[23,23,23,25,28],"damage_taken":[{"damage":1.0,"enemies":"Small Slimes","floor":1.0,"turns":4.0},{"damage":2.0,"enemies":"Jaw Worm","floor":5.0,"turns":2.0},{"damage":38.0,"enemies":"Gremlin Nob","floor":6.0,"turns":5.0},{"damage":0.0,"enemies":"Cultist","floor":7.0,"turns":3.0},{"damage":1.0,"enemies":"Blue Slaver","floor":8.0,"turns":4.0},{"damage":6.0,"enemies":"Lagavulin","floor":10.0,"turns":6.0},{"damage":0.0,"enemies":"Gremlin Gang","floor":13.0,"turns":4.0},{"damage":24.0,"enemies":"The Guardian","floor":16.0,"turns":11.0},{"damage":10.0,"enemies":"Spheric Guardian","floor":18.0,"turns":6.0},{"damage":0.0,"enemies":"Chosen","floor":19.0,"turns":3.0},{"damage":2.0,"enemies":"Sentry and Sphere","floor":22.0,"turns":5.0},{"damage":45,"enemies":"Slavers","floor":23,"turns":5},{"damage":6,"enemies":"Book of Stabbing","floor":25,"turns":5},{"damage":14,"enemies":"Shelled Parasite and Fungi","floor":27,"turns":4},{"damage":0,"enemies":"Centurion and Healer","floor":28,"turns":1},{"damage":0,"enemies":"Snecko","floor":30,"turns":3}],"seed_played":"3175502782869985731","potions_obtained":[{"floor":8.0,"key":"Strength Potion"},{"floor":10.0,"key":"Weak Potion"},{"floor":13.0,"key":"Regen Potion"},{"floor":19.0,"key":"Strength Potion"},{"floor":22.0,"key":"EntropicBrew"},{"floor":23,"key":"CunningPotion"}],"is_trial":false,"path_per_floor":["M","?","?","$","M","E","M","M","T","E","R","?","M","T","R","B",null,"M","M","$","?","M","E","R","E","T","M","M","T","M"],"character_chosen":"THE_SILENT","items_purchased":["Apotheosis","Footwork+1"],"campfire_rested":2,"item_purchase_floors":[20,20],"current_hp_per_floor":[69,69,69,69,67,29,29,28,28,22,43,43,43,43,43,19,57,59,59,59,59,57,12,33,27,27,13,13,13,13,13],"gold":146,"neow_bonus":"BOSS_RELIC","is_daily":false,"chose_seed":false,"campfire_upgraded":1,"win_rate":0.0,"timestamp":1610586847,"path_taken":["M","?","?","$","?","E","M","M","T","E","R","?","?","?","R","BOSS","M","M","$","?","M","E","R","E","T","M","?","?","M"],"items_purchased_type":["Card","Card"],"build_version":"2020-12-22","purchased_purges":2,"victory":false,"max_hp_per_floor":[70,70,70,70,70,70,70,70,70,70,70,70,70,70,70,70,70,70,70,70,70,70,70,70,70,70,70,70,70,70,70],"card_choices":[{"not_picked":["Underhanded Strike","Dagger Throw"],"picked":"Blade Dance","floor":1.0},{"not_picked":["Terror","Deflect"],"picked":"Acrobatics","floor":5.0},{"not_picked":["Dash","Flechettes"],"picked":"Noxious Fumes","floor":6.0},{"not_picked":["Heel Hook","Backstab"],"picked":"Footwork","floor":7.0},{"not_picked":["Acrobatics","Dagger Throw","Concentrate"],"picked":"SKIP","floor":8.0},{"not_picked":["Catalyst","Dash","Grand Finale"],"picked":"Blade Dance","floor":10.0},{"not_picked":["Concentrate","Catalyst","Flying Knee"],"picked":"Reflex","floor":13.0},{"not_picked":["Phantasmal Killer","Night Terror","Grand Finale"],"picked":"A Thousand Cuts+1","floor":16.0},{"not_picked":["Quick Slash","Dagger Throw"],"picked":"SKIP","floor":18.0},{"not_picked":["Poisoned Stab","Quick Slash"],"picked":"SKIP","floor":19.0},{"not_picked":["Deadly Poison","Predator+1"],"picked":"SKIP","floor":22.0},{"not_picked":["Blur"],"picked":"Backstab","floor":23},{"not_picked":["Slice+1","Malaise+1"],"picked":"SKIP","floor":25},{"not_picked":["Deadly Poison+1","Finisher"],"picked":"SKIP","floor":27}],"player_experience":335275,"relics_obtained":[{"floor":6.0,"key":"Darkstone Periapt"},{"floor":9.0,"key":"Question Card"},{"floor":10.0,"key":"Frozen Egg 2"},{"floor":14.0,"key":"TungstenRod"},{"floor":23,"key":"The Courier"},{"floor":25,"key":"Toxic Egg 2"},{"floor":26,"key":"Bronze Scales"},{"floor":29,"key":"Blue Candle"}],"event_choices":[{"damage_healed":0.0,"max_hp_gain":0.0,"max_hp_loss":0.0,"gold_gain":0.0,"event_name":"Big Fish","player_choice":"Box","floor":2.0,"gold_loss":0.0,"damage_taken":0.0,"relics_obtained":["Paper Crane"],"cards_obtained":["Regret"]},{"damage_healed":0.0,"max_hp_gain":0.0,"max_hp_loss":0.0,"gold_gain":0.0,"cards_transformed":["Strike_G"],"event_name":"Transmorgrifier","player_choice":"Transformed","floor":3.0,"gold_loss":0.0,"damage_taken":0.0,"cards_obtained":["Tactician"]},{"damage_healed":0.0,"max_hp_gain":0.0,"max_hp_loss":0.0,"gold_gain":100.0,"event_name":"Golden Shrine","player_choice":"Pray","floor":12.0,"gold_loss":0.0,"damage_taken":0.0},{"damage_healed":0.0,"max_hp_gain":0.0,"max_hp_loss":0.0,"gold_gain":0.0,"event_name":"Duplicator","player_choice":"Copied","floor":21.0,"gold_loss":0.0,"damage_taken":0.0,"cards_obtained":["Footwork"]}],"is_beta":false,"boss_relics":[{"not_picked":["Snecko Eye","Runic Pyramid"],"picked":"Busted Crown"}],"items_purged_floors":[4,20],"is_endless":false,"potions_floor_spawned":[8,10,13,19,22,23],"killed_by":"Snecko","ascension_level":5}}