{"host":"4cz9gr89nglr7k8k","time":1610660745,"event":{"mods":["BaseMod","Minty Spire (QoL Compilation)","Relic Stats","Slay-I"],"gold_per_floor":[12,12,12,12,12,12,162,180,235,48,68,68,100,26,26,100,100,119,9,9,23,23,23],"floor_reached":22,"language":"DEU","playtime":503,"items_purged":[],"score":410,"play_id":"0f6aac4c-6f49-435a-b01e-a754a0be687f","local_time":"20210114224545","is_ascension_mode":true,"campfire_choices":[{"floor":6,"key":"REST"},{"floor":12,"key":"REST"},{"data":"Fire Breathing","floor":15,"key":"SMITH"}],"circlet_count":0,"master_deck":["AscendersBane","Strike_R+1","Strike_R","Strike_R","Strike_R","Defend_R","Defend_R","Defend_R","Defend_R","Bash+1","Bludgeon+1","Thunderclap+1","Doubt","Uppercut","Cleave","Rage","Fire Breathing+1","Flex","Iron Wave","Impervious","Perfected Strike","Pommel Strike+1"],"relics":["Burning Blood","Pear","PreservedInsect","Regal Pillow","Whetstone","Sozu"],"acts_visited":["Exordium","TheCity"],"potions_floor_usage":[16,22,22],"damage_taken":[{"damage":12,"enemies":"Jaw Worm","floor":1,"turns":2},{"damage":6,"enemies":"Small Slimes","floor":8,"turns":2},{"damage":7,"enemies":"2 Louse","floor":11,"turns":3},{"damage":0,"enemies":"Gremlin Nob","floor":13,"turns":2},{"damage":65,"enemies":"The Guardian","floor":16,"turns":8},{"damage":22,"enemies":"Spheric Guardian","floor":18,"turns":4},{"damage":38,"enemies":"3 Byrds","floor":21,"turns":7},{"damage":29,"enemies":"Centurion and Healer","floor":22,"turns":5}],"seed_played":"4946774632300804663","potions_obtained":[{"floor":1,"key":"PowerPotion"},{"floor":8,"key":"LiquidMemories"},{"floor":16,"key":"Dexterity Potion"}],"is_trial":false,"path_per_floor":["M","?","?","?","$","R","?","M","T","$","M","R","E","$","R","B",null,"M","?","$","M","M"],"character_chosen":"IRONCLAD","items_purchased":["Regal Pillow","Cleave","Flex","Iron Wave"],"campfire_rested":2,"item_purchase_floors":[10,10,14,14],"current_hp_per_floor":[62,62,16,16,16,41,41,41,41,41,40,80,85,85,85,26,70,54,54,54,22,0,0],"gold":23,"neow_bonus":"THREE_RARE_CARDS","is_daily":false,"chose_seed":false,"campfire_upgraded":1,"win_rate":0.0,"timestamp":1610660745,"path_taken":["M","?","?","?","?","R","?","M","T","?","M","R","E","$","R","BOSS","M","?","$","M","M"],"items_purchased_type":["Relic","Card","Card","Card"],"build_version":"2020-12-22","purchased_purges":0,"victory":false,"max_hp_per_floor":[75,75,85,85,85,85,85,85,85,85,85,85,85,85,85,85,85,85,85,85,85,85,85],"relic_stats":{"Sozu":1,"Regal Pillow":15,"counters":[8,33],"PreservedInsect":22,"Whetstone":["Strike_R","Thunderclap"],"obtain_stats":[{"Sozu":17,"Regal Pillow":10,"Pear":3,"PreservedInsect":9,"Whetstone":13,"Burning Blood":0},{"Sozu":5,"Regal Pillow":2,"Pear":1,"PreservedInsect":2,"Whetstone":4,"Burning Blood":0},{"Sozu":17,"Regal Pillow":4,"Pear":2,"PreservedInsect":4,"Whetstone":9,"Burning Blood":0}],"Burning Blood":41},"card_choices":[{"not_picked":["Barricade","Feed"],"picked":"Bludgeon","floor":0},{"not_picked":["Power Through","Sword Boomerang"],"picked":"Thunderclap","floor":1},{"not_picked":["Bloodletting","Fire Breathing"],"picked":"Uppercut","floor":8},{"not_picked":["Thunderclap","Warcry"],"picked":"Rage","floor":11},{"not_picked":["Seeing Red","Rupture"],"picked":"Fire Breathing","floor":13},{"not_picked":["Bludgeon","Fiend Fire"],"picked":"Impervious","floor":16},{"not_picked":["Sentinel","Warcry"],"picked":"Perfected Strike","floor":18},{"not_picked":["Entrench+1","Twin Strike"],"picked":"Pommel Strike+1","floor":21}],"player_experience":1495572,"relics_obtained":[{"floor":9,"key":"PreservedInsect"},{"floor":13,"key":"Whetstone"}],"event_choices":[{"damage_healed":0,"gold_gain":0,"player_choice":"Grow","damage_taken":0,"max_hp_gain":0,"max_hp_loss":0,"event_name":"Living Wall","floor":2,"gold_loss":0,"cards_upgraded":["Bludgeon"]},{"damage_healed":0,"gold_gain":0,"player_choice":"Success","damage_taken":56,"relics_obtained":["Pear"],"max_hp_gain":0,"max_hp_loss":0,"event_name":"Scrap Ooze","floor":3,"gold_loss":0},{"damage_healed":0,"gold_gain":0,"player_choice":"Ignored","damage_taken":0,"max_hp_gain":0,"max_hp_loss":0,"event_name":"Golden Idol","floor":4,"gold_loss":0},{"damage_healed":0,"gold_gain":150,"player_choice":"AGREE","damage_taken":0,"max_hp_gain":0,"max_hp_loss":0,"event_name":"Liars Game","floor":7,"gold_loss":0,"cards_obtained":["Doubt"]},{"cards_removed":["Strike_R"],"damage_healed":0,"gold_gain":0,"player_choice":"Upgrade and Remove","damage_taken":0,"max_hp_gain":0,"max_hp_loss":0,"event_name":"Designer","floor":19,"gold_loss":110,"cards_upgraded":["Bash"]}],"is_beta":false,"boss_relics":[{"not_picked":["Tiny House","Empty Cage"],"picked":"Sozu"}],"items_purged_floors":[],"is_endless":false,"potions_floor_spawned":[1,8,16,21],"killed_by":"Centurion and Healer","ascension_level":20}}