{"host":"6jtzbi9kl8x9w6dt","time":1610666378,"event":{"mods":["Act Like it!","Aspiration","BaseMod","BetterRewards","Colored Powertips","Defuse TimeMaze Blight","Downfall","Friendly Minions","Halation","Hallownest","Hermit","Hubris","Marisa????????","Mimic Mod","Minty Spire (QoL Compilation)","Prisma Mod","READ ME - Guardian Mod","StSLib","SuperFastMode","Td1madao Mod","The Animator","The Bladedancer","The Construct","The Cursed","The Disciple","The Hierophant","The Mystic","The Necromancer","The Senshi","The Servant 0.9.4"],"gold_per_floor":[99,109,127,149,161,32,82,82,121,46,60,60,70,170,188,188,188],"floor_reached":16,"language":"ENG","playtime":966,"items_purged":[],"score":109,"play_id":"f2add5a4-2ae9-4254-9663-f6c528148f88","local_time":"20210114151938","is_ascension_mode":true,"campfire_choices":[{"data":"animator:DolaSchwi","floor":1,"key":"SMITH"},{"floor":10,"key":"REST"},{"floor":12,"key":"RECALL"}],"circlet_count":0,"master_deck":["animator:Strike_NoGameNoLife","animator:Defend_NoGameNoLife","animator:Strike","animator:Strike","animator:Strike","animator:Defend","animator:Defend","animator:Defend","animator:DolaSchwi+1","animator:DolaCouronne","animator:Fredrika","animator:Layla","animator:RinTohsaka","animator:NarberalGamma","animator:Berserker","animator:Megumin+1","animator:Jibril","animator:Saber","animator:Lancer","animator:Entoma"],"relics":["animator:LivingPicture","animator:TheMissingPiece","Regal Pillow","downfall:BrokenWingStatue","halation:KoshaPiece","downfall:HeartBlessingBlue"],"acts_visited":["Exordium"],"potions_floor_usage":[5,9,13,16],"damage_taken":[{"damage":2,"enemies":"2 Louse","floor":2,"turns":3},{"damage":3,"enemies":"Small Slimes","floor":3,"turns":4},{"damage":6,"enemies":"Jaw Worm","floor":4,"turns":5},{"damage":18,"enemies":"Lots of Slimes","floor":5,"turns":3},{"damage":0,"enemies":"downfall:FleeingMerchant","floor":6,"turns":4},{"damage":26,"enemies":"3 Sentries","floor":9,"turns":5},{"damage":6,"enemies":"Exordium Wildlife","floor":11,"turns":3},{"damage":1,"enemies":"Blue Slaver","floor":13,"turns":2},{"damage":11,"enemies":"Large Slime","floor":15,"turns":4},{"damage":48,"enemies":"downfall:Ironclad","floor":16,"turns":6}],"seed_played":"-8582862250008818057","potions_obtained":[{"floor":4,"key":"SkillPotion"},{"floor":5,"key":"Explosive Potion"},{"floor":9,"key":"DistilledChaos"},{"floor":13,"key":"animator:GrowthPotion"}],"is_trial":false,"path_per_floor":["R","M","M","M","M","$","T","?","E","R","M","R","M","?","M","B"],"character_chosen":"THE_ANIMATOR","items_purchased":["animator:Megumin","animator:Jibril"],"campfire_rested":1,"item_purchase_floors":[6,6],"current_hp_per_floor":[66,64,61,55,37,38,38,38,12,60,54,54,54,54,43,0,0],"gold":188,"neow_bonus":"RANDOM_COMMON_RELIC","is_daily":false,"chose_seed":false,"campfire_upgraded":1,"win_rate":0.0,"timestamp":1610666378,"path_taken":["R","M","M","M","M","$","T","?","E","R","M","R","M","?","M","BOSS"],"items_purchased_type":["Card","Card"],"build_version":"2020-12-22","purchased_purges":0,"victory":false,"max_hp_per_floor":[66,66,66,66,66,67,67,67,67,77,77,77,78,78,78,78,78],"card_choices":[{"not_picked":["animator:Jibril","animator:Guy"],"picked":"animator:Fredrika","floor":2},{"not_picked":["animator:Demiurge","animator:Mitsurugi"],"picked":"animator:Layla","floor":3},{"not_picked":["animator:Genos","animator:Alexander"],"picked":"animator:RinTohsaka","floor":4},{"not_picked":["animator:PandorasActor","animator:Entoma"],"picked":"animator:NarberalGamma","floor":5},{"not_picked":["animator:Guy","animator:Mitsurugi"],"picked":"animator:Berserker","floor":6},{"not_picked":["animator:Caster","animator:DolaCouronne"],"picked":"animator:Saber","floor":9},{"not_picked":["animator:Demiurge","animator:MumenRider","animator:Chung"],"picked":"SKIP","floor":11},{"not_picked":["animator:Assassin","animator:SakuraMatou"],"picked":"animator:Lancer","floor":13},{"not_picked":["animator:Mitsurugi","animator:Cocytus"],"picked":"animator:Entoma","floor":15}],"player_experience":75399,"relics_obtained":[{"floor":9,"key":"halation:KoshaPiece"}],"event_choices":[],"is_beta":false,"boss_relics":[],"items_purged_floors":[],"is_endless":false,"potions_floor_spawned":[4,5,9,13],"killed_by":"downfall:Ironclad","ascension_level":1}}