{"host":"1a3cjta80tad0aqj","time":1610626603,"event":{"mods":["2.2 Compatiblity","AchievementEnabler","BaseMod","Colored Map","DeckTracker","KOR Keyword Fix","Keyboard Shortcuts","Minty Spire (QoL Compilation)","Permanent Neow","Quick Restart","Random Character Button","StSLib","SuperFastMode","everything is the same but u backflip on backflip"],"gold_per_floor":[111,111,111,111,36,36,50,65,65,65,65,99,99,151,151,252,252,267,267,267,285,318,318,344,344,395,413,413,423,440,173,173,275,275,295,14,29,79,79,79,79,79,79,79,79,90,41,57,57,57],"floor_reached":51,"language":"KOR","playtime":1834,"items_purged":["Defend_P","Strike_P+1","Defend_P+1"],"score":1038,"play_id":"c7ea1c82-5085-49b7-8ba0-605511f9ebc5","local_time":"20210114211643","is_ascension_mode":true,"campfire_choices":[{"data":"Eruption","floor":6.0,"key":"SMITH"},{"data":"Judgement","floor":11.0,"key":"SMITH"},{"data":"Dramatic Entrance","floor":15.0,"key":"SMITH"},{"floor":23.0,"key":"REST"},{"floor":25.0,"key":"REST"},{"data":"Adaptation","floor":28.0,"key":"SMITH"},{"data":"SashWhip","floor":32.0,"key":"SMITH"},{"data":"Scrawl","floor":40.0,"key":"SMITH"},{"data":"TalkToTheHand","floor":42.0,"key":"SMITH"},{"data":"Halt","floor":44.0,"key":"SMITH"},{"data":"Blasphemy","floor":49,"key":"SMITH"}],"circlet_count":0,"master_deck":["Defend_P+1","Eruption+1","Vigilance+1","Dramatic Entrance+1","EmptyBody+1","Judgement+1","FlurryOfBlows+1","LessonLearned+1","ReachHeaven+1","MentalFortress+1","Adaptation+1","TalkToTheHand+1","SashWhip+1","Scrawl+1","Halt+1","CutThroughFate+1","Blasphemy+1","Parasite"],"relics":["PureWater","MealTicket","Juzu Bracelet","Strawberry","Akabeko","Philosopher\u0027s Stone","Red Mask","Bottled Lightning","Happy Flower","Vajra","Empty Cage","Lee\u0027s Waffle","Unceasing Top","White Beast Statue"],"acts_visited":["Exordium","TheCity","TheBeyond"],"potions_floor_usage":[50,50,50],"damage_taken":[{"damage":1.0,"enemies":"2 Louse","floor":1.0,"turns":2.0},{"damage":0.0,"enemies":"Jaw Worm","floor":7.0,"turns":2.0},{"damage":0.0,"enemies":"Small Slimes","floor":8.0,"turns":2.0},{"damage":6.0,"enemies":"3 Sentries","floor":12.0,"turns":6.0},{"damage":68.0,"enemies":"The Guardian","floor":16.0,"turns":12.0},{"damage":0.0,"enemies":"3 Byrds","floor":18.0,"turns":3.0},{"damage":4.0,"enemies":"2 Thieves","floor":21.0,"turns":2.0},{"damage":13.0,"enemies":"Masked Bandits","floor":22.0,"turns":3.0},{"damage":35.0,"enemies":"Book of Stabbing","floor":24.0,"turns":5.0},{"damage":0.0,"enemies":"Shelled Parasite and Fungi","floor":27.0,"turns":2.0},{"damage":0.0,"enemies":"Sentry and Sphere","floor":29.0,"turns":3.0},{"damage":0.0,"enemies":"Centurion and Healer","floor":30.0,"turns":3.0},{"damage":46.0,"enemies":"Automaton","floor":33.0,"turns":3.0},{"damage":0.0,"enemies":"3 Darklings","floor":35.0,"turns":2.0},{"damage":0.0,"enemies":"Orb Walker","floor":37.0,"turns":1.0},{"damage":10.0,"enemies":"Mind Bloom Boss Battle","floor":38.0,"turns":4.0},{"damage":28.0,"enemies":"Spire Growth","floor":46.0,"turns":4.0},{"damage":0,"enemies":"Writhing Mass","floor":48,"turns":2},{"damage":35,"enemies":"Awakened One","floor":50,"turns":10}],"seed_played":"7910522228418037585","potions_obtained":[{"floor":7.0,"key":"SteroidPotion"},{"floor":16.0,"key":"AttackPotion"},{"floor":18.0,"key":"Swift Potion"},{"floor":22.0,"key":"Block Potion"},{"floor":29.0,"key":"LiquidBronze"},{"floor":30.0,"key":"SteroidPotion"},{"floor":33.0,"key":"ColorlessPotion"},{"floor":46.0,"key":"FearPotion"}],"is_trial":false,"path_per_floor":["M","?","?","T","$","R","M","M","T","$","R","E","$","T","R","B",null,"M","?","?","M","?","R","E","R","T","M","R","M","M","$","R","B",null,"M","$","M","?","?","R","?","R","T","R","?","M","$","M","R","B",null],"character_chosen":"WATCHER","items_purchased":["Vajra","SashWhip","Lee\u0027s Waffle","SteroidPotion"],"campfire_rested":2,"item_purchase_floors":[31,31,36,47],"current_hp_per_floor":[64,50,43,43,58,58,58,58,58,72,72,73,79,79,79,11,62,62,62,62,58,45,68,33,56,56,56,56,56,56,71,71,25,66,66,86,86,76,76,76,76,76,76,76,76,48,63,63,63,28],"gold":57,"neow_bonus":"RANDOM_COLORLESS","is_daily":false,"chose_seed":false,"campfire_upgraded":9,"win_rate":0.0,"timestamp":1610626603,"path_taken":["M","?","?","?","$","R","M","M","T","?","R","E","$","?","R","BOSS","M","?","?","M","?","R","E","R","T","M","R","M","M","$","R","BOSS","M","$","M","?","?","R","?","R","T","R","?","M","?","M","R","BOSS"],"items_purchased_type":["Relic","Card","Relic","Potion"],"build_version":"2020-12-22","purchased_purges":3,"victory":true,"max_hp_per_floor":[72,72,72,72,72,72,72,72,72,72,72,79,79,79,79,79,79,79,79,79,79,79,79,79,79,79,79,79,79,79,79,79,79,79,79,86,86,86,86,86,86,86,86,86,82,82,82,82,82,82],"card_choices":[{"not_picked":["Blind","Jack Of All Trades"],"picked":"Dramatic Entrance","floor":0.0},{"not_picked":["FlyingSleeves","Protect"],"picked":"EmptyBody","floor":1.0},{"not_picked":["Weave","Worship","PathToVictory"],"picked":"SKIP","floor":7.0},{"not_picked":["FlyingSleeves","FollowUp"],"picked":"Judgement","floor":8.0},{"not_picked":["Worship","Crescendo"],"picked":"FlurryOfBlows","floor":12.0},{"not_picked":["Judgement","DevaForm"],"picked":"LessonLearned","floor":16.0},{"not_picked":["Consecrate","Indignation"],"picked":"ReachHeaven+1","floor":18.0},{"not_picked":["Evaluate+1","Pray"],"picked":"MentalFortress","floor":21.0},{"not_picked":["Worship","PathToVictory+1"],"picked":"Adaptation","floor":22.0},{"not_picked":["JustLucky","Prostrate"],"picked":"TalkToTheHand","floor":24.0},{"not_picked":["Prostrate","DeceiveReality","Evaluate"],"picked":"SKIP","floor":27.0},{"not_picked":["FlyingSleeves","FlurryOfBlows","EmptyFist"],"picked":"SKIP","floor":29.0},{"not_picked":["PathToVictory","Worship","JustLucky"],"picked":"SKIP","floor":30.0},{"not_picked":["Omniscience","Establishment"],"picked":"Scrawl","floor":33.0},{"not_picked":["Nirvana","Collect"],"picked":"Halt","floor":35.0},{"not_picked":["Consecrate+1","ForeignInfluence+1"],"picked":"CutThroughFate+1","floor":37.0},{"not_picked":["Halt+1","Pray+1"],"picked":"Blasphemy","floor":46.0},{"not_picked":["CarveReality+1","EmptyFist+1","Indignation"],"picked":"SKIP","floor":48}],"player_experience":627709,"relics_obtained":[{"floor":4.0,"key":"MealTicket"},{"floor":9.0,"key":"Juzu Bracelet"},{"floor":12.0,"key":"Strawberry"},{"floor":14.0,"key":"Akabeko"},{"floor":22.0,"key":"Red Mask"},{"floor":24.0,"key":"Bottled Lightning"},{"floor":26.0,"key":"Happy Flower"},{"floor":38.0,"key":"Unceasing Top"},{"floor":43.0,"key":"White Beast Statue"}],"event_choices":[{"damage_healed":0.0,"max_hp_gain":0.0,"max_hp_loss":0.0,"gold_gain":0.0,"event_name":"Shining Light","player_choice":"Entered Light","floor":2.0,"gold_loss":0.0,"damage_taken":14.0,"cards_upgraded":["Defend_P","Strike_P"]},{"cards_removed":["Defend_P"],"damage_healed":0.0,"max_hp_gain":0.0,"max_hp_loss":0.0,"gold_gain":0.0,"event_name":"Golden Wing","player_choice":"Card Removal","floor":3.0,"gold_loss":0.0,"damage_taken":7.0},{"cards_removed":["Strike_P"],"damage_healed":0.0,"max_hp_gain":0.0,"max_hp_loss":0.0,"gold_gain":0.0,"event_name":"Back to Basics","player_choice":"Elegance","floor":19.0,"gold_loss":0.0,"damage_taken":0.0},{"damage_healed":0.0,"max_hp_gain":0.0,"max_hp_loss":0.0,"gold_gain":0.0,"event_name":"Ghosts","player_choice":"Ignored","floor":20.0,"gold_loss":0.0,"damage_taken":0.0},{"damage_healed":0.0,"max_hp_gain":0.0,"max_hp_loss":0.0,"gold_gain":0.0,"event_name":"Masked Bandits","player_choice":"Fought Bandits","floor":22.0,"gold_loss":0.0,"damage_taken":0.0},{"damage_healed":0.0,"max_hp_gain":0.0,"max_hp_loss":0.0,"gold_gain":0.0,"event_name":"MindBloom","player_choice":"Fight","floor":38.0,"gold_loss":0.0,"damage_taken":0.0},{"damage_healed":0.0,"max_hp_gain":0.0,"max_hp_loss":0.0,"gold_gain":0.0,"event_name":"Mysterious Sphere","player_choice":"Ignored","floor":39.0,"gold_loss":0.0,"damage_taken":0.0},{"damage_healed":0.0,"max_hp_gain":0.0,"max_hp_loss":0.0,"gold_gain":0.0,"event_name":"Tomb of Lord Red Mask","player_choice":"Ignored","floor":41.0,"gold_loss":0.0,"damage_taken":0.0},{"damage_healed":0.0,"max_hp_gain":0.0,"max_hp_loss":4.0,"gold_gain":0.0,"event_name":"Winding Halls","player_choice":"Max HP","floor":45.0,"gold_loss":0.0,"damage_taken":0.0}],"is_beta":false,"boss_relics":[{"not_picked":["Coffee Dripper","Busted Crown"],"picked":"Philosopher\u0027s Stone"},{"not_picked":["Tiny House","Runic Pyramid"],"picked":"Empty Cage"}],"items_purged_floors":[5,31,36],"is_endless":false,"potions_floor_spawned":[7,16,18,22,29,30,33,46,48],"ascension_level":8}}