{"host":"mai03x2ekbjy4059","time":1610600585,"event":{"mods":["2.2 Compatiblity","BaseMod","DeckTracker","Highlight Path","Keyboard Shortcuts","Minty Spire (QoL Compilation)","Permanent Neow","Quick Restart","SuperFastMode","everything is the same but u backflip on backflip"],"gold_per_floor":[116,116,116,135,150,183,183,214,214,239,239,73,107,126,126,200,200,212,212,212,222,247,247,247],"floor_reached":23,"language":"KOR","playtime":740,"items_purged":[],"score":586,"play_id":"856482cf-325c-43bb-8c56-a9f0eb1dbc71","local_time":"20210114140305","is_ascension_mode":true,"campfire_choices":[{"data":"Wish","floor":7.0,"key":"SMITH"},{"data":"DevaForm","floor":15.0,"key":"SMITH"}],"circlet_count":0,"master_deck":["AscendersBane","Strike_P","Strike_P","Strike_P","Strike_P+1","Defend_P","Defend_P+1","Defend_P+1","Defend_P","Eruption","Vigilance","Brilliance","DeceiveReality","Prostrate+1","Protect","Wish+1","Prostrate","DevaForm+1","Prostrate","Vault+1","Worship","Regret"],"relics":["PureWater","Gremlin Horn","FossilizedHelix","Pocketwatch","Ancient Tea Set","Tiny Chest","War Paint","Cursed Key"],"acts_visited":["Exordium","TheCity"],"potions_floor_usage":[23],"damage_taken":[{"damage":1.0,"enemies":"Cultist","floor":1.0,"turns":4.0},{"damage":5.0,"enemies":"Small Slimes","floor":4.0,"turns":3.0},{"damage":0.0,"enemies":"Jaw Worm","floor":5.0,"turns":4.0},{"damage":13.0,"enemies":"3 Sentries","floor":6.0,"turns":16.0},{"damage":7.0,"enemies":"Lagavulin","floor":8.0,"turns":10.0},{"damage":0.0,"enemies":"Gremlin Nob","floor":10.0,"turns":3.0},{"damage":0.0,"enemies":"Lagavulin","floor":13.0,"turns":6.0},{"damage":0.0,"enemies":"2 Fungi Beasts","floor":14.0,"turns":4.0},{"damage":0.0,"enemies":"Slime Boss","floor":16.0,"turns":5.0},{"damage":0.0,"enemies":"Shell Parasite","floor":18.0,"turns":8.0},{"damage":0.0,"enemies":"Spheric Guardian","floor":21.0,"turns":5.0},{"damage":6,"enemies":"Book of Stabbing","floor":23,"turns":6}],"seed_played":"1388912922206728958","potions_obtained":[{"floor":5.0,"key":"Ancient Potion"},{"floor":6.0,"key":"CultistPotion"},{"floor":13.0,"key":"DistilledChaos"},{"floor":14.0,"key":"EssenceOfSteel"},{"floor":18.0,"key":"StancePotion"},{"floor":21.0,"key":"Fruit Juice"}],"is_trial":false,"path_per_floor":["M","?","?","M","M","E","R","E","T","E","?","$","E","M","R","B",null,"M","?","?","M","T","E"],"character_chosen":"WATCHER","items_purchased":["DevaForm"],"campfire_rested":0,"item_purchase_floors":[12],"current_hp_per_floor":[60,65,45,40,40,27,27,20,20,20,9,9,9,9,9,9,53,53,53,53,58,58,52,52],"gold":247,"neow_bonus":"THREE_RARE_CARDS","is_daily":false,"chose_seed":false,"campfire_upgraded":2,"win_rate":0.0,"timestamp":1610600585,"path_taken":["M","?","?","?","M","E","R","E","T","E","?","$","E","M","R","BOSS","M","?","?","?","?","E"],"items_purchased_type":["Card"],"build_version":"2020-12-22","purchased_purges":0,"victory":false,"max_hp_per_floor":[62,67,67,67,67,67,67,67,67,67,67,67,67,67,67,67,67,67,67,67,72,72,72,72],"card_choices":[{"not_picked":["LessonLearned","Alpha"],"picked":"Brilliance","floor":0.0},{"not_picked":["SashWhip","ClearTheMind"],"picked":"DeceiveReality","floor":1.0},{"not_picked":["JustLucky","Study"],"picked":"Prostrate","floor":4.0},{"not_picked":["SashWhip","Study"],"picked":"Protect","floor":5.0},{"not_picked":["Perseverance","Protect"],"picked":"Wish","floor":6.0},{"not_picked":["Protect","Consecrate"],"picked":"Prostrate","floor":8.0},{"not_picked":["ThirdEye","Halt","ClearTheMind"],"picked":"SKIP","floor":10.0},{"not_picked":["Halt","MentalFortress","CrushJoints"],"picked":"SKIP","floor":13.0},{"not_picked":["CutThroughFate","EmptyBody"],"picked":"Prostrate","floor":14.0},{"not_picked":["Scrawl","SpiritShield"],"picked":"Vault","floor":16.0},{"not_picked":["Collect","MentalFortress"],"picked":"Worship","floor":18.0},{"not_picked":["Prostrate","Consecrate","FlyingSleeves+1"],"picked":"SKIP","floor":21.0}],"player_experience":986882,"relics_obtained":[{"floor":6.0,"key":"Gremlin Horn"},{"floor":8.0,"key":"FossilizedHelix"},{"floor":9.0,"key":"Pocketwatch"},{"floor":10.0,"key":"Ancient Tea Set"},{"floor":13.0,"key":"War Paint"}],"event_choices":[{"damage_healed":0.0,"max_hp_gain":5.0,"max_hp_loss":0.0,"gold_gain":0.0,"event_name":"Big Fish","player_choice":"Donut","floor":2.0,"gold_loss":0.0,"damage_taken":0.0},{"damage_healed":0.0,"max_hp_gain":0.0,"max_hp_loss":0.0,"gold_gain":0.0,"event_name":"Shining Light","player_choice":"Entered Light","floor":3.0,"gold_loss":0.0,"damage_taken":20.0,"cards_upgraded":["Defend_P","Strike_P"]},{"damage_healed":0.0,"max_hp_gain":0.0,"max_hp_loss":0.0,"gold_gain":0.0,"event_name":"Scrap Ooze","player_choice":"Success","floor":11.0,"gold_loss":0.0,"damage_taken":11.0,"relics_obtained":["Tiny Chest"]},{"damage_healed":0.0,"max_hp_gain":0.0,"max_hp_loss":0.0,"gold_gain":0.0,"event_name":"Ghosts","player_choice":"Ignored","floor":19.0,"gold_loss":0.0,"damage_taken":0.0},{"damage_healed":0.0,"max_hp_gain":0.0,"max_hp_loss":0.0,"gold_gain":0.0,"event_name":"Accursed Blacksmith","player_choice":"Forge","floor":20.0,"gold_loss":0.0,"damage_taken":0.0,"cards_upgraded":["Vault"]}],"is_beta":false,"boss_relics":[{"not_picked":["Velvet Choker","Ectoplasm"],"picked":"Cursed Key"}],"items_purged_floors":[],"is_endless":false,"potions_floor_spawned":[5,6,13,14,18,21],"killed_by":"Book of Stabbing","ascension_level":17}}