{"host":"uqu4g15d3w1vnax3","time":1610611173,"event":{"mods":["BaseMod","KOR Keyword Fix","Lobotomy","Minty Spire (QoL Compilation)","StSLib"],"gold_per_floor":[114,129,144,159,84,114,129,144,169,169,184,184,134,149,149,249,249,264,249,264,279,79,79,94,94,119,119,134,161,161,191,191,291,291,306,321,336,351,366,366,396,396,446,461,476,501,71,71,71,71],"floor_reached":51,"language":"KOR","playtime":2813,"items_purged":["Setup","Skewer","Riddle With Holes","Outmaneuver"],"score":832,"play_id":"b70ce8ad-fc46-4c87-8d6c-16b797b4d5b5","local_time":"20210114165933","daily_mods":["Insanity","Uncertain Future","Binary"],"is_ascension_mode":false,"campfire_choices":[{"floor":12,"key":"REST"},{"data":"Tactician","floor":15,"key":"SMITH"},{"floor":23,"key":"REST"},{"floor":27,"key":"REST"},{"floor":32,"key":"REST"},{"floor":40,"key":"REST"},{"data":"Concentrate","floor":42,"key":"SMITH"},{"floor":49,"key":"REST"}],"circlet_count":0,"master_deck":["Calculated Gamble","Dash","Concentrate","Blade Dance","Leg Sweep","Flying Knee","Concentrate","Escape Plan","Slice","Sucker Punch","Prepared","Well Laid Plans","Catalyst","Cloak And Dagger","Concentrate+1","Accuracy","PiercingWail","Tactician+1","Blade Dance","PiercingWail","Cloak And Dagger","Backflip","Prepared","Concentrate","Prepared","Deadly Poison","Dagger Throw","Choke","Quick Slash","Acrobatics","Blur","Slice","Dodge and Roll","Cloak And Dagger","Acrobatics","Deflect","Footwork","Poisoned Stab","Blur","Endless Agony","Backflip","Crippling Poison","Blade Dance","Prepared","Catalyst","Burst","Adrenaline","Blade Dance+1","Prepared","Expertise","Escape Plan","Corpse Explosion","Calculated Gamble+1","Accuracy","Venomology","Escape Plan+1","Noxious Fumes+1","Catalyst","Noxious Fumes"],"relics":["Ring of the Snake","Regal Pillow","Oddly Smooth Stone","Smiling Mask","SacredBark","Orrery","Ancient Tea Set","Strawberry","Red Mask","Bag of Preparation","Empty Cage","Letter Opener","Snake Skull","Lantern","TungstenRod"],"acts_visited":["Exordium","TheCity","TheBeyond"],"potions_floor_usage":[11,18,21,24,31,31,33,33,35,36,38,39,39,39,41,41,50,50,50],"damage_taken":[{"damage":0,"enemies":"Cultist","floor":1,"turns":2},{"damage":3,"enemies":"2 Louse","floor":2,"turns":2},{"damage":1,"enemies":"Small Slimes","floor":3,"turns":2},{"damage":12,"enemies":"Blue Slaver","floor":4,"turns":4},{"damage":12,"enemies":"Lagavulin","floor":6,"turns":6},{"damage":1,"enemies":"3 Louse","floor":7,"turns":3},{"damage":15,"enemies":"Gremlin Gang","floor":8,"turns":5},{"damage":0,"enemies":"Red Slaver","floor":11,"turns":3},{"damage":9,"enemies":"Blue Slaver","floor":14,"turns":4},{"damage":5,"enemies":"Slime Boss","floor":16,"turns":8},{"damage":0,"enemies":"Chosen","floor":18,"turns":4},{"damage":20,"enemies":"2 Thieves","floor":19,"turns":4},{"damage":14,"enemies":"Centurion and Healer","floor":20,"turns":5},{"damage":29,"enemies":"Snake Plant","floor":21,"turns":4},{"damage":40,"enemies":"Sentry and Sphere","floor":24,"turns":8},{"damage":10,"enemies":"Snecko","floor":28,"turns":5},{"damage":22,"enemies":"Masked Bandits","floor":29,"turns":5},{"damage":7,"enemies":"Slavers","floor":31,"turns":3},{"damage":46,"enemies":"Champ","floor":33,"turns":15},{"damage":22,"enemies":"3 Darklings","floor":35,"turns":5},{"damage":1,"enemies":"3 Shapes","floor":36,"turns":6},{"damage":13,"enemies":"Jaw Worm Horde","floor":37,"turns":4},{"damage":20,"enemies":"Spire Growth","floor":38,"turns":5},{"damage":16,"enemies":"Transient","floor":39,"turns":5},{"damage":2,"enemies":"Reptomancer","floor":41,"turns":5},{"damage":16,"enemies":"Sphere and 2 Shapes","floor":44,"turns":5},{"damage":14,"enemies":"Jaw Worm Horde","floor":45,"turns":2},{"damage":38,"enemies":"Donu and Deca","floor":50,"turns":6}],"seed_played":"-4891952413640654339","potions_obtained":[{"floor":1,"key":"Dexterity Potion"},{"floor":2,"key":"SteroidPotion"},{"floor":4,"key":"Poison Potion"},{"floor":11,"key":"SkillPotion"},{"floor":20,"key":"PowerPotion"},{"floor":21,"key":"Weak Potion"},{"floor":29,"key":"Block Potion"},{"floor":31,"key":"Poison Potion"},{"floor":33,"key":"Fire Potion"},{"floor":36,"key":"DuplicationPotion"},{"floor":37,"key":"AttackPotion"},{"floor":39,"key":"Explosive Potion"}],"is_trial":false,"path_per_floor":["M","M","M","M","$","E","M","M","T","?","M","R","$","M","R","B",null,"M","M","M","M","$","R","M","?","T","R","M","?","?","E","R","B",null,"M","M","M","M","M","R","E","R","T","M","M","T","$","?","R","B",null],"character_chosen":"THE_SILENT","items_purchased":["Orrery","TungstenRod","Noxious Fumes"],"campfire_rested":6,"item_purchase_floors":[22,47,47],"current_hp_per_floor":[70,67,66,54,54,42,41,26,26,14,14,50,50,41,41,36,70,70,50,36,7,7,43,3,3,10,48,38,16,16,9,47,1,77,55,54,41,21,5,43,41,41,41,25,11,11,11,11,49,11],"gold":71,"neow_bonus":"","is_daily":true,"chose_seed":false,"campfire_upgraded":2,"win_rate":0.0,"timestamp":1610611173,"path_taken":["M","M","M","?","?","E","M","M","T","?","M","R","$","M","R","BOSS","M","M","M","M","$","R","M","?","T","R","M","?","?","E","R","BOSS","M","M","?","M","M","R","E","R","T","M","M","?","$","?","R","BOSS"],"items_purchased_type":["Relic","Relic","Card"],"build_version":"2020-12-22","purchased_purges":4,"victory":true,"max_hp_per_floor":[70,70,70,70,70,70,70,70,70,70,70,70,70,70,70,70,70,70,70,70,70,70,70,70,70,77,77,77,77,77,77,77,77,77,77,77,77,77,77,77,77,77,77,77,77,77,77,77,77,77],"card_choices":[{"not_picked":["Slice"],"picked":"Prepared","floor":1},{"not_picked":["Outmaneuver","Backflip"],"picked":"SKIP","floor":2},{"not_picked":["Cloak And Dagger","Dagger Spray"],"picked":"SKIP","floor":3},{"not_picked":["Dodge and Roll","Slice"],"picked":"SKIP","floor":4},{"not_picked":["Predator","Backflip"],"picked":"SKIP","floor":6},{"not_picked":["Sucker Punch"],"picked":"Catalyst","floor":7},{"not_picked":["Burst","Acrobatics"],"picked":"SKIP","floor":8},{"not_picked":["Acrobatics"],"picked":"Burst","floor":8},{"not_picked":["Distraction","Deadly Poison"],"picked":"SKIP","floor":11},{"not_picked":["Acrobatics","Distraction"],"picked":"SKIP","floor":14},{"not_picked":["Malaise"],"picked":"Adrenaline","floor":16},{"not_picked":["Outmaneuver+1"],"picked":"Blade Dance+1","floor":18},{"not_picked":["Dagger Throw","Phantasmal Killer"],"picked":"SKIP","floor":19},{"not_picked":["Outmaneuver","Acrobatics"],"picked":"SKIP","floor":20},{"not_picked":["PiercingWail"],"picked":"Prepared","floor":21},{"not_picked":["Caltrops"],"picked":"Expertise","floor":22},{"not_picked":["Calculated Gamble"],"picked":"Escape Plan","floor":22},{"not_picked":["Backflip+1"],"picked":"Corpse Explosion","floor":22},{"not_picked":["Setup+1"],"picked":"Calculated Gamble+1","floor":24},{"not_picked":["Sucker Punch","Underhanded Strike+1"],"picked":"SKIP","floor":28},{"not_picked":["Terror"],"picked":"Accuracy","floor":31},{"not_picked":["Malaise"],"picked":"Venomology","floor":33},{"not_picked":["Underhanded Strike+1"],"picked":"Escape Plan+1","floor":35},{"not_picked":["Prepared"],"picked":"Noxious Fumes+1","floor":36},{"not_picked":["Distraction","Deadly Poison+1"],"picked":"SKIP","floor":37},{"not_picked":["Infinite Blades","Dodge and Roll"],"picked":"SKIP","floor":38},{"not_picked":["Underhanded Strike","Crippling Poison+1"],"picked":"SKIP","floor":39},{"not_picked":["Flying Knee","Endless Agony"],"picked":"SKIP","floor":41},{"not_picked":["Choke+1","PiercingWail+1"],"picked":"SKIP","floor":44},{"not_picked":["All Out Attack"],"picked":"Catalyst","floor":45}],"player_experience":288337,"relics_obtained":[{"floor":6,"key":"Regal Pillow"},{"floor":9,"key":"Oddly Smooth Stone"},{"floor":26,"key":"Strawberry"},{"floor":29,"key":"Red Mask"},{"floor":31,"key":"Bag of Preparation"},{"floor":41,"key":"Letter Opener"},{"floor":43,"key":"Snake Skull"},{"floor":46,"key":"Lantern"}],"event_choices":[{"damage_healed":0,"gold_gain":0,"player_choice":"Success","damage_taken":12,"relics_obtained":["Smiling Mask"],"max_hp_gain":0,"max_hp_loss":0,"event_name":"Scrap Ooze","floor":10,"gold_loss":0},{"damage_healed":0,"gold_gain":0,"player_choice":"Opened","damage_taken":0,"relics_obtained":["Ancient Tea Set"],"max_hp_gain":0,"max_hp_loss":0,"event_name":"The Mausoleum","floor":25,"gold_loss":0},{"damage_healed":0,"gold_gain":0,"player_choice":"Fought Bandits","damage_taken":0,"max_hp_gain":0,"max_hp_loss":0,"event_name":"Masked Bandits","floor":29,"gold_loss":0},{"damage_healed":0,"gold_gain":0,"cards_transformed":["Calculated Gamble"],"player_choice":"Transformed","damage_taken":0,"max_hp_gain":0,"max_hp_loss":0,"event_name":"Transmorgrifier","floor":30,"gold_loss":0,"cards_obtained":["Bane"]},{"cards_removed":["Flechettes"],"damage_healed":0,"gold_gain":0,"player_choice":"Removed Attack","damage_taken":0,"max_hp_gain":0,"max_hp_loss":0,"event_name":"Falling","floor":48,"gold_loss":0}],"is_beta":false,"boss_relics":[{"not_picked":["Sozu","Ectoplasm"],"picked":"SacredBark"},{"not_picked":["Calling Bell","SlaversCollar"],"picked":"Empty Cage"}],"items_purged_floors":[5,13,22,47],"is_endless":false,"potions_floor_spawned":[1,2,4,7,11,16,20,21,29,31,33,36,37,39],"ascension_level":0}}