{"host":"3w007pgvkin6up9o","time":1610590158,"event":{"mods":["100% Spire Juice","AchievementEnabler","Act Like it!","Arknights The Spire","BaseMod","Bestiary","Better Altar","Better Match","Better Note","Better Sensory Stone","Better Skull","Better Third Choice","ChefMod","Colored Map","Conspire","Evolution","Gensokyo","Hallownest","Hermit","HololiveMod","Hubris","Infinite Spire","Marisa????????","Minty Spire (QoL Compilation)","Pale of the Ancients","Poem Panic","Poor People Problems","Railgun Mod","Random Character Button","Rare Cards Sparkle","Reimu??????","Remilia??????","Replay The Spire","Shade Mod","Spicy Shops","StSLib","SuperFastMode","The Alterego","The Animator","The Bug Knight","The Construct","The Cursed","The Gatherer","The Mystic","The Senshi","The Servant 0.9.4","The Wild Card","Trackpad","Waifu the Spire","WarShipGirlsR/????R mod","??????REMEMod"],"gold_per_floor":[118,129,94,94,104,131,131,142,142,171,171,186,186,199,199,304,304,317,317,317,317,327,327,340,340,367,379,379,411,411,411,411,510,510,524,609,659,639,657,657,668,683,683,683,683,683],"floor_reached":44,"language":"ENG","playtime":3046,"items_purged":[],"score":513,"play_id":"42f97c7c-278f-4628-93d9-f9b0fd0322b3","local_time":"20210113210918","is_ascension_mode":false,"metric_token":3281,"campfire_choices":[{"data":"Gatherer:Centralize","floor":7,"key":"SMITH"},{"data":"Gatherer:FlowerWhip","floor":13,"key":"SMITH"},{"data":"Gatherer:EchoOfNature","floor":15,"key":"SMITH"},{"data":"Gatherer:FlowerWhip+1","floor":23,"key":"SMITH"},{"data":"FloweringNight","floor":25,"key":"SMITH"},{"data":"Gatherer:Snatch","floor":28,"key":"SMITH"},{"data":"Gatherer:OddSpoils","floor":32,"key":"SMITH"},{"floor":40,"key":"REST"}],"circlet_count":0,"master_deck":["Gatherer:Centralize+1","Gatherer:FlowerWhip+2","FloweringNight+1","Gatherer:Snatch+1","Gatherer:OddSpoils+1","Gatherer:FragileHammer","Gatherer:RottenStipe","Gatherer:ScherryThrow","Gatherer:RecipeChange","Gatherer:VenomBarrier","Gatherer:EchoOfNature+1","Gatherer:PoisonMastery","Gatherer:SaveValuables","Gatherer:ColorfulGarden+1","Gatherer:WitheringStrike","Gatherer:GrowBook","Gatherer:Frenzy","Gatherer:Bulldoze","Gatherer:FinishingStrike","Gatherer:Snatch","Gatherer:WitheringStrike","Gatherer:HeartToFruit","Gatherer:OddSpoils","Gatherer:WitheringStrike+1","Gatherer:DrugPower","Gatherer:DrugPower","Gatherer:StoneFence","Gatherer:FlamingBottle","Gatherer:PotentialSlash+1","REME_MagicPocketWatch","Gatherer:BlackTea","Mayhem","ReplayUltimateDefense","Gatherer:FruitForce+1"],"relics":["Gatherer:MiracleBag","EVO:Axolotl","trackpad:BottledTsunami","trackpad:FieryHotPepper","Question Card","Peace Pipe","PoemPanic:PoemPanicRelic","trackpad:PocketGalaxy","Nloth\u0027s Gift","Oddly Smooth Stone","Kunai","infinitespire:Golems Mask","REME_LowDesire","infinitespire:Beetle Shell","Blood Vial","hubris:Zylophone","Pet Ghost"],"acts_visited":["Exordium","TheCity","TheBeyond"],"potions_floor_usage":[6,16,16,29,29,33,37],"damage_taken":[{"damage":5,"enemies":"Jaw Worm","floor":1,"turns":4},{"damage":0,"enemies":"2 Louse","floor":2,"turns":2},{"damage":0,"enemies":"Cultist","floor":5,"turns":2},{"damage":0,"enemies":"Gremlin Nob","floor":6,"turns":3},{"damage":1,"enemies":"3 Louse","floor":8,"turns":2},{"damage":31,"enemies":"Lagavulin","floor":10,"turns":4},{"damage":4,"enemies":"Large Slime","floor":12,"turns":4},{"damage":5,"enemies":"Blue Slaver","floor":14,"turns":1},{"damage":11,"enemies":"Hexaghost","floor":16,"turns":5},{"damage":14,"enemies":"Shell Parasite","floor":18,"turns":4},{"damage":0,"enemies":"Chosen","floor":22,"turns":4},{"damage":0,"enemies":"Centurion and Healer","floor":24,"turns":3},{"damage":17,"enemies":"Chosen and Byrds","floor":27,"turns":5},{"damage":22,"enemies":"Nightmare","floor":29,"turns":7},{"damage":20,"enemies":"hubris:MusketHawk","floor":33,"turns":6},{"damage":20,"enemies":"3 Darklings","floor":35,"turns":5},{"damage":20,"enemies":"Mind Bloom Boss Battle","floor":37,"turns":5},{"damage":0,"enemies":"Orb Walker","floor":39,"turns":2},{"damage":34,"enemies":"Transient","floor":41,"turns":5},{"damage":10,"enemies":"3 Darklings","floor":42,"turns":3},{"damage":15,"enemies":"Jaw Worm Horde","floor":44,"turns":1}],"seed_played":"-2895042808356949712","potions_obtained":[{"floor":2,"key":"LifebloodPotion"},{"floor":5,"key":"Fire Potion"},{"floor":11,"key":"infinitespire:BlackPotion"},{"floor":11,"key":"AttackPotion"},{"floor":12,"key":"Energy Potion"},{"floor":14,"key":"Adrenaline Potion"},{"floor":16,"key":"PowerPotion"},{"floor":29,"key":"LiquidMemories"},{"floor":33,"key":"Regen Potion"},{"floor":38,"key":"BottledMiracle"}],"is_trial":false,"path_per_floor":["M","M","?","?","M","E","R","M","T","E","?","M","R","M","R","B",null,"M","AVR","?","?","M","R","M","R","T","M","R","NM","T","?","R","B",null,"M","?","?","?","M","R","M","M","T","M"],"character_chosen":"THE_GATHERER","items_purchased":[],"campfire_rested":1,"item_purchase_floors":[],"current_hp_per_floor":[74,74,79,79,79,79,79,78,78,47,47,43,43,38,38,27,79,65,65,65,65,65,65,65,65,65,51,51,40,40,40,40,20,82,62,30,19,19,21,45,17,9,9,0,0,0],"gold":683,"neow_bonus":"TEN_PERCENT_HP_BONUS","is_daily":false,"chose_seed":false,"campfire_upgraded":7,"win_rate":0.0,"timestamp":1610590158,"path_taken":["M","M","?","?","M","E","R","M","T","E","?","M","R","M","R","BOSS","M","AVR","?","?","M","R","?","R","T","M","R","NM","?","?","R","BOSS","M","?","?","?","?","R","M","M","T","M"],"items_purchased_type":[],"build_version":"2020-12-22","purchased_purges":0,"victory":false,"max_hp_per_floor":[79,79,79,79,79,79,79,79,79,79,79,79,79,79,79,79,79,79,79,79,79,79,79,79,79,79,82,82,82,82,82,82,82,82,82,82,82,82,82,82,86,86,86,86,86,86],"card_choices":[{"not_picked":["Gatherer:TreeGrowth","Gatherer:EnergyBasket"],"picked":"Gatherer:Snatch","floor":1},{"not_picked":["Gatherer:RecoveryHerb","Gatherer:UpgradeBag"],"picked":"Gatherer:OddSpoils","floor":2},{"not_picked":["Gatherer:ScrollOfWall","Gatherer:EchoOfNature"],"picked":"Gatherer:FragileHammer","floor":5},{"not_picked":["Gatherer:CollectorsShot","Gatherer:AromaProtection"],"picked":"Gatherer:RottenStipe","floor":6},{"not_picked":["Gatherer:UpgradeBag","Gatherer:TreeGrowth"],"picked":"Gatherer:ScherryThrow","floor":8},{"not_picked":["Gatherer:Transmute","Gatherer:AromaProtection","Gatherer:CollectorsShot"],"picked":"Gatherer:RecipeChange","floor":10},{"not_picked":["Gatherer:GlowingPlant","Gatherer:TacticalStrike","Gatherer:Frenzy"],"picked":"Gatherer:VenomBarrier","floor":12},{"not_picked":["Gatherer:DrugPower","Gatherer:UpgradeBag","Gatherer:FlowerShield"],"picked":"Gatherer:EchoOfNature","floor":14},{"not_picked":["Gatherer:MindSearch","Gatherer:StoneFence","Gatherer:ScrollOfPurity"],"picked":"Gatherer:PoisonMastery","floor":16},{"not_picked":["Gatherer:CollectorsShot","Gatherer:FragileHammer+1","Gatherer:FlowerShield+1"],"picked":"Gatherer:SaveValuables","floor":18},{"not_picked":["Gatherer:RecipeChange","Gatherer:Snatch+1","Gatherer:EchoOfNature+1"],"picked":"Gatherer:WitheringStrike+1","floor":22},{"not_picked":["Gatherer:ScherryThrow","Gatherer:Snatch+1","Gatherer:TacticalStrike"],"picked":"Gatherer:DrugPower","floor":24},{"not_picked":["Gatherer:Convert+1","Gatherer:CursedBlade","Gatherer:BambuSword+1"],"picked":"Gatherer:DrugPower","floor":27},{"not_picked":["Gatherer:HeartToFruit","Gatherer:ScentOfRosmari+1","Gatherer:EchoOfNature"],"picked":"Gatherer:StoneFence","floor":29},{"not_picked":["Gatherer:Bulldoze","Gatherer:ScrollOfPurity","Gatherer:HeartToFruit"],"picked":"Gatherer:FlamingBottle","floor":33},{"not_picked":["Gatherer:WoolGloves","Gatherer:Nutrients+1","Gatherer:Snatch+1","ReplayTheSpireMod:Trickstab"],"picked":"Gatherer:PotentialSlash+1","floor":35},{"not_picked":["Gatherer:TacticalStrike","Gatherer:SaveValuables","Gatherer:GatherMaterial","Gatherer:AromaProtection"],"picked":"REME_MagicPocketWatch","floor":36},{"not_picked":["Gatherer:BambuSword","Gatherer:GatherMaterial+1","Gatherer:RecoveryHerb","Metamorphosis"],"picked":"Gatherer:BlackTea","floor":36},{"not_picked":["Gatherer:CollectorsShot","Gatherer:RecoveryHerb+1","Gatherer:Enchant+1","Gatherer:LuckyClover"],"picked":"Mayhem","floor":36},{"not_picked":["Gatherer:SaveValuables","Gatherer:TacticalStrike","Gatherer:FragileHammer+1","Gatherer:VenomBarrier"],"picked":"ReplayUltimateDefense","floor":37},{"not_picked":["Gatherer:FlowerBeam","Gatherer:FlowerShield+1","Gatherer:SmartManeuver","Gatherer:BambuSword","REME_MagicPocketWatch+1"],"picked":"SKIP","floor":39},{"not_picked":["Gatherer:SaveValuables+1","Gatherer:ScherryThrow","Gatherer:Transmute+1","Impatience+1"],"picked":"Gatherer:FruitForce+1","floor":41},{"not_picked":["Gatherer:AromaProtection","Gatherer:Pollute","Gatherer:EnergyBasket","Gatherer:Frenzy+1","Magnetism"],"picked":"SKIP","floor":42}],"player_experience":206470,"relics_obtained":[{"floor":4,"key":"trackpad:BottledTsunami"},{"floor":6,"key":"trackpad:FieryHotPepper"},{"floor":9,"key":"Question Card"},{"floor":10,"key":"Peace Pipe"},{"floor":26,"key":"Oddly Smooth Stone"},{"floor":29,"key":"Kunai"},{"floor":30,"key":"infinitespire:Golems Mask"},{"floor":34,"key":"infinitespire:Beetle Shell"},{"floor":34,"key":"Blood Vial"},{"floor":37,"key":"hubris:Zylophone"},{"floor":43,"key":"Pet Ghost"}],"event_choices":[{"damage_healed":19,"gold_gain":0,"player_choice":"Healed","damage_taken":0,"max_hp_gain":0,"max_hp_loss":0,"event_name":"The Cleric","floor":3,"gold_loss":35},{"damage_healed":0,"gold_gain":0,"player_choice":"Got Potions","damage_taken":0,"max_hp_gain":0,"max_hp_loss":0,"event_name":"Lab","floor":11,"gold_loss":0},{"damage_healed":0,"gold_gain":0,"player_choice":"Upgraded","damage_taken":0,"max_hp_gain":0,"max_hp_loss":0,"event_name":"Upgrade Shrine","floor":20,"gold_loss":0,"cards_upgraded":["Gatherer:ColorfulGarden"]},{"damage_healed":0,"gold_gain":0,"player_choice":"Traded Relic","damage_taken":0,"relics_obtained":["Nloth\u0027s Gift"],"max_hp_gain":0,"max_hp_loss":0,"event_name":"N\u0027loth","floor":21,"relics_lost":["REME_ComplimentaryCards"],"gold_loss":0},{"damage_healed":0,"gold_gain":0,"player_choice":"Ignored","damage_taken":0,"max_hp_gain":0,"max_hp_loss":0,"event_name":"betterNote:BetterNote","floor":31,"gold_loss":0,"cards_obtained":["animator:Megumin"]},{"damage_healed":0,"gold_gain":0,"player_choice":"Fight","damage_taken":0,"max_hp_gain":0,"max_hp_loss":0,"event_name":"MindBloom","floor":37,"gold_loss":0},{"damage_healed":0,"gold_gain":0,"player_choice":"Bought 1 Potion","damage_taken":0,"max_hp_gain":0,"max_hp_loss":0,"event_name":"The Woman in Blue","floor":38,"gold_loss":0}],"is_beta":false,"boss_relics":[{"not_picked":["Hololive_TopUpMoneyS","hubris:VirtuousBlindfold"],"picked":"Gatherer:MiracleBag"},{"not_picked":["conspire:RunicOctahedron","hubris:GrandSneckoEye"],"picked":"REME_LowDesire"}],"items_purged_floors":[],"is_endless":true,"potions_floor_spawned":[2,5,12,14,16,29,33,41,42],"killed_by":"Jaw Worm Horde","ascension_level":0}}