{"host":"1c17lcvl7acx821p","time":1610659341,"event":{"mods":["AchievementEnabler","BaseMod","Colored Map","Minty Spire (QoL Compilation)","StSLib"],"gold_per_floor":[210,224,241,46,221,249,17,52,52,83,83,98,98,112,112,211,211,225,237,197,211,112,147,147,173,196,196,209,209,209,237,237,334,334,352,369,380,78,0,0,14,45,45,71,171,184,184,203,203,203,203,203,23,58,58,58],"floor_reached":55,"language":"ENG","playtime":3281,"items_purged":["Strike_G"],"score":1043,"play_id":"d4e087e8-55ab-49af-9e3a-add7bdfdac69","local_time":"20210114232221","is_ascension_mode":true,"campfire_choices":[{"floor":13,"key":"REST"},{"floor":15,"key":"REST"},{"data":"A Thousand Cuts","floor":30,"key":"SMITH"},{"data":"Caltrops","floor":32,"key":"SMITH"},{"data":"Apotheosis","floor":40,"key":"SMITH"},{"floor":47,"key":"REST"},{"floor":49,"key":"RECALL"},{"data":"Adrenaline","floor":52,"key":"SMITH"}],"circlet_count":0,"master_deck":["Strike_G+1","Strike_G+1","Defend_G+1","Defend_G+1","Defend_G+1","Defend_G+1","Defend_G+1","Survivor","Neutralize+1","Sucker Punch","Dodge and Roll","Dagger Spray+1","Leg Sweep","Footwork+1","Quick Slash","Doubt","Caltrops+1","Blur","PanicButton","PiercingWail","Deadly Poison","Deflect","Blur","Deadly Poison","Backflip","A Thousand Cuts+1","Acrobatics","Noxious Fumes","Dash","Adrenaline+1","Corpse Explosion","Tools of the Trade","Backflip","Acrobatics","Apotheosis+1","Reflex","Well Laid Plans","PiercingWail","Blade Dance+1","Deadly Poison","Underhanded Strike+1","Tactician","Impatience","Deadly Poison","Reflex+1"],"relics":["Ring of the Snake","Nunchaku","StoneCalendar","Ninja Scroll","Dream Catcher","Busted Crown","Ancient Tea Set","InkBottle","Potion Belt","Regal Pillow","HoveringKite","Red Mask","Snake Skull","Whetstone","Ginger"],"acts_visited":["Exordium","TheCity","TheBeyond","TheEnding"],"potions_floor_usage":[8,8,23,44,44,50,54,55,55,55],"damage_taken":[{"damage":0,"enemies":"2 Louse","floor":1,"turns":3},{"damage":2,"enemies":"Jaw Worm","floor":2,"turns":5},{"damage":0,"enemies":"Cultist","floor":3,"turns":4},{"damage":37,"enemies":"Lagavulin","floor":6,"turns":20},{"damage":29,"enemies":"Gremlin Nob","floor":8,"turns":7},{"damage":2,"enemies":"3 Sentries","floor":10,"turns":7},{"damage":0,"enemies":"Large Slime","floor":12,"turns":7},{"damage":5,"enemies":"Looter","floor":14,"turns":3},{"damage":0,"enemies":"Hexaghost","floor":16,"turns":11},{"damage":2,"enemies":"Shell Parasite","floor":18,"turns":7},{"damage":0,"enemies":"3 Byrds","floor":19,"turns":5},{"damage":5,"enemies":"3 Cultists","floor":21,"turns":5},{"damage":0,"enemies":"Book of Stabbing","floor":23,"turns":7},{"damage":1,"enemies":"Gremlin Leader","floor":25,"turns":8},{"damage":0,"enemies":"Snecko","floor":28,"turns":4},{"damage":5,"enemies":"Book of Stabbing","floor":31,"turns":6},{"damage":21,"enemies":"Champ","floor":33,"turns":14},{"damage":0,"enemies":"Orb Walker","floor":35,"turns":4},{"damage":4,"enemies":"3 Darklings","floor":36,"turns":3},{"damage":20,"enemies":"Spire Growth","floor":37,"turns":6},{"damage":0,"enemies":"Jaw Worm Horde","floor":41,"turns":1},{"damage":14,"enemies":"Giant Head","floor":42,"turns":11},{"damage":0,"enemies":"Reptomancer","floor":44,"turns":7},{"damage":6,"enemies":"4 Shapes","floor":46,"turns":3},{"damage":3,"enemies":"Maw","floor":48,"turns":6},{"damage":40,"enemies":"Awakened One","floor":50,"turns":11},{"damage":25,"enemies":"Shield and Spear","floor":54,"turns":4},{"damage":51,"enemies":"The Heart","floor":55,"turns":8}],"seed_played":"1156378786068242645","potions_obtained":[{"floor":2,"key":"Weak Potion"},{"floor":3,"key":"Fruit Juice"},{"floor":10,"key":"ColorlessPotion"},{"floor":12,"key":"Swift Potion"},{"floor":16,"key":"PowerPotion"},{"floor":18,"key":"Energy Potion"},{"floor":19,"key":"CultistPotion"},{"floor":25,"key":"BlessingOfTheForge"},{"floor":29,"key":"DistilledChaos"},{"floor":29,"key":"Block Potion"},{"floor":41,"key":"DistilledChaos"},{"floor":44,"key":"Ancient Potion"},{"floor":48,"key":"Explosive Potion"}],"is_trial":false,"path_per_floor":["M","M","M","$","?","E","$","E","T","E","?","M","R","M","R","B",null,"M","M","?","M","$","E","?","E","T","?","M","?","R","E","R","B",null,"M","M","M","$","?","R","M","E","T","E","?","M","R","M","R","B",null,"R","$","E","B"],"character_chosen":"THE_SILENT","items_purchased":["Leg Sweep","Footwork","Quick Slash","Blur","PanicButton","Acrobatics","Noxious Fumes","Apotheosis","Reflex","Well Laid Plans","Impatience","Deadly Poison","DuplicationPotion"],"campfire_rested":3,"item_purchase_floors":[4,4,4,7,7,22,22,38,38,38,53,53,53],"current_hp_per_floor":[70,68,68,68,68,31,31,7,7,5,5,5,27,22,44,44,75,73,73,73,68,68,68,68,67,67,67,67,67,67,62,62,41,75,75,71,51,51,51,51,51,37,37,37,37,31,68,65,65,25,75,75,75,50,0,0],"gold":58,"neow_bonus":"HUNDRED_GOLD","is_daily":false,"chose_seed":false,"campfire_upgraded":4,"win_rate":0.0,"timestamp":1610659341,"path_taken":["M","M","M","$","?","E","?","E","T","E","?","?","R","M","R","BOSS","M","M","?","?","$","E","?","E","T","?","M","?","R","E","R","BOSS","M","?","M","$","?","R","M","E","T","E","?","M","R","M","R","BOSS","R","$","E","BOSS"],"items_purchased_type":["Card","Card","Card","Card","Card","Card","Card","Card","Card","Card","Card","Card","Potion"],"build_version":"2020-12-22","purchased_purges":1,"victory":false,"max_hp_per_floor":[70,70,70,70,70,70,70,75,75,75,75,75,75,75,75,75,75,75,75,75,75,75,75,75,75,75,75,75,75,75,75,75,75,75,75,75,75,75,75,75,75,75,75,75,75,75,75,75,75,75,75,75,75,75,75,75],"card_choices":[{"not_picked":["Slice","Infinite Blades"],"picked":"Sucker Punch","floor":1},{"not_picked":["Doppelganger","Bane"],"picked":"Dodge and Roll","floor":2},{"not_picked":["Well Laid Plans","Caltrops"],"picked":"Dagger Spray","floor":3},{"not_picked":["PiercingWail","Masterful Stab"],"picked":"Caltrops","floor":6},{"not_picked":["Eviscerate","Glass Knife"],"picked":"PiercingWail","floor":8},{"not_picked":["Predator","Accuracy"],"picked":"Deadly Poison","floor":10},{"not_picked":["Flying Knee","Underhanded Strike"],"picked":"Deflect","floor":12},{"not_picked":["Reflex","Acrobatics"],"picked":"Blur","floor":13},{"not_picked":["Heel Hook","Blade Dance"],"picked":"Deadly Poison","floor":14},{"not_picked":["Quick Slash","Deflect"],"picked":"Backflip","floor":15},{"not_picked":["Glass Knife","Phantasmal Killer"],"picked":"A Thousand Cuts","floor":16},{"not_picked":["Flying Knee"],"picked":"SKIP","floor":18},{"not_picked":["Dodge and Roll"],"picked":"SKIP","floor":19},{"not_picked":["Blade Dance"],"picked":"SKIP","floor":21},{"not_picked":["Dagger Spray"],"picked":"SKIP","floor":23},{"not_picked":[],"picked":"Corpse Explosion","floor":25},{"not_picked":["Dodge and Roll"],"picked":"SKIP","floor":28},{"not_picked":["Calculated Gamble"],"picked":"SKIP","floor":31},{"not_picked":[],"picked":"Tools of the Trade","floor":33},{"not_picked":[],"picked":"Backflip","floor":35},{"not_picked":["Underhanded Strike"],"picked":"SKIP","floor":36},{"not_picked":[],"picked":"Acrobatics","floor":37},{"not_picked":[],"picked":"PiercingWail","floor":41},{"not_picked":[],"picked":"Blade Dance+1","floor":42},{"not_picked":["Outmaneuver"],"picked":"SKIP","floor":44},{"not_picked":[],"picked":"Deadly Poison","floor":46},{"not_picked":[],"picked":"Underhanded Strike+1","floor":47},{"not_picked":[],"picked":"Tactician","floor":48},{"not_picked":[],"picked":"Reflex+1","floor":54}],"player_experience":83356,"relics_obtained":[{"floor":6,"key":"Nunchaku"},{"floor":8,"key":"StoneCalendar"},{"floor":9,"key":"Ninja Scroll"},{"floor":10,"key":"Dream Catcher"},{"floor":23,"key":"Ancient Tea Set"},{"floor":25,"key":"InkBottle"},{"floor":26,"key":"Potion Belt"},{"floor":31,"key":"Regal Pillow"},{"floor":42,"key":"Snake Skull"},{"floor":44,"key":"Whetstone"},{"floor":54,"key":"Ginger"}],"event_choices":[{"damage_healed":0,"gold_gain":175,"player_choice":"AGREE","damage_taken":0,"max_hp_gain":0,"max_hp_loss":0,"event_name":"Liars Game","floor":5,"gold_loss":0,"cards_obtained":["Doubt"]},{"damage_healed":0,"gold_gain":0,"player_choice":"Ignored","damage_taken":0,"max_hp_gain":0,"max_hp_loss":0,"event_name":"Shining Light","floor":11,"gold_loss":0},{"damage_healed":0,"gold_gain":0,"player_choice":"Upgrade","damage_taken":0,"max_hp_gain":0,"max_hp_loss":0,"event_name":"Designer","floor":20,"gold_loss":40,"cards_upgraded":["Footwork"]},{"damage_healed":0,"gold_gain":0,"cards_transformed":["Strike_G","Strike_G"],"player_choice":"Became Test Subject","damage_taken":0,"max_hp_gain":0,"max_hp_loss":0,"event_name":"Drug Dealer","floor":24,"gold_loss":0,"cards_obtained":["Dash","Adrenaline"]},{"damage_healed":0,"gold_gain":0,"player_choice":"Simplicity","damage_taken":0,"max_hp_gain":0,"max_hp_loss":0,"event_name":"Back to Basics","floor":27,"gold_loss":0,"cards_upgraded":["Strike_G","Strike_G","Defend_G","Defend_G","Defend_G","Defend_G","Defend_G"]},{"damage_healed":0,"gold_gain":0,"player_choice":"Got Potions","damage_taken":0,"max_hp_gain":0,"max_hp_loss":0,"event_name":"Lab","floor":29,"gold_loss":0},{"damage_healed":0,"gold_gain":0,"player_choice":"Paid","damage_taken":0,"relics_obtained":["Red Mask"],"max_hp_gain":0,"max_hp_loss":0,"event_name":"Tomb of Lord Red Mask","floor":39,"gold_loss":78},{"damage_healed":0,"gold_gain":100,"player_choice":"Pray","damage_taken":0,"max_hp_gain":0,"max_hp_loss":0,"event_name":"Golden Shrine","floor":45,"gold_loss":0}],"is_beta":false,"boss_relics":[{"not_picked":["Calling Bell","Philosopher\u0027s Stone"],"picked":"Busted Crown"},{"not_picked":["Fusion Hammer","Astrolabe"],"picked":"HoveringKite"}],"items_purged_floors":[7],"is_endless":false,"potions_floor_spawned":[2,3,10,12,16,18,19,25,33,35,41,44,48],"killed_by":"The Heart","ascension_level":2}}