{"host":"0mk07bycsqo1qk03","time":1610645816,"event":{"mods":["BaseMod","Bestiary","Downfall","Hermit","Hubris","Minty Spire (QoL Compilation)","Replay The Spire","StSLib","The Cursed","The Servant 0.9.4"],"gold_per_floor":[111,126,15,27,27,27,27,56,80,80,80,92,102,116,116,214,214,228,238,250,269,269,269],"floor_reached":22,"language":"ENG","playtime":847,"items_purged":["Looming Evil"],"score":276,"play_id":"e436e1f3-3d1b-4e46-b55a-a4d15438ef6b","local_time":"20210114183656","is_ascension_mode":true,"campfire_choices":[{"data":"Streamline","floor":6.0,"key":"SMITH"},{"data":"ReplayTheSpireMod:Omega Cannon","floor":11.0,"key":"SMITH"},{"floor":15.0,"key":"REST"}],"circlet_count":0,"master_deck":["Strike_B","Strike_B","Strike_B","Strike_B","Defend_B","Defend_B","Defend_B+1","Defend_B","Zap+1","Dualcast","Streamline+1","Fusion+1","Streamline+1","ReplayTheSpireMod:Omega Cannon+1","Undo","Sweeping Beam","hubris:SpecializedCircuitry","Reinforced Body","FIFO Queue+1","FIFO Queue"],"relics":["FrozenCore","TungstenRod","hubris:GlazedTorus","War Paint"],"acts_visited":["Exordium","TheCity"],"potions_floor_usage":[18,18,22],"damage_taken":[{"damage":3.0,"enemies":"2 Louse","floor":1.0,"turns":2.0},{"damage":6.0,"enemies":"Jaw Worm","floor":2.0,"turns":3.0},{"damage":0.0,"enemies":"Cultist","floor":4.0,"turns":3.0},{"damage":30.0,"enemies":"Gremlin Nob","floor":8.0,"turns":5.0},{"damage":0.0,"enemies":"Exordium Wildlife","floor":12.0,"turns":2.0},{"damage":7.0,"enemies":"Exordium Thugs","floor":13.0,"turns":2.0},{"damage":3.0,"enemies":"Red Slaver","floor":14.0,"turns":3.0},{"damage":8.0,"enemies":"Fading Forest","floor":16.0,"turns":11.0},{"damage":22,"enemies":"2 Thieves","floor":18,"turns":5},{"damage":9,"enemies":"3 Byrds","floor":19,"turns":4},{"damage":8,"enemies":"Snecko","floor":20,"turns":6},{"damage":26,"enemies":"Chosen and Byrds","floor":21,"turns":10},{"damage":10,"enemies":"Centurion and Healer","floor":22,"turns":2}],"seed_played":"6781325940168662185","potions_obtained":[{"floor":4.0,"key":"GamblersBrew"},{"floor":8.0,"key":"sneckomod:MuddlingPotion"},{"floor":13.0,"key":"Block Potion"},{"floor":14.0,"key":"LiquidMemories"},{"floor":18,"key":"Swift Potion"}],"is_trial":false,"path_per_floor":["M","M","$","M","?","R","?","E","T","$","R","M","M","M","R","B",null,"M","M","M","M","M"],"character_chosen":"DEFECT","items_purchased":["Fusion"],"campfire_rested":1,"item_purchase_floors":[3],"current_hp_per_floor":[65,59,59,59,59,59,59,29,29,29,29,29,22,19,41,47,68,46,37,29,3,0,0],"gold":269,"neow_bonus":"ONE_RARE_RELIC","is_daily":false,"chose_seed":false,"campfire_upgraded":2,"win_rate":0.0,"timestamp":1610645816,"path_taken":["M","M","$","M","?","R","?","E","T","$","R","M","?","M","R","BOSS","M","M","M","M","M"],"items_purchased_type":["Card"],"build_version":"2020-12-22","purchased_purges":1,"victory":false,"max_hp_per_floor":[75,75,75,75,75,75,75,75,75,75,75,75,75,75,75,75,75,75,75,75,75,75,75],"card_choices":[{"not_picked":["BasicCrystalCard","Barrage"],"picked":"Streamline","floor":1.0},{"not_picked":["FIFO Queue","Tempest","Force Field"],"picked":"SKIP","floor":2.0},{"not_picked":["BasicCrystalCard","Lockon"],"picked":"Streamline","floor":4.0},{"not_picked":["Go for the Eyes","Scrape"],"picked":"ReplayTheSpireMod:Omega Cannon","floor":8.0},{"not_picked":["Chaos","Sweeping Beam"],"picked":"Undo","floor":12.0},{"not_picked":["BasicCrystalCard","Storm"],"picked":"Sweeping Beam","floor":13.0},{"not_picked":["Ball Lightning","Chaos","Storm"],"picked":"SKIP","floor":14.0},{"not_picked":["Mirror Shield","Multi-Cast"],"picked":"hubris:SpecializedCircuitry","floor":16.0},{"not_picked":["Go for the Eyes","Force Field"],"picked":"Reinforced Body","floor":18},{"not_picked":["Compile Driver","Ball Lightning"],"picked":"FIFO Queue+1","floor":19},{"not_picked":["Gash","Double Energy"],"picked":"FIFO Queue","floor":20},{"not_picked":["Crystallizer","Turbo","Reprogram"],"picked":"SKIP","floor":21}],"player_experience":887136,"relics_obtained":[{"floor":8.0,"key":"hubris:GlazedTorus"},{"floor":9.0,"key":"War Paint"}],"event_choices":[{"damage_healed":0.0,"max_hp_gain":0.0,"max_hp_loss":0.0,"gold_gain":0.0,"event_name":"Upgrade Shrine","player_choice":"Upgraded","floor":7.0,"gold_loss":0.0,"damage_taken":0.0,"cards_upgraded":["Streamline"]}],"is_beta":false,"boss_relics":[{"not_picked":["Replay:Grab Bag","Ectoplasm"],"picked":"FrozenCore"}],"items_purged_floors":[3],"is_endless":false,"potions_floor_spawned":[4,8,13,14,18],"killed_by":"Centurion and Healer","ascension_level":9}}