{"host":"y193d0agu1dp5x1y","time":1610646044,"event":{"mods":["AchievementEnabler","BaseMod","Googly Eyes","Minty Spire (QoL Compilation)"],"gold_per_floor":[113,125,4,4,14,14,25,25,51,29,29,48,48,48,48,150,150,165,175,175,75,90,90,106,106,106],"floor_reached":25,"language":"ENG","playtime":953,"items_purged":["Dualcast","Bite"],"score":218,"play_id":"64ff69d8-cd69-4df4-8806-f7322e375f78","local_time":"20210114114044","is_ascension_mode":false,"campfire_choices":[{"data":"Zap","floor":6.0,"key":"SMITH"},{"floor":11.0,"key":"REST"},{"data":"Conserve Battery","floor":13.0,"key":"SMITH"},{"data":"Ball Lightning","floor":15.0,"key":"SMITH"},{"floor":23,"key":"REST"}],"circlet_count":0,"master_deck":["Defend_B","Defend_B","Defend_B","Defend_B","Zap+1","Gash","Gash","Conserve Battery+1","Gash","Ball Lightning+1","Seek","Leap","BootSequence+1","Bite","Bite","Bite","Bite","Scrape"],"relics":["SlaversCollar","Art of War","Regal Pillow"],"acts_visited":["Exordium","TheCity"],"potions_floor_usage":[],"damage_taken":[{"damage":10.0,"enemies":"Jaw Worm","floor":1.0,"turns":6.0},{"damage":0.0,"enemies":"Cultist","floor":2.0,"turns":3.0},{"damage":6.0,"enemies":"2 Louse","floor":5.0,"turns":3.0},{"damage":5.0,"enemies":"Red Slaver","floor":7.0,"turns":4.0},{"damage":0.0,"enemies":"Exordium Thugs","floor":12.0,"turns":4.0},{"damage":29.0,"enemies":"Slime Boss","floor":16.0,"turns":9.0},{"damage":18.0,"enemies":"3 Byrds","floor":18.0,"turns":6.0},{"damage":14.0,"enemies":"Spheric Guardian","floor":19.0,"turns":4.0},{"damage":24,"enemies":"Snake Plant","floor":22,"turns":6},{"damage":53,"enemies":"3 Cultists","floor":24,"turns":8},{"damage":15,"enemies":"Book of Stabbing","floor":25,"turns":3}],"seed_played":"8715978718713079072","potions_obtained":[{"floor":1.0,"key":"Energy Potion"},{"floor":7.0,"key":"Ancient Potion"},{"floor":12.0,"key":"FocusPotion"}],"is_trial":false,"path_per_floor":["M","M","$","?","M","R","M","?","T","$","R","M","R","$","R","B",null,"M","M","?","$","M","R","M","E"],"character_chosen":"DEFECT","items_purchased":["Gash","Gash"],"campfire_rested":2,"item_purchase_floors":[3,10],"current_hp_per_floor":[65,65,65,65,59,59,54,54,54,54,75,75,75,75,75,46,75,57,43,43,43,29,52,5,0,0],"gold":106,"neow_bonus":"BOSS_RELIC","is_daily":false,"chose_seed":false,"campfire_upgraded":3,"win_rate":0.0,"timestamp":1610646044,"path_taken":["M","M","$","?","?","R","M","?","T","$","R","M","R","$","R","BOSS","M","M","?","$","M","R","M","E"],"items_purchased_type":["Card","Card"],"build_version":"2020-12-22","purchased_purges":2,"victory":false,"max_hp_per_floor":[75,75,75,75,75,75,75,75,75,75,75,75,75,75,75,75,75,75,75,52,52,52,52,52,52,52],"card_choices":[{"not_picked":["Barrage","Melter"],"picked":"Gash","floor":1.0},{"not_picked":["Stack","Cold Snap","Reinforced Body"],"picked":"SKIP","floor":2.0},{"not_picked":["Compile Driver","Double Energy","Barrage"],"picked":"SKIP","floor":5.0},{"not_picked":["Tempest","Reinforced Body"],"picked":"Conserve Battery","floor":7.0},{"not_picked":["Storm","Cold Snap"],"picked":"Ball Lightning","floor":12.0},{"not_picked":["Amplify","Biased Cognition"],"picked":"Seek","floor":16.0},{"not_picked":["Ball Lightning","Streamline"],"picked":"Leap","floor":18.0},{"not_picked":["Turbo","Aggregate"],"picked":"BootSequence+1","floor":19.0},{"not_picked":["Rebound","Barrage","Lockon+1"],"picked":"SKIP","floor":22},{"not_picked":["Rebound+1","Leap"],"picked":"Scrape","floor":24}],"player_experience":81408,"relics_obtained":[{"floor":9.0,"key":"Regal Pillow"}],"event_choices":[{"cards_removed":["Strike_B"],"damage_healed":0.0,"max_hp_gain":0.0,"max_hp_loss":0.0,"gold_gain":0.0,"event_name":"Bonfire Elementals","player_choice":"Offered Basic","floor":4.0,"gold_loss":0.0,"damage_taken":0.0},{"damage_healed":0.0,"max_hp_gain":0.0,"max_hp_loss":0.0,"gold_gain":0.0,"event_name":"WeMeetAgain","player_choice":"Gave Potion","floor":8.0,"gold_loss":0.0,"damage_taken":0.0,"relics_obtained":["Art of War"]},{"damage_healed":0.0,"max_hp_gain":0.0,"max_hp_loss":23.0,"gold_gain":0.0,"event_name":"Vampires","player_choice":"Became a vampire","floor":20.0,"gold_loss":0.0,"damage_taken":0.0,"cards_obtained":["Bite","Bite","Bite","Bite","Bite"]}],"is_beta":false,"boss_relics":[{"not_picked":["Velvet Choker","Ectoplasm","Snecko Eye"]}],"items_purged_floors":[3,21],"is_endless":false,"potions_floor_spawned":[1,7,12],"killed_by":"Book of Stabbing","ascension_level":0}}