{"host":"71m6b5pyuze2esq2","time":1610595498,"event":{"mods":["2.2 Compatiblity","AchievementEnabler","Act Like it!","Aspiration","Astrologer","BaseMod","Better Note","Better Sensory Stone","Better Third Choice","CapriCore","Chat Monstrosity","Colored Powertips","Conspire","Defective Defect","Dota2Spire","EXCEPTION","Ekko","Elementarium","Energized Spire","Friendly Minions","Gensokyo","GifTheSpireLib","Googly Eyes","Halation","Hallownest","Hermit","HexUI Lib","HololiveMod","Hubris","Infinite Spire","Ironclad Rager","Jedi Mod","Mad Scientist","Marisa（霧雨　魔理沙）","Melee Mod","Menagerie","Mimic Mod","Minty Spire (QoL Compilation)","MostiFishMod","Permanent Neow","Quarter Circle Forward PUNCH!","Random Character Button","Rare Cards Sparkle","RatMod","Replay The Spire","Robot Space Explorer","Ryuuou龙王","Shade Mod","Shedinja","Shop Mod","Small Relic Pack","Somnambulant","Spicy Shops","Spikes Relics","StSLib","The Animator","The Blackbeard","The Bladedancer","The Blue Laboratory","The Bug Knight","The Construct","The Cursed","The Dragon Tamer","The Edgeheg","The Elementalist","The Gatherer","The Hayseed","The Hierophant","The Immortal","The Mystic","The Necromancer","The Poker Player","The Runesmith","The Servant 0.9.4","The Valiant","The Wild Card","TheFirefly","Trackpad","Uncapped","Useless Jewels Mod","Virulent Crown","Waifu the Spire","Wandering Minibosses","WarShipGirlsR/战舰少女R mod","egg","everything is the same but u backflip on backflip","slay the spire mod where everything is the same but ironclad has a cowboy hat","vexMod","【遗物卡牌】REMEMod"],"gold_per_floor":[110,185,10,10,10,10,10,10,10,10,10,10,10,10,10,10,10,10,10,10,10,10,10,10,10,10,7,7,7,7,7,7,16,16,36,53,64,82,82,113,132,142,142,171,185,185,185,198,198,198,198,198,2,32,32],"floor_reached":56,"language":"ENG","playtime":3892,"items_purged":[],"score":1565,"play_id":"6b4dbafa-6d80-4a5e-ab29-bd1e7a227c33","local_time":"20210113213818","is_ascension_mode":false,"campfire_choices":[{"floor":7,"key":"REST"},{"data":"hubris:Fate","floor":10,"key":"SMITH"},{"floor":23,"key":"RECALL"},{"data":"RobotSpaceExplorer:Accelerator","floor":32,"key":"SMITH"},{"data":"RobotSpaceExplorer:Autoloader","floor":52,"key":"SMITH"}],"circlet_count":0,"master_deck":["RobotSpaceExplorer:Strike+1","RobotSpaceExplorer:Strike+1","RobotSpaceExplorer:Strike+1","RobotSpaceExplorer:Strike+1","RobotSpaceExplorer:Defend+1","RobotSpaceExplorer:Defend+1","RobotSpaceExplorer:Defend+1","RobotSpaceExplorer:Defend+1","RobotSpaceExplorer:Scan","RobotSpaceExplorer:MiniLasers","RobotSpaceExplorer:PowerCollector","MostiFishMod:Neptune","MostiFishMod:TheEndOfMoonlight+1","MostiFishMod:SparklingWater","MostiFishMod:FantasySummer","MostiFishMod:NightSea","RobotSpaceExplorer:MiniDrones","Burn","RobotSpaceExplorer:Discharger","hubris:Fate+1","Pot Of Greed","Pot Of Greed","RobotSpaceExplorer:Accelerator+1","RobotSpaceExplorer:GlueShot","RobotSpaceExplorer:StunGrenade","RobotSpaceExplorer:GlueShot","Pot Of Greed","RobotSpaceExplorer:ScrapMissile+1","RobotSpaceExplorer:LaserBurst","Cold Snap","RobotSpaceExplorer:Comet","RobotSpaceExplorer:FreezeRay","RobotSpaceExplorer:StunGrenade+1","RobotSpaceExplorer:Electropulse","RobotSpaceExplorer:Probe","RobotSpaceExplorer:MakeshiftVolley","RobotSpaceExplorer:MiniDrones+1","RobotSpaceExplorer:Explosion","Pot Of Greed","RobotSpaceExplorer:Explosion","RobotSpaceExplorer:MiniDrones","RobotSpaceExplorer:MetalStrike+1","RobotSpaceExplorer:ChargingLaser+1","RobotSpaceExplorer:FreezeRay+1","RobotSpaceExplorer:Electroshield","RobotSpaceExplorer:GlueShot+1","RobotSpaceExplorer:DoubleFind","RobotSpaceExplorer:Scanner","RobotSpaceExplorer:DoubleBlock","RobotSpaceExplorer:MiniDrones+1","RobotSpaceExplorer:Autoloader+1","Pot Of Greed","Parasite","RobotSpaceExplorer:StunGrenade","RobotSpaceExplorer:Pulsar+1","RobotSpaceExplorer:Exploration","RobotSpaceExplorer:FrostMissile+1","RobotSpaceExplorer:Explosion","Madness","Madness","RobotSpaceExplorer:ShockKick","RobotSpaceExplorer:FrostMissile+1","RobotSpaceExplorer:FreezeRay","RobotSpaceExplorer:FreezeRay+1","Pot Of Greed"],"relics":["RobotSpaceExplorer:RoboCore","DaveBox","REME_ComplimentaryCards","SynthV:TestCard","Bottled Tornado","jedi:ominousloannote","MerchantsRug","WizardHat","Grinning Jar","Prayer Wheel","halation:PinkSoulGem","qcfpunch:Not_Strongest_Fighting_Style_Guidebook","PatriotShield","relicPack:AllForOne","infinitespire:WardingShard","aspiration:RandomNobGenerator","Smiling Mask","Blood Vial","aspiration:ChemicalBlood","Lizard Tail","BicycleWheel","ReplayTheSpireMod:TigerMarble"],"acts_visited":["Exordium","TheCity","TheBeyond","TheEnding"],"potions_floor_usage":[13,16,40,41,41,41,44,50,55,55],"damage_taken":[{"damage":0,"enemies":"2 Louse","floor":1,"turns":4},{"damage":3,"enemies":"Jaw Worm","floor":4,"turns":2},{"damage":0,"enemies":"Lagavulin","floor":8,"turns":1},{"damage":0,"enemies":"Small Slimes","floor":11,"turns":1},{"damage":0,"enemies":"Gremlin Nob","floor":13,"turns":3},{"damage":16,"enemies":"Fading Forest","floor":16,"turns":8},{"damage":0,"enemies":"Shell Parasite","floor":18,"turns":2},{"damage":0,"enemies":"Spheric Guardian","floor":26,"turns":3},{"damage":0,"enemies":"Spheric Guardian","floor":28,"turns":1},{"damage":0,"enemies":"Snecko","floor":29,"turns":1},{"damage":0,"enemies":"Snake Plant","floor":30,"turns":1},{"damage":0,"enemies":"conspire:MysteriousRune","floor":33,"turns":4},{"damage":0,"enemies":"Orb Walker","floor":35,"turns":2},{"damage":18,"enemies":"3 Shapes","floor":36,"turns":2},{"damage":0,"enemies":"Maw","floor":37,"turns":2},{"damage":0,"enemies":"Sphere and 2 Shapes","floor":38,"turns":2},{"damage":0,"enemies":"HollowMod:StalkingDevout","floor":40,"turns":4},{"damage":0,"enemies":"Transient","floor":41,"turns":5},{"damage":0,"enemies":"Writhing Mass","floor":42,"turns":3},{"damage":0,"enemies":"Reptomancer","floor":44,"turns":2},{"damage":0,"enemies":"Sphere and 2 Shapes","floor":45,"turns":2},{"damage":8,"enemies":"4 Shapes","floor":48,"turns":2},{"damage":0,"enemies":"hubris:GrandSnecko","floor":50,"turns":5},{"damage":0,"enemies":"Shield and Spear","floor":54,"turns":3},{"damage":5,"enemies":"The Heart","floor":55,"turns":5}],"seed_played":"6757429962620944905","potions_obtained":[{"floor":1,"key":"SkillPotion"},{"floor":8,"key":"GamblersBrew"},{"floor":18,"key":"Block Potion"},{"floor":29,"key":"blueLaboratory:RememoryPotion"},{"floor":30,"key":"blueLaboratory:BottledHope"},{"floor":35,"key":"RobotSpaceExplorer:PlasmaFlask"},{"floor":40,"key":"jedi:holywater"},{"floor":42,"key":"SpeedPotion"},{"floor":44,"key":"REME_GoldPotion"},{"floor":45,"key":"blueLaboratory:FruitPunch"},{"floor":48,"key":"Doom Potion"},{"floor":54,"key":"PowerPotion"}],"is_trial":false,"path_per_floor":["M","?","$","M","T","?","R","E","T","R","M","?","E","?","R","B",null,"M","?","?","$","?","R","?","$","MIM","$","M","M","M","AVR","R","B",null,"M","M","M","M","?","E","M","M","T","E","M","AVR","?","M","R","B",null,"R","$","E","B",null],"character_chosen":"RobotSpaceExplorer","items_purchased":["Bottled Tornado","jedi:ominousloannote","MerchantsRug","WizardHat","RobotSpaceExplorer:FreezeRay","BicycleWheel","RobotSpaceExplorer:FreezeRay"],"campfire_rested":1,"item_purchase_floors":[3,3,3,3,27,53,53],"current_hp_per_floor":[75,75,75,72,72,54,75,75,75,75,75,75,75,75,75,59,75,75,75,75,75,75,75,75,75,75,75,75,75,75,75,75,75,75,75,57,57,57,57,57,60,60,60,62,64,64,54,48,71,75,80,80,80,80,75],"gold":32,"neow_bonus":"THREE_CARDS","is_daily":false,"chose_seed":false,"campfire_upgraded":3,"win_rate":0.0,"timestamp":1610595498,"path_taken":["M","?","$","M","?","?","R","E","T","R","?","?","E","?","R","BOSS","M","?","?","$","?","R","?","?","MIM","?","?","M","M","AVR","R","BOSS","M","M","M","M","?","E","M","?","T","E","M","AVR","?","M","R","BOSS","R","$","E","BOSS"],"items_purchased_type":["Relic","Relic","Relic","Relic","Card","Relic","Card"],"build_version":"2020-12-22","purchased_purges":0,"victory":true,"max_hp_per_floor":[75,75,75,75,75,75,75,75,75,75,75,75,75,75,75,75,75,75,75,75,75,75,75,75,75,75,75,75,75,75,75,75,75,75,75,75,75,75,75,75,78,78,78,78,78,78,78,78,78,80,80,80,80,80,80],"card_choices":[{"not_picked":["RobotSpaceExplorer:FranticSearch","RobotSpaceExplorer:SwiftStep"],"picked":"RobotSpaceExplorer:PowerCollector","floor":0},{"not_picked":["RobotSpaceExplorer:FreezingShield","RobotSpaceExplorer:Ammunition"],"picked":"RobotSpaceExplorer:MiniDrones","floor":1},{"not_picked":["RobotSpaceExplorer:PowerCollector","RobotSpaceExplorer:MetalStrike","RobotSpaceExplorer:ShockKick","RobotSpaceExplorer:Counterblock"],"picked":"RobotSpaceExplorer:Discharger","floor":4},{"not_picked":["infinitespire:Starlight","infinitespire:FutureSight"],"picked":"hubris:Fate","floor":6},{"not_picked":["RobotSpaceExplorer:SelfCleaning","RobotSpaceExplorer:MakeshiftVolley","RobotSpaceExplorer:Probe","RobotSpaceExplorer:PlasmaMissile"],"picked":"RobotSpaceExplorer:Accelerator","floor":8},{"not_picked":["RobotSpaceExplorer:PowerGlove","RobotSpaceExplorer:Smokescreen","RobotSpaceExplorer:Discharger","RobotSpaceExplorer:FranticSearch"],"picked":"RobotSpaceExplorer:GlueShot","floor":11},{"not_picked":["RobotSpaceExplorer:GlueShot","RobotSpaceExplorer:ScrapToss","RobotSpaceExplorer:SurgingStrike","RobotSpaceExplorer:Pulsar"],"picked":"RobotSpaceExplorer:StunGrenade","floor":11},{"not_picked":["RobotSpaceExplorer:DoubleBlock","RobotSpaceExplorer:Electroshield","RobotSpaceExplorer:ShockKick","RobotSpaceExplorer:LaserBurst"],"picked":"RobotSpaceExplorer:GlueShot","floor":13},{"not_picked":["RobotSpaceExplorer:Explosion","RobotSpaceExplorer:Asteroid","RobotSpaceExplorer:ShockMissile","RobotSpaceExplorer:Scanner"],"picked":"RobotSpaceExplorer:Exploration","floor":16},{"not_picked":["RobotSpaceExplorer:SwiftStep","RobotSpaceExplorer:ShockKick+1","RobotSpaceExplorer:Fix","RobotSpaceExplorer:SurgingShield"],"picked":"RobotSpaceExplorer:ScrapMissile+1","floor":18},{"not_picked":["RobotSpaceExplorer:Probe","RobotSpaceExplorer:ImprovisedAttack","RobotSpaceExplorer:FranticSearch","RobotSpaceExplorer:GlueShot+1"],"picked":"RobotSpaceExplorer:LaserBurst","floor":18},{"not_picked":["RobotSpaceExplorer:RigExplosive","RobotSpaceExplorer:Ammunition","RobotSpaceExplorer:LuckyStrike","RobotSpaceExplorer:Electropulse"],"picked":"RobotSpaceExplorer:Comet","floor":26},{"not_picked":["RobotSpaceExplorer:MetalStrike","RobotSpaceExplorer:ShovelStrike","RobotSpaceExplorer:SurgingStrike+1","RobotSpaceExplorer:Pulsar"],"picked":"RobotSpaceExplorer:StunGrenade+1","floor":28},{"not_picked":["RobotSpaceExplorer:FreezingShield","RobotSpaceExplorer:SwiftStep","RobotSpaceExplorer:MetalStrike+1","RobotSpaceExplorer:JunkDive"],"picked":"RobotSpaceExplorer:Electropulse","floor":28},{"not_picked":["RobotSpaceExplorer:FranticSearch","RobotSpaceExplorer:Ammunition","RobotSpaceExplorer:SelfCleaning+1","RobotSpaceExplorer:ChargingLaser"],"picked":"RobotSpaceExplorer:Probe","floor":29},{"not_picked":["RobotSpaceExplorer:FreezingShield+1","RobotSpaceExplorer:Probe","RobotSpaceExplorer:SlimeMissile","RobotSpaceExplorer:Ammunition"],"picked":"RobotSpaceExplorer:MakeshiftVolley","floor":29},{"not_picked":["RobotSpaceExplorer:SurgingShield","RobotSpaceExplorer:FranticSearch","RobotSpaceExplorer:Electroshield","RobotSpaceExplorer:DualCore+1"],"picked":"RobotSpaceExplorer:MiniDrones+1","floor":30},{"not_picked":["RobotSpaceExplorer:JunkDive","RobotSpaceExplorer:SelfCleaning","RobotSpaceExplorer:ShockKick","RobotSpaceExplorer:Pulsar"],"picked":"RobotSpaceExplorer:Explosion","floor":30},{"not_picked":["RobotSpaceExplorer:Comet","RobotSpaceExplorer:Wormhole","RobotSpaceExplorer:Blaster","RobotSpaceExplorer:Autoloader"],"picked":"RobotSpaceExplorer:Explosion","floor":33},{"not_picked":["RobotSpaceExplorer:ScrapMissile","RobotSpaceExplorer:Blitz+1","RobotSpaceExplorer:FranticSearch","RobotSpaceExplorer:SwiftStep"],"picked":"RobotSpaceExplorer:MiniDrones","floor":35},{"not_picked":["RobotSpaceExplorer:Reload","RobotSpaceExplorer:Probe+1","RobotSpaceExplorer:FranticSearch+1","RobotSpaceExplorer:SwiftStep+1"],"picked":"RobotSpaceExplorer:MetalStrike+1","floor":35},{"not_picked":["RobotSpaceExplorer:IronShell+1","RobotSpaceExplorer:StunGrenade","RobotSpaceExplorer:Fix+1","RobotSpaceExplorer:MiniDrones+1"],"picked":"RobotSpaceExplorer:ChargingLaser","floor":36},{"not_picked":["RobotSpaceExplorer:TurboDodge","RobotSpaceExplorer:Counterblock","RobotSpaceExplorer:LaserBurst","RobotSpaceExplorer:ImprovisedAttack"],"picked":"RobotSpaceExplorer:FreezeRay+1","floor":36},{"not_picked":["RobotSpaceExplorer:FranticSearch","RobotSpaceExplorer:Calculate+1","RobotSpaceExplorer:FrostMissile","RobotSpaceExplorer:SurgingShield+1"],"picked":"RobotSpaceExplorer:Electroshield","floor":37},{"not_picked":["RobotSpaceExplorer:FranticSearch+1","RobotSpaceExplorer:ShovelStrike+1","RobotSpaceExplorer:SwiftStep","RobotSpaceExplorer:Probe+1"],"picked":"RobotSpaceExplorer:GlueShot+1","floor":37},{"not_picked":["RobotSpaceExplorer:RigExplosive+1","RobotSpaceExplorer:Pulsar","RobotSpaceExplorer:ShockKick+1","RobotSpaceExplorer:ShovelStrike"],"picked":"RobotSpaceExplorer:DoubleFind","floor":38},{"not_picked":["RobotSpaceExplorer:MetalStrike+1","RobotSpaceExplorer:HighVoltage","RobotSpaceExplorer:SurgingStrike","RobotSpaceExplorer:MiniDrones","RobotSpaceExplorer:SurgingShield+1"],"picked":"SKIP","floor":38},{"not_picked":["RobotSpaceExplorer:SwiftStep+1","RobotSpaceExplorer:ImprovisedAttack","RobotSpaceExplorer:ScrapMissile","RobotSpaceExplorer:GearShield+1"],"picked":"RobotSpaceExplorer:DoubleBlock","floor":40},{"not_picked":["RobotSpaceExplorer:Counterblock","RobotSpaceExplorer:ShovelStrike+1","RobotSpaceExplorer:Calculate","RobotSpaceExplorer:TurboDodge"],"picked":"RobotSpaceExplorer:MiniDrones+1","floor":41},{"not_picked":["RobotSpaceExplorer:MiniDrones+1","RobotSpaceExplorer:MetalStrike","RobotSpaceExplorer:ShovelStrike","RobotSpaceExplorer:ShockKick"],"picked":"RobotSpaceExplorer:Autoloader","floor":41},{"not_picked":["RobotSpaceExplorer:SurgingShield+1","RobotSpaceExplorer:Pulsar","RobotSpaceExplorer:ImprovisedAttack+1","RobotSpaceExplorer:Ammunition+1"],"picked":"RobotSpaceExplorer:StunGrenade","floor":42},{"not_picked":["RobotSpaceExplorer:GlueShot","RobotSpaceExplorer:FrostMissile+1","RobotSpaceExplorer:SurgingShield+1","RobotSpaceExplorer:FranticSearch"],"picked":"RobotSpaceExplorer:Pulsar+1","floor":42},{"not_picked":["RobotSpaceExplorer:Ammunition","RobotSpaceExplorer:Fix","RobotSpaceExplorer:GlueShot","RobotSpaceExplorer:Probe"],"picked":"RobotSpaceExplorer:Exploration","floor":44},{"not_picked":["RobotSpaceExplorer:SurgingShield","RobotSpaceExplorer:FranticSearch","RobotSpaceExplorer:MiniDrones+1","RobotSpaceExplorer:Smokescreen+1"],"picked":"RobotSpaceExplorer:FrostMissile+1","floor":45},{"not_picked":["RobotSpaceExplorer:Blitz+1","RobotSpaceExplorer:FrostMissile","RobotSpaceExplorer:MetalStrike","RobotSpaceExplorer:MiniDrones+1"],"picked":"RobotSpaceExplorer:Explosion","floor":45},{"not_picked":["RobotSpaceExplorer:ScrapShield","RobotSpaceExplorer:ShovelStrike","RobotSpaceExplorer:Ammunition","RobotSpaceExplorer:TurboDodge"],"picked":"RobotSpaceExplorer:ShockKick","floor":48},{"not_picked":["RobotSpaceExplorer:SurgingStrike","RobotSpaceExplorer:PowerGlove+1","RobotSpaceExplorer:GearShield","RobotSpaceExplorer:GlueShot+1"],"picked":"RobotSpaceExplorer:FrostMissile+1","floor":48},{"not_picked":["RobotSpaceExplorer:ShovelStrike+1","RobotSpaceExplorer:ScrapToss+1","RobotSpaceExplorer:ImprovisedAttack","RobotSpaceExplorer:GlueShot"],"picked":"RobotSpaceExplorer:FreezeRay+1","floor":54}],"player_experience":490257,"relics_obtained":[{"floor":1,"key":"SynthV:TestCard"},{"floor":8,"key":"Grinning Jar"},{"floor":9,"key":"Prayer Wheel"},{"floor":13,"key":"qcfpunch:Not_Strongest_Fighting_Style_Guidebook"},{"floor":15,"key":"Replay:Mystery Machine"},{"floor":26,"key":"infinitespire:WardingShard"},{"floor":40,"key":"halation:Toothbrush"},{"floor":41,"key":"Smiling Mask"},{"floor":43,"key":"Blood Vial"},{"floor":44,"key":"aspiration:ChemicalBlood"},{"floor":54,"key":"ReplayTheSpireMod:TigerMarble"}],"event_choices":[{"damage_healed":0,"gold_gain":0,"player_choice":"Upgraded","damage_taken":0,"max_hp_gain":0,"max_hp_loss":0,"event_name":"Upgrade Shrine","floor":14,"gold_loss":0,"cards_upgraded":["MostiFishMod:TheEndOfMoonlight"]},{"damage_healed":0,"gold_gain":0,"player_choice":"Relic","damage_taken":0,"max_hp_gain":0,"max_hp_loss":0,"event_name":"Wheel of Change","floor":15,"gold_loss":0},{"cards_removed":["RobotSpaceExplorer:Exploration"],"damage_healed":0,"gold_gain":0,"player_choice":"Take \u0026 Give","damage_taken":0,"max_hp_gain":0,"max_hp_loss":0,"event_name":"betterNote:BetterNote","floor":19,"gold_loss":0,"cards_obtained":["Cold Snap"]},{"damage_healed":0,"gold_gain":0,"player_choice":"Simplicity","damage_taken":0,"max_hp_gain":0,"max_hp_loss":8,"event_name":"betterThird:BetterWriting","floor":20,"gold_loss":0},{"damage_healed":0,"gold_gain":0,"player_choice":"1 cards matched","damage_taken":0,"max_hp_gain":0,"max_hp_loss":0,"event_name":"Match and Keep!","floor":39,"gold_loss":0,"cards_obtained":["RobotSpaceExplorer:Scanner"]},{"damage_healed":0,"gold_gain":0,"player_choice":"Embrace Madness","damage_taken":10,"max_hp_gain":0,"max_hp_loss":0,"event_name":"Winding Halls","floor":47,"gold_loss":0,"cards_obtained":["Madness","Madness"]}],"is_beta":false,"boss_relics":[{"not_picked":["Snecko Eye","halation:MonkeysPaw"],"picked":"PatriotShield"},{"not_picked":["hubris:Stopwatch","ReplayTheSpireMod:SealedPack"],"picked":"aspiration:RandomNobGenerator"}],"items_purged_floors":[],"is_endless":false,"potions_floor_spawned":[1,8,18,29,30,33,35,40,42,44,45,48,54],"ascension_level":0}}