{"host":"5biwxqawqld14qif","time":1610625335,"event":{"mods":["2.2 Compatiblity","AchievementEnabler","BaseMod","Colored Map","Colored Powertips","DeckTracker","Highlight Path","Minty Spire (QoL Compilation)","Quick Restart","Rare Cards Sparkle","Relic Stats"],"gold_per_floor":[19,19,43,43,58,94,108,149,227,227,227],"floor_reached":10,"language":"KOR","playtime":1066,"items_purged":[],"score":94,"play_id":"d1e29137-e315-436b-ada7-298ad1639bb6","local_time":"20210114205535","is_ascension_mode":true,"campfire_choices":[],"circlet_count":0,"master_deck":["Strike_R","Strike_R","Strike_R","Strike_R","Strike_R","Defend_R","Defend_R","Defend_R","Defend_R","Bash","Berserk","Infernal Blade","Juggernaut","Shrug It Off"],"relics":["Burning Blood","Golden Idol","Omamori","Shovel","Gremlin Horn"],"acts_visited":["Exordium"],"potions_floor_usage":[6,8],"damage_taken":[{"damage":2,"enemies":"2 Louse","floor":1,"turns":3},{"damage":0,"enemies":"Small Slimes","floor":3,"turns":3},{"damage":5,"enemies":"Cultist","floor":5,"turns":4},{"damage":33,"enemies":"Lagavulin","floor":6,"turns":8},{"damage":12,"enemies":"Large Slime","floor":7,"turns":6},{"damage":22,"enemies":"3 Sentries","floor":8,"turns":5},{"damage":34,"enemies":"Gremlin Nob","floor":10,"turns":3}],"seed_played":"-529898359683518004","potions_obtained":[{"floor":1,"key":"HeartOfIron"},{"floor":6,"key":"GamblersBrew"},{"floor":8,"key":"Fruit Juice"}],"is_trial":false,"path_per_floor":["M","?","M","?","M","E","M","E","T","E"],"character_chosen":"IRONCLAD","items_purchased":[],"campfire_rested":0,"item_purchase_floors":[],"current_hp_per_floor":[80,60,66,66,67,40,34,23,23,0,0],"gold":227,"neow_bonus":"THREE_RARE_CARDS","is_daily":false,"chose_seed":false,"campfire_upgraded":0,"win_rate":0.0,"timestamp":1610625335,"path_taken":["M","?","M","?","M","E","M","E","T","E"],"items_purchased_type":[],"build_version":"2020-12-22","purchased_purges":0,"victory":false,"max_hp_per_floor":[80,80,80,80,80,80,80,85,85,85,85],"relic_stats":{"Shovel":0,"Gremlin Horn":[0,0],"counters":[7,32],"Golden Idol":26,"obtain_stats":[{"Shovel":8,"Gremlin Horn":9,"Golden Idol":2,"Omamori":6,"Burning Blood":0},{"Shovel":6,"Gremlin Horn":6,"Golden Idol":1,"Omamori":4,"Burning Blood":0},{"Shovel":29,"Gremlin Horn":29,"Golden Idol":3,"Omamori":18,"Burning Blood":0}],"Burning Blood":32},"card_choices":[{"not_picked":["Immolate","Exhume"],"picked":"Berserk","floor":0},{"not_picked":["Dropkick","Feel No Pain","True Grit"],"picked":"SKIP","floor":1},{"not_picked":["Armaments","Power Through"],"picked":"Infernal Blade","floor":3},{"not_picked":["Iron Wave","Thunderclap","Sentinel"],"picked":"SKIP","floor":5},{"not_picked":["Clash","Wild Strike"],"picked":"Juggernaut","floor":6},{"not_picked":["Heavy Blade","Flex"],"picked":"Shrug It Off","floor":7},{"not_picked":["Fire Breathing","Havoc","Searing Blow"],"picked":"SKIP","floor":8}],"player_experience":217170,"relics_obtained":[{"floor":6,"key":"Omamori"},{"floor":8,"key":"Shovel"},{"floor":9,"key":"Gremlin Horn"}],"event_choices":[{"damage_healed":0,"gold_gain":0,"player_choice":"Take Damage","damage_taken":20,"relics_obtained":["Golden Idol"],"max_hp_gain":0,"max_hp_loss":0,"event_name":"Golden Idol","floor":2,"gold_loss":0},{"damage_healed":0,"gold_gain":0,"player_choice":"Leave","damage_taken":0,"max_hp_gain":0,"max_hp_loss":0,"event_name":"The Cleric","floor":4,"gold_loss":0}],"is_beta":false,"boss_relics":[],"items_purged_floors":[],"is_endless":false,"potions_floor_spawned":[1,6,8],"killed_by":"Gremlin Nob","ascension_level":4}}