{"host":"94b9qghhxjd69c4t","time":1610651546,"event":{"mods":["BaseMod","Colored Powertips","Hubris","Minty Spire (QoL Compilation)","Replay The Spire","StSLib","vexMod"],"gold_per_floor":[215,215,315,2,16,42,42,53,53,99,125,138,138,138],"floor_reached":13,"language":"ENG","playtime":710,"items_purged":[],"score":105,"play_id":"7189a545-a97d-4e4b-9278-df935b174879","local_time":"20210114201226","is_ascension_mode":true,"campfire_choices":[{"data":"Wish","floor":7.0,"key":"SMITH"}],"circlet_count":2,"master_deck":["Strike_P","Strike_P","Strike_P","Strike_P","Defend_P","Defend_P","Defend_P","Defend_P","Eruption","Vigilance","SashWhip","FlurryOfBlows","EmptyFist","Wish+1","ClearTheMind","WheelKick","Halt","Consecrate"],"relics":["PureWater","Circlet","Smiling Mask"],"acts_visited":[],"potions_floor_usage":[],"damage_taken":[{"damage":0.0,"enemies":"2 Louse","floor":1.0,"turns":2.0},{"damage":0.0,"enemies":"Jaw Worm","floor":5.0,"turns":4.0},{"damage":8.0,"enemies":"Lagavulin","floor":6.0,"turns":6.0},{"damage":0.0,"enemies":"Cultist","floor":8.0,"turns":3.0},{"damage":9.0,"enemies":"2 Fungi Beasts","floor":10.0,"turns":3.0},{"damage":28.0,"enemies":"Gremlin Nob","floor":11.0,"turns":4.0},{"damage":14,"enemies":"Looter","floor":12,"turns":3},{"damage":10,"enemies":"Replay:BlueRogue","floor":13,"turns":3}],"seed_played":"6633781085266982236","potions_obtained":[{"floor":6.0,"key":"Strength Potion"},{"floor":10.0,"key":"StancePotion"},{"floor":11,"key":"SteroidPotion"}],"is_trial":false,"path_per_floor":["M","?","?","$","M","E","R","M","T","M","E","M","E"],"character_chosen":"WATCHER","items_purchased":["ReplayTheSpireMod:Ninjato","FlurryOfBlows","EmptyFist"],"campfire_rested":0,"item_purchase_floors":[4,4,4],"current_hp_per_floor":[72,72,72,72,72,64,64,64,64,55,27,13,3,3],"gold":138,"neow_bonus":"HUNDRED_GOLD","is_daily":false,"chose_seed":false,"campfire_upgraded":1,"win_rate":0.0,"timestamp":1610651546,"path_taken":["M","?","?","$","?","E","R","M","T","M","E","M","E"],"items_purchased_type":["Relic","Card","Card"],"build_version":"2020-12-22","purchased_purges":0,"victory":false,"max_hp_per_floor":[72,72,72,72,72,72,72,72,72,72,72,72,72,72],"card_choices":[{"not_picked":["FlyingSleeves","Worship"],"picked":"SashWhip","floor":1.0},{"not_picked":["Vengeance","CutThroughFate","SashWhip"],"picked":"SKIP","floor":5.0},{"not_picked":["BowlingBash","Meditate"],"picked":"Wish","floor":6.0},{"not_picked":["Evaluate","WheelKick"],"picked":"ClearTheMind","floor":8.0},{"not_picked":["Prostrate","JustLucky"],"picked":"WheelKick","floor":10.0},{"not_picked":["Conclude","PathToVictory"],"picked":"Halt","floor":11},{"not_picked":["DeceiveReality","Replay:Cycle"],"picked":"Consecrate","floor":12}],"player_experience":544429,"relics_obtained":[{"floor":6.0,"key":"Smiling Mask"},{"floor":9.0,"key":"Circlet"},{"floor":11,"key":"Circlet"}],"event_choices":[{"damage_healed":0.0,"max_hp_gain":0.0,"max_hp_loss":0.0,"gold_gain":100.0,"event_name":"Golden Shrine","player_choice":"Pray","floor":3.0,"gold_loss":0.0,"damage_taken":0.0}],"is_beta":false,"boss_relics":[],"items_purged_floors":[],"is_endless":false,"potions_floor_spawned":[6,10,11],"killed_by":"Replay:BlueRogue","ascension_level":2}}