{"host":"zgdag062zrknap1a","time":1610585332,"event":{"mods":["AchievementEnabler","Act Like it!","Aspiration","Bard","BaseMod","BetterRewards","Colored Map","Colored Powertips","Conspire","Downfall","Gensokyo","Hallownest","Hermit","Highlight Path","Hubris","Infinite Spire","Jorbs\u0027s Wanderer Trilogy","Marisa????????","Minty Spire (QoL Compilation)","Quick Restart","Rare Cards Sparkle","Replay The Spire","Shop Mod","StSLib","The Bug Knight","The Cursed","The Hierophant","The Necromancer","The Runesmith","The Servant 0.9.4"],"gold_per_floor":[116,135,135,201,221,221,221],"floor_reached":6,"language":"ENG","playtime":578,"items_purged":[],"score":36,"play_id":"36421042-7530-451d-82f0-a3060f83b48e","local_time":"20210113164852","is_ascension_mode":false,"campfire_choices":[],"circlet_count":0,"master_deck":["bard:Strike","bard:Strike","bard:Strike","bard:Strike","bard:Defend","bard:Defend","bard:Defend","bard:Defend+1","bard:Riposte","bard:Inspire+1","bard:InspiringSong","bard:ThickOfTheFight","bard:MantleOfInspiration","bard:EnGarde","bard:MantleOfInspiration"],"relics":["bard:PitchPipe","bard:BagPipes","War Paint"],"acts_visited":["Exordium"],"potions_floor_usage":[],"damage_taken":[{"damage":0,"enemies":"Cultist","floor":1,"turns":3},{"damage":11,"enemies":"Jaw Worm","floor":2,"turns":4},{"damage":10,"enemies":"Small Slimes","floor":5,"turns":3},{"damage":4,"enemies":"3 Sentries","floor":6,"turns":4}],"seed_played":"3627023975880470137","potions_obtained":[{"floor":1,"key":"DuplicationPotion"}],"is_trial":false,"path_per_floor":["M","M","$","?","M","E"],"character_chosen":"BARD","items_purchased":["bard:InspiringSong","bard:ThickOfTheFight","bard:MantleOfInspiration","bard:EnGarde","bard:MantleOfInspiration","War Paint","Energy Potion","ColorlessPotion"],"campfire_rested":0,"item_purchase_floors":[0,0,0,0,0,0,0,0],"current_hp_per_floor":[38,27,27,27,17,13,13],"gold":221,"neow_bonus":"","is_daily":false,"chose_seed":false,"campfire_upgraded":0,"win_rate":0.0,"timestamp":1610585332,"path_taken":["M","M","?","?","M","E"],"items_purchased_type":["Card","Card","Card","Card","Card","Relic","Potion","Potion"],"build_version":"2020-12-22","purchased_purges":0,"victory":false,"max_hp_per_floor":[70,70,70,70,70,70,70],"card_choices":[{"not_picked":["bard:BestowCurse","bard:DiscordantVoice","bard:HideousLaughter"],"picked":"SKIP","floor":1},{"not_picked":["bard:EchoEcho","bard:InspiringSong","bard:PhantasmalForce"],"picked":"SKIP","floor":2},{"not_picked":["bard:FalseLife","bard:SongBolt","bard:Parry"],"picked":"SKIP","floor":5}],"player_experience":390077,"relics_obtained":[],"event_choices":[{"damage_healed":0,"gold_gain":66,"player_choice":"Gained Gold","damage_taken":0,"max_hp_gain":0,"max_hp_loss":0,"event_name":"Golden Wing","floor":4,"gold_loss":0}],"is_beta":false,"boss_relics":[],"items_purged_floors":[],"is_endless":false,"potions_floor_spawned":[1],"killed_by":"3 Sentries","ascension_level":0}}