{"host":"vyjryxuuuxkt43k4","time":1610588632,"event":{"mods":["BaseMod","Colored Map","DeckTracker","Minty Spire (QoL Compilation)","Permanent Neow","Quick Restart","StSLib","SuperFastMode","everything is the same but u backflip on backflip"],"gold_per_floor":[113,123,133,145,159,159,186,205,257,273,273,305,73,100,100,199,199,209,229,244,159,10,10,10,41,65,79,79,93,93,111,111,111,111],"floor_reached":33,"language":"KOR","playtime":3710,"items_purged":["Strike_B"],"score":345,"play_id":"0e8d9afc-b400-449e-917c-d193e219c175","local_time":"20210114104352","is_ascension_mode":true,"campfire_choices":[{"data":"Zap","floor":6.0,"key":"SMITH"},{"floor":15.0,"key":"REST"},{"floor":23.0,"key":"REST"},{"data":"Defragment","floor":28.0,"key":"SMITH"},{"data":"Ghostly","floor":30,"key":"SMITH"},{"data":"Electrodynamics","floor":32,"key":"SMITH"}],"circlet_count":0,"master_deck":["Strike_B","Strike_B","Strike_B","Defend_B","Defend_B","Defend_B","Defend_B","Zap+1","Dualcast+1","Defragment+1","Sweeping Beam","Compile Driver","Reinforced Body","Hologram+1","Multi-Cast","Conserve Battery","Consume","Redo","Electrodynamics+1","Rebound","Beam Cell","Ghostly","Ghostly","Ghostly+1","Ghostly","Ghostly","Undo","Glacier","Turbo","Beam Cell+1"],"relics":["Cracked Core","Oddly Smooth Stone","War Paint","Omamori","Toy Ornithopter","OrangePellets","Gremlin Horn","Sozu","Blood Vial","Bag of Preparation","Peace Pipe","Juzu Bracelet"],"acts_visited":["Exordium","TheCity"],"potions_floor_usage":[],"damage_taken":[{"damage":0.0,"enemies":"Jaw Worm","floor":1.0,"turns":5.0},{"damage":3.0,"enemies":"2 Louse","floor":2.0,"turns":2.0},{"damage":6.0,"enemies":"Small Slimes","floor":3.0,"turns":3.0},{"damage":0.0,"enemies":"Looter","floor":4.0,"turns":4.0},{"damage":12.0,"enemies":"Lots of Slimes","floor":5.0,"turns":3.0},{"damage":8.0,"enemies":"Lagavulin","floor":7.0,"turns":6.0},{"damage":0.0,"enemies":"Large Slime","floor":8.0,"turns":2.0},{"damage":2.0,"enemies":"Red Slaver","floor":10.0,"turns":3.0},{"damage":8.0,"enemies":"3 Sentries","floor":12.0,"turns":6.0},{"damage":30.0,"enemies":"Lagavulin","floor":14.0,"turns":8.0},{"damage":33.0,"enemies":"The Guardian","floor":16.0,"turns":15.0},{"damage":14.0,"enemies":"Shell Parasite","floor":18.0,"turns":5.0},{"damage":16.0,"enemies":"2 Thieves","floor":19.0,"turns":3.0},{"damage":33.0,"enemies":"Sentry and Sphere","floor":20.0,"turns":5.0},{"damage":19.0,"enemies":"Book of Stabbing","floor":25.0,"turns":6.0},{"damage":12.0,"enemies":"Snake Plant","floor":27.0,"turns":5.0},{"damage":0,"enemies":"Centurion and Healer","floor":29,"turns":11},{"damage":2,"enemies":"Shelled Parasite and Fungi","floor":31,"turns":12},{"damage":16,"enemies":"Collector","floor":33,"turns":2}],"seed_played":"-1274967174722663280","potions_obtained":[{"floor":1.0,"key":"FocusPotion"},{"floor":3.0,"key":"SkillPotion"},{"floor":4.0,"key":"EntropicBrew"},{"floor":8.0,"key":"Ancient Potion"},{"floor":10.0,"key":"Swift Potion"},{"floor":12.0,"key":"FearPotion"}],"is_trial":false,"path_per_floor":["M","M","M","M","M","R","E","M","T","M","?","E","$","E","R","B",null,"M","M","M","?","$","R","?","E","T","M","R","M","R","M","R","B"],"character_chosen":"DEFECT","items_purchased":["OrangePellets","Bag of Preparation"],"campfire_rested":2,"item_purchase_floors":[13,22],"current_hp_per_floor":[75,72,66,66,54,54,46,46,46,44,49,41,41,16,40,12,80,66,50,17,17,17,41,40,21,21,11,11,13,13,13,13,0,0],"gold":111,"neow_bonus":"RANDOM_COMMON_RELIC","is_daily":false,"chose_seed":false,"campfire_upgraded":4,"win_rate":0.0,"timestamp":1610588632,"path_taken":["M","M","M","M","M","R","E","M","T","M","?","E","$","E","R","BOSS","M","M","M","?","$","R","?","E","T","M","R","M","R","M","R","BOSS"],"items_purchased_type":["Relic","Relic"],"build_version":"2020-12-22","purchased_purges":1,"victory":false,"max_hp_per_floor":[75,75,75,75,75,75,75,75,75,75,80,80,80,80,80,80,80,80,80,80,80,80,80,40,40,40,40,40,40,40,40,40,40,40],"card_choices":[{"not_picked":["Stack","Melter"],"picked":"Defragment","floor":1.0},{"not_picked":["Turbo","Self Repair"],"picked":"Sweeping Beam","floor":2.0},{"not_picked":["Steam","Force Field"],"picked":"Compile Driver","floor":3.0},{"not_picked":["Hello World","Sweeping Beam"],"picked":"Reinforced Body","floor":4.0},{"not_picked":["Turbo","Loop"],"picked":"Hologram","floor":5.0},{"not_picked":["Sweeping Beam","Barrage"],"picked":"Multi-Cast","floor":7.0},{"not_picked":["Melter","Chaos"],"picked":"Conserve Battery","floor":8.0},{"not_picked":["Blizzard","Hologram","Gash"],"picked":"SKIP","floor":10.0},{"not_picked":["Turbo","BootSequence"],"picked":"Consume","floor":12.0},{"not_picked":["Lockon","Sweeping Beam"],"picked":"Redo","floor":14.0},{"not_picked":["All For One","Biased Cognition"],"picked":"Electrodynamics","floor":16.0},{"not_picked":["Blizzard","Darkness"],"picked":"Rebound","floor":18.0},{"not_picked":["Conserve Battery","Darkness","Scrape"],"picked":"SKIP","floor":19.0},{"not_picked":["Reinforced Body","Redo"],"picked":"Beam Cell","floor":20.0},{"not_picked":["Go for the Eyes","Reinforced Body+1"],"picked":"Undo","floor":25.0},{"not_picked":["Streamline","Aggregate"],"picked":"Glacier","floor":27.0},{"not_picked":["Gash","Barrage"],"picked":"Turbo","floor":29},{"not_picked":["Steam Power","Loop"],"picked":"Beam Cell+1","floor":31}],"player_experience":260997,"relics_obtained":[{"floor":7.0,"key":"War Paint"},{"floor":9.0,"key":"Omamori"},{"floor":12.0,"key":"Toy Ornithopter"},{"floor":14.0,"key":"Gremlin Horn"},{"floor":25.0,"key":"Peace Pipe"},{"floor":26.0,"key":"Juzu Bracelet"}],"event_choices":[{"damage_healed":0.0,"max_hp_gain":5.0,"max_hp_loss":0.0,"gold_gain":0.0,"event_name":"Big Fish","player_choice":"Donut","floor":11.0,"gold_loss":0.0,"damage_taken":0.0},{"damage_healed":0.0,"max_hp_gain":0.0,"max_hp_loss":0.0,"gold_gain":0.0,"event_name":"Addict","player_choice":"Obtained Relic","floor":21.0,"gold_loss":85.0,"damage_taken":0.0,"relics_obtained":["Blood Vial"]},{"damage_healed":0.0,"max_hp_gain":0.0,"max_hp_loss":40.0,"gold_gain":0.0,"event_name":"Ghosts","player_choice":"Became a Ghost","floor":24.0,"gold_loss":0.0,"damage_taken":0.0,"cards_obtained":["Ghostly","Ghostly","Ghostly","Ghostly","Ghostly"]}],"is_beta":false,"boss_relics":[{"not_picked":["Empty Cage","SacredBark"],"picked":"Sozu"}],"items_purged_floors":[13],"is_endless":false,"potions_floor_spawned":[1,3,4,8,10,12,18,20],"killed_by":"Collector","ascension_level":2}}