{"host":"kabf61oc9jgfwufg","time":1610646961,"event":{"mods":["AchievementEnabler","Act Like it!","Aspiration","BaseMod","Conspire","Energized Spire","GifTheSpireLib","GungeonMod","Halation","HexUI Lib","Hubris","Infinite Spire","Minty Spire (QoL Compilation)","Quick Restart","Rare Cards Sparkle","Replay The Spire","Shop Mod","StSLib"],"gold_per_floor":[117,128,128,128,144,172,172,172,199,224,237,270,270,290,290,387,387,402,35,35,52,63,88,88,88,88],"floor_reached":25,"language":"ENG","playtime":731,"items_purged":["Looming Evil"],"score":253,"play_id":"1c93d0cb-c853-41a2-b08d-6f8760bd2e18","local_time":"20210114175601","is_ascension_mode":true,"campfire_choices":[{"data":"hubris:Fate","floor":8,"key":"SMITH"},{"data":"hubris:Fate+1","floor":13,"key":"SMITH"},{"floor":15,"key":"REST"},{"data":"Eruption","floor":24,"key":"SMITH"},{"data":"Consecrate","floor":24,"key":"SMITH"}],"circlet_count":0,"master_deck":["Strike_P","Strike_P","Strike_P","Strike_P","Defend_P","Defend_P","Defend_P+1","Defend_P+1","Eruption+1","Vigilance","Crescendo","FearNoEvil","BowlingBash","Delirium","hubris:Fate+2","Consecrate+1","Injury","Replay:LoomingThreat+1"],"relics":["PureWater","NeowsBlessing","infinitespire:Satchel","Bag of Preparation","conspire:InfiniteJournal","DemoMod:WeirdEgg","Golden Egg","Replay:Arrowhead","Juzu Bracelet","MerchantsRug","DemoMod:MeatBun","DemoMod:MeltedRock"],"acts_visited":["Exordium","TheCity"],"potions_floor_usage":[6,18,22,23,25],"damage_taken":[{"damage":0,"enemies":"Cultist","floor":1,"turns":1},{"damage":0,"enemies":"2 Louse","floor":2,"turns":1},{"damage":0,"enemies":"Small Slimes","floor":5,"turns":1},{"damage":55,"enemies":"3 Sentries","floor":6,"turns":7},{"damage":0,"enemies":"Gremlin Nob","floor":10,"turns":2},{"damage":0,"enemies":"3 Louse","floor":11,"turns":1},{"damage":0,"enemies":"3 Sentries","floor":12,"turns":1},{"damage":0,"enemies":"Red Slaver","floor":14,"turns":2},{"damage":0,"enemies":"Slime Boss","floor":16,"turns":1},{"damage":0,"enemies":"Chosen","floor":18,"turns":4},{"damage":0,"enemies":"Spheric Guardian","floor":21,"turns":1},{"damage":5,"enemies":"Centurion and Healer","floor":22,"turns":4},{"damage":46,"enemies":"Slavers","floor":23,"turns":5},{"damage":36,"enemies":"Book of Stabbing","floor":25,"turns":5}],"seed_played":"-1138123716201376618","potions_obtained":[{"floor":2,"key":"Elixir"},{"floor":5,"key":"FearPotion"},{"floor":10,"key":"Dexterity Potion"},{"floor":16,"key":"Fire Potion"},{"floor":18,"key":"DemoMod:LeadSkinPotion"}],"is_trial":false,"path_per_floor":["M","M","?","?","M","E","?","R","T","E","M","E","R","M","R","B",null,"M","$","?","M","M","E","R","E"],"character_chosen":"WATCHER","items_purchased":["Juzu Bracelet","MerchantsRug","DemoMod:MeatBun"],"campfire_rested":1,"item_purchase_floors":[19,19,19],"current_hp_per_floor":[72,72,58,58,58,3,3,3,3,3,3,3,3,3,24,24,72,72,72,72,72,67,21,21,0,0],"gold":88,"neow_bonus":"THREE_ENEMY_KILL","is_daily":false,"chose_seed":false,"campfire_upgraded":4,"win_rate":0.0,"timestamp":1610646961,"path_taken":["M","?","?","?","M","E","?","R","T","E","M","E","R","M","R","BOSS","M","$","?","M","M","E","R","E"],"items_purchased_type":["Relic","Relic","Relic"],"build_version":"2020-12-22","purchased_purges":1,"victory":false,"max_hp_per_floor":[72,72,72,72,72,72,72,72,72,72,72,72,72,72,72,72,72,72,72,72,72,72,72,72,72,72],"card_choices":[{"not_picked":["Collect","ThirdEye"],"picked":"Crescendo","floor":1},{"not_picked":["Pray","Replay:Hum","InnerPeace"],"picked":"SKIP","floor":2},{"not_picked":["Wireheading","Consecrate"],"picked":"FearNoEvil","floor":5},{"not_picked":["Crescendo","ConjureBlade"],"picked":"BowlingBash","floor":6},{"not_picked":["infinitespire:Oblivion","infinitespire:FutureSight"],"picked":"hubris:Fate","floor":7},{"not_picked":["PathToVictory","EmptyMind"],"picked":"Consecrate","floor":10},{"not_picked":["Replay:ManipulateFuture","ClearTheMind","Sanctity"],"picked":"SKIP","floor":11},{"not_picked":["TalkToTheHand","Protect","ForeignInfluence"],"picked":"SKIP","floor":12},{"not_picked":["Replay:Anticipation","Crescendo","Replay:ManipulateFuture"],"picked":"SKIP","floor":14},{"not_picked":["conspire:NecroticWound","CurseOfTheBell"],"picked":"hubris:Wrath","floor":17},{"not_picked":["Hallucinations","Regret"],"picked":"Decay","floor":17},{"not_picked":["hubris:Wrath","Doubt"],"picked":"Injury","floor":17},{"not_picked":["Evaluate","Prostrate","Crescendo"],"picked":"SKIP","floor":18},{"not_picked":["Replay:BluntJabs","EmptyFist","Collect"],"picked":"SKIP","floor":21},{"not_picked":["SignatureMove","Wireheading+1","Prostrate"],"picked":"SKIP","floor":22},{"not_picked":["SignatureMove","Nirvana"],"picked":"Replay:LoomingThreat","floor":23}],"player_experience":101017,"relics_obtained":[{"floor":6,"key":"infinitespire:Satchel"},{"floor":9,"key":"Bag of Preparation"},{"floor":10,"key":"Omamori"},{"floor":12,"key":"conspire:InfiniteJournal"},{"floor":23,"key":"DemoMod:MeltedRock"}],"event_choices":[{"damage_healed":0,"gold_gain":0,"player_choice":"Entered Light","damage_taken":14,"max_hp_gain":0,"max_hp_loss":0,"event_name":"Shining Light","floor":3,"gold_loss":0,"cards_upgraded":["Defend_P","Defend_P"]},{"damage_healed":0,"gold_gain":0,"player_choice":"Disagree","damage_taken":0,"max_hp_gain":0,"max_hp_loss":0,"event_name":"conspire:LoneGhost","floor":4,"gold_loss":0},{"damage_healed":0,"gold_gain":0,"player_choice":"Full Heal","damage_taken":0,"max_hp_gain":0,"max_hp_loss":0,"event_name":"Wheel of Change","floor":20,"gold_loss":0}],"is_beta":false,"boss_relics":[{"not_picked":["Kintsugi","halation:PlatinumPhoenix"],"picked":"Replay:Ancient Bell"},{"not_picked":["Orichalcum","Replay:Mystery Machine"],"picked":"DemoMod:WeirdEgg"},{"not_picked":["DemoMod:PinkGuonStone","Ornamental Fan"],"picked":"Golden Egg"},{"not_picked":["Pocketwatch","aspiration:HatOfInfinitePower"],"picked":"Replay:Arrowhead"}],"items_purged_floors":[19],"is_endless":false,"potions_floor_spawned":[2,5,10,16,18,21],"killed_by":"Book of Stabbing","ascension_level":1}}