{"host":"e1pm3b7xpcm97e5w","time":1610633924,"event":{"mods":["BaseMod","Better Skull","Googly Eyes","Minty Spire (QoL Compilation)","Relic Stats","Shop Mod","Spicy Shops","StSLib"],"gold_per_floor":[109,109,129,57,57,91,16,16,16,16,16,29,29,59,59,164,164,176,101,101,120,136,136,148,148,148,163,163,163,181,181,181,181,181],"floor_reached":33,"language":"ENG","playtime":1696,"items_purged":["Strike_B"],"score":405,"play_id":"c19c1c50-f91e-4f5d-bb38-1b2d28bc343b","local_time":"20210114091844","is_ascension_mode":true,"campfire_choices":[{"data":"Defragment","floor":8,"key":"SMITH"},{"data":"Zap","floor":11,"key":"SMITH"},{"data":"Barrage","floor":13,"key":"SMITH"},{"data":"Hyperbeam","floor":15,"key":"SMITH"},{"floor":23,"key":"REST"},{"data":"Creative AI","floor":25,"key":"SMITH"},{"floor":29,"key":"REST"},{"floor":32,"key":"REST"}],"circlet_count":0,"master_deck":["AscendersBane","Strike_B","Strike_B","Defend_B","Defend_B","Defend_B","Defend_B","Zap+1","Self Repair","Self Repair","Defragment+1","Hello World","Hyperbeam+1","Barrage+1","Seek","Creative AI+1","Melter","Hyperbeam"],"relics":["Runic Dome","Juzu Bracelet","Ancient Tea Set","Pear","Velvet Choker","Centennial Puzzle","Smiling Mask"],"acts_visited":["Exordium","TheCity"],"potions_floor_usage":[14,24,30,33,33],"damage_taken":[{"damage":2,"enemies":"Jaw Worm","floor":1,"turns":4},{"damage":12,"enemies":"Small Slimes","floor":3,"turns":3},{"damage":44,"enemies":"Lagavulin","floor":6,"turns":9},{"damage":6,"enemies":"Cultist","floor":12,"turns":4},{"damage":23,"enemies":"3 Sentries","floor":14,"turns":6},{"damage":29,"enemies":"Hexaghost","floor":16,"turns":9},{"damage":31,"enemies":"3 Byrds","floor":18,"turns":4},{"damage":47,"enemies":"Shell Parasite","floor":21,"turns":7},{"damage":14,"enemies":"Centurion and Healer","floor":22,"turns":4},{"damage":5,"enemies":"3 Cultists","floor":24,"turns":4},{"damage":35,"enemies":"Snecko","floor":27,"turns":6},{"damage":29,"enemies":"Centurion and Healer","floor":30,"turns":6},{"damage":64,"enemies":"Collector","floor":33,"turns":6}],"seed_played":"-47288946792640725","potions_obtained":[{"floor":3,"key":"Block Potion"},{"floor":6,"key":"SpeedPotion"},{"floor":16,"key":"EssenceOfSteel"},{"floor":21,"key":"Block Potion"},{"floor":27,"key":"SneckoOil"},{"floor":30,"key":"EssenceOfSteel"}],"is_trial":false,"path_per_floor":["M","?","M","$","?","E","$","R","T","?","R","M","R","E","R","B",null,"M","?","?","M","M","R","M","R","T","M","T","R","M","?","R","B"],"character_chosen":"DEFECT","items_purchased":["Defragment"],"campfire_rested":3,"item_purchase_floors":[4],"current_hp_per_floor":[66,71,66,66,66,36,36,36,36,36,36,44,44,45,45,30,75,58,58,58,25,18,45,47,47,47,19,19,46,31,31,58,0,0],"gold":181,"neow_bonus":"BOSS_RELIC","is_daily":false,"chose_seed":false,"campfire_upgraded":5,"win_rate":0.0,"timestamp":1610633924,"path_taken":["M","?","M","$","?","E","$","R","T","?","R","M","R","E","R","BOSS","M","?","?","M","M","R","M","R","T","M","?","R","M","?","R","BOSS"],"items_purchased_type":["Card"],"build_version":"2020-12-22","purchased_purges":1,"victory":false,"max_hp_per_floor":[75,80,80,80,80,80,80,80,80,80,80,80,80,90,90,90,90,90,90,90,90,90,90,90,90,90,90,90,90,90,90,90,90,90],"relic_stats":{"Centennial Puzzle":[9],"counters":[13,72],"Juzu Bracelet":1,"Smiling Mask":0,"obtain_stats":[{"Runic Dome":0,"Centennial Puzzle":26,"Pear":14,"Velvet Choker":17,"Juzu Bracelet":6,"Cracked Core":0,"Ancient Tea Set":9,"Smiling Mask":28},{"Runic Dome":0,"Centennial Puzzle":10,"Pear":5,"Velvet Choker":6,"Juzu Bracelet":3,"Cracked Core":0,"Ancient Tea Set":3,"Smiling Mask":11},{"Runic Dome":0,"Centennial Puzzle":54,"Pear":26,"Velvet Choker":35,"Juzu Bracelet":16,"Cracked Core":0,"Ancient Tea Set":16,"Smiling Mask":60}]},"card_choices":[{"not_picked":["Cold Snap","Beam Cell"],"picked":"Self Repair","floor":1},{"not_picked":["Coolheaded","Doom and Gloom"],"picked":"Self Repair","floor":3},{"not_picked":["Tempest","Steam"],"picked":"Hello World","floor":6},{"not_picked":["Steam","Conserve Battery"],"picked":"Barrage","floor":12},{"not_picked":["Stack","Coolheaded"],"picked":"Seek","floor":14},{"not_picked":["All For One","Hyperbeam"],"picked":"Creative AI","floor":16},{"not_picked":["Rebound","FTL","Leap"],"picked":"SKIP","floor":18},{"not_picked":["Cold Snap+1","Storm+1"],"picked":"Melter","floor":21},{"not_picked":["Hologram+1","Lockon","Skim"],"picked":"SKIP","floor":22},{"not_picked":["Barrage","Doom and Gloom","Melter"],"picked":"SKIP","floor":24},{"not_picked":["Storm+1","Rebound","Streamline+1"],"picked":"SKIP","floor":27},{"not_picked":["FTL","Defragment"],"picked":"Hyperbeam","floor":30}],"player_experience":532667,"relics_obtained":[{"floor":6,"key":"Juzu Bracelet"},{"floor":9,"key":"Ancient Tea Set"},{"floor":14,"key":"Pear"},{"floor":26,"key":"Centennial Puzzle"},{"floor":28,"key":"Smiling Mask"}],"event_choices":[{"damage_healed":0,"gold_gain":0,"player_choice":"Donut","damage_taken":0,"max_hp_gain":5,"max_hp_loss":0,"event_name":"Big Fish","floor":2,"gold_loss":0},{"damage_healed":0,"gold_gain":0,"player_choice":"0 cards matched","damage_taken":0,"max_hp_gain":0,"max_hp_loss":0,"event_name":"Match and Keep!","floor":5,"gold_loss":0,"cards_obtained":[]},{"damage_healed":0,"gold_gain":0,"cards_transformed":["Strike_B"],"player_choice":"Transformed","damage_taken":0,"max_hp_gain":0,"max_hp_loss":0,"event_name":"Transmorgrifier","floor":10,"gold_loss":0,"cards_obtained":["Hyperbeam"]},{"cards_removed":["Dualcast"],"damage_healed":0,"gold_gain":0,"player_choice":"Gave Gold","damage_taken":0,"max_hp_gain":0,"max_hp_loss":0,"event_name":"Beggar","floor":19,"gold_loss":75},{"damage_healed":0,"gold_gain":0,"player_choice":"Ignored","damage_taken":0,"max_hp_gain":0,"max_hp_loss":0,"event_name":"Ghosts","floor":20,"gold_loss":0},{"damage_healed":0,"gold_gain":0,"player_choice":"Ignored","damage_taken":0,"max_hp_gain":0,"max_hp_loss":0,"event_name":"The Mausoleum","floor":31,"gold_loss":0}],"is_beta":false,"boss_relics":[{"not_picked":["Fusion Hammer","Pandora\u0027s Box"],"picked":"Velvet Choker"}],"items_purged_floors":[7],"is_endless":false,"potions_floor_spawned":[3,6,16,21,27,30],"killed_by":"Collector","ascension_level":10}}