{"host":"zekcc3vicrep0och","time":1610628873,"event":{"mods":["AchievementEnabler","BaseMod","Colored Map","Colored Powertips","Displayed Cursed Tome","Highlight Path","Minty Spire (QoL Compilation)","Quick Restart","Relic Stats","StSLib","The Cursed"],"gold_per_floor":[119,132,207,207,1,1,1,1],"floor_reached":7,"language":"ENG","playtime":238,"items_purged":["Strike_R"],"score":76,"play_id":"bc76a041-cfdb-410b-a7c7-6ab1ff8e8872","local_time":"20210114155433","is_ascension_mode":true,"campfire_choices":[{"data":"Blood for Blood","floor":6,"key":"SMITH"}],"circlet_count":0,"master_deck":["AscendersBane","Strike_R","Strike_R","Strike_R","Strike_R","Defend_R","Defend_R","Defend_R","Defend_R","Bash","Shockwave","Blood for Blood+1","Shrug It Off","PanicButton"],"relics":["Burning Blood","Blue Candle"],"acts_visited":["Exordium"],"potions_floor_usage":[7],"damage_taken":[{"damage":11.0,"enemies":"Jaw Worm","floor":1.0,"turns":6.0},{"damage":12,"enemies":"Small Slimes","floor":2,"turns":5},{"damage":36,"enemies":"3 Sentries","floor":7,"turns":10}],"seed_played":"4041499579860708159","potions_obtained":[{"floor":1.0,"key":"GamblersBrew"}],"is_trial":false,"path_per_floor":["M","M","?","?","$","R","E"],"character_chosen":"IRONCLAD","items_purchased":["Shrug It Off","PanicButton"],"campfire_rested":0,"item_purchase_floors":[5,5],"current_hp_per_floor":[70,64,53,35,35,35,0,0],"gold":1,"neow_bonus":"TEN_PERCENT_HP_BONUS","is_daily":false,"chose_seed":false,"campfire_upgraded":1,"win_rate":0.0,"timestamp":1610628873,"path_taken":["M","M","?","?","$","R","E"],"items_purchased_type":["Card","Card"],"build_version":"2020-12-22","purchased_purges":1,"victory":false,"max_hp_per_floor":[82,82,82,82,82,82,82,82],"relic_stats":{"counters":[3,21],"Blue Candle":[0],"obtain_stats":[{"Blue Candle":4,"Burning Blood":0},{"Blue Candle":2,"Burning Blood":0},{"Blue Candle":11,"Burning Blood":0}],"Burning Blood":12},"card_choices":[{"not_picked":["Clash","Searing Blow"],"picked":"Shockwave","floor":1.0},{"not_picked":["Rupture","Power Through"],"picked":"Blood for Blood","floor":2}],"player_experience":528772,"relics_obtained":[],"event_choices":[{"damage_healed":0,"gold_gain":75,"player_choice":"Gather Gold","damage_taken":11,"max_hp_gain":0,"max_hp_loss":0,"event_name":"World of Goop","floor":3,"gold_loss":0},{"damage_healed":0,"gold_gain":0,"player_choice":"Success","damage_taken":18,"relics_obtained":["Blue Candle"],"max_hp_gain":0,"max_hp_loss":0,"event_name":"Scrap Ooze","floor":4,"gold_loss":0}],"is_beta":false,"boss_relics":[],"items_purged_floors":[5],"is_endless":false,"potions_floor_spawned":[1],"killed_by":"3 Sentries","ascension_level":19}}