{"host":"kdt6w7ix8lwe69i9","time":1610593926,"event":{"mods":["100% Spire Juice","Bartender","BaseMod","ChefMod","Downfall","Evolution","Fiend Mod","Jorbs\u0027s Wanderer Trilogy","Minty Spire (QoL Compilation)","Reimu（博丽灵梦）","Robot Space Explorer","Shade Mod","StSLib","The Caster","The Cursed","The Disciple","The Dragon Tamer","The Druid","The Fake Hero","The Forsaken","The Gatherer","The Marked","TheBandit","TheSwordswoman"],"gold_per_floor":[111,111,111,125,125,150,160,198,222,222,506,530,714,100,100,207,207,236,262,262,285,285,310,310,332,387,407,407,407],"floor_reached":28,"language":"ENG","playtime":2865,"items_purged":[],"score":255,"play_id":"f180a2fe-1a9e-49ae-90fc-c0e841edede4","local_time":"20210113221206","is_ascension_mode":false,"campfire_choices":[{"floor":10,"key":"REST"},{"floor":15,"key":"REST"},{"floor":24,"key":"REST"}],"circlet_count":0,"master_deck":["chefmod:Strike","chefmod:Strike","chefmod:Strike","chefmod:Strike+1","chefmod:QuickThaw","chefmod:Defend","chefmod:Defend+1","chefmod:Defend","chefmod:Defend","chefmod:TodaysSpecial","chefmod:Omelette+1","chefmod:CuttingBoard","chefmod:AllYouCanEat","chefmod:Fillet","chefmod:TonkotsuRamen","Regret","chefmod:RaidPantry","Doubt","chefmod:ColdSteel","chefmod:Puree","chefmod:FreshProduce","chefmod:Mince","chefmod:DimSum+1","chefmod:FullBurn+1","chefmod:CandyBowl","chefmod:CayenneCloud+1","chefmod:Julienne","chefmod:Gelato"],"relics":["chefmod:TrustyPot","EVO:Axolotl","NeowsBlessing","Boot","Blood Vial","CeramicFish","chefmod:RollingPin","theForsaken:Lifeblossom","ClockworkSouvenir","Protect_Vest","SacredBark","PreservedInsect"],"acts_visited":["Exordium","TheCity"],"potions_floor_usage":[18,21,21,25,27],"damage_taken":[{"damage":0,"enemies":"Cultist","floor":1,"turns":1},{"damage":0,"enemies":"2 Louse","floor":4,"turns":1},{"damage":0,"enemies":"Gremlin Nob","floor":6,"turns":1},{"damage":15,"enemies":"Jaw Worm","floor":7,"turns":4},{"damage":39,"enemies":"3 Sentries","floor":8,"turns":10},{"damage":11,"enemies":"3 Louse","floor":12,"turns":5},{"damage":22,"enemies":"Slime Boss","floor":16,"turns":10},{"damage":7,"enemies":"3 Byrds","floor":18,"turns":5},{"damage":32,"enemies":"Shell Parasite","floor":19,"turns":9},{"damage":15,"enemies":"Cultist and Chosen","floor":21,"turns":4},{"damage":31,"enemies":"3 Cultists","floor":23,"turns":5},{"damage":17,"enemies":"Snecko","floor":25,"turns":6},{"damage":7,"enemies":"Cultist and Chosen","floor":27,"turns":7},{"damage":67,"enemies":"Book of Stabbing","floor":28,"turns":6}],"seed_played":"4519947840847574474","potions_obtained":[{"floor":7,"key":"Swift Potion"},{"floor":8,"key":"SteroidPotion"},{"floor":16,"key":"ColorlessPotion"},{"floor":23,"key":"Block Potion"},{"floor":25,"key":"Block Potion"}],"is_trial":false,"path_per_floor":["M","?","?","M","?","E","M","E","T","R","?","M","?","$","R","B",null,"M","M","?","M","?","M","R","M","T","M","E"],"character_chosen":"THE_CHEF","items_purchased":["theForsaken:Lifeblossom","ClockworkSouvenir","Protect_Vest","chefmod:ColdSteel","chefmod:Puree","chefmod:FreshProduce"],"campfire_rested":3,"item_purchase_floors":[14,14,14,14,14,14],"current_hp_per_floor":[76,61,61,61,55,55,42,5,5,27,27,18,18,18,40,26,76,70,44,69,62,62,39,61,52,52,53,0,0],"gold":407,"neow_bonus":"THREE_ENEMY_KILL","is_daily":false,"chose_seed":false,"campfire_upgraded":0,"win_rate":0.0,"timestamp":1610593926,"path_taken":["M","?","?","M","?","E","?","E","T","R","?","?","?","$","R","BOSS","M","M","?","M","?","M","R","M","T","M","E"],"items_purchased_type":["Relic","Relic","Relic","Card","Card","Card"],"build_version":"2020-12-22","purchased_purges":0,"victory":false,"max_hp_per_floor":[76,76,76,76,76,76,76,76,76,76,76,76,76,76,76,76,76,76,76,76,76,76,76,76,76,76,76,76,76],"card_choices":[{"not_picked":["chefmod:BaoBuns","chefmod:Gelato"],"picked":"chefmod:Omelette","floor":1},{"not_picked":["chefmod:SaveForLater","chefmod:FryPan"],"picked":"chefmod:CuttingBoard","floor":4},{"not_picked":["chefmod:VegetableTart","chefmod:Defrost"],"picked":"chefmod:AllYouCanEat","floor":6},{"not_picked":["chefmod:GroceryDelivery","chefmod:FryPan"],"picked":"chefmod:Fillet","floor":7},{"not_picked":["chefmod:SliceAndDice","chefmod:Granita"],"picked":"chefmod:TonkotsuRamen","floor":8},{"not_picked":["chefmod:Granita","chefmod:Omelette"],"picked":"chefmod:RaidPantry","floor":12},{"not_picked":["chefmod:BananaSplit","chefmod:CapreseSalad"],"picked":"chefmod:Mince","floor":16},{"not_picked":["chefmod:MonsterBait","chefmod:HotSoup"],"picked":"chefmod:DimSum+1","floor":18},{"not_picked":["chefmod:NoSoupForYou","chefmod:FireUp+1"],"picked":"chefmod:FullBurn+1","floor":19},{"not_picked":["chefmod:Chop","chefmod:CleanHouse"],"picked":"chefmod:CandyBowl","floor":21},{"not_picked":["chefmod:SliceAndDice","chefmod:FreshProduce"],"picked":"chefmod:CayenneCloud+1","floor":23},{"not_picked":["chefmod:FreezerBurn","chefmod:ColdSteel"],"picked":"chefmod:Julienne","floor":25},{"not_picked":["chefmod:DinoKale+1","chefmod:ZaruSoba"],"picked":"chefmod:Gelato","floor":27}],"player_experience":1785006,"relics_obtained":[{"floor":6,"key":"Blood Vial"},{"floor":8,"key":"CeramicFish"},{"floor":9,"key":"chefmod:RollingPin"},{"floor":26,"key":"PreservedInsect"}],"event_choices":[{"damage_healed":0,"gold_gain":0,"player_choice":"Entered Light","damage_taken":15,"max_hp_gain":0,"max_hp_loss":0,"event_name":"Shining Light","floor":2,"gold_loss":0,"cards_upgraded":["chefmod:Defend","chefmod:Strike"]},{"damage_healed":0,"gold_gain":0,"player_choice":"Box","damage_taken":0,"relics_obtained":["Boot"],"max_hp_gain":0,"max_hp_loss":0,"event_name":"Big Fish","floor":3,"gold_loss":0,"cards_obtained":["Regret"]},{"damage_healed":0,"gold_gain":275,"player_choice":"Desecrate","damage_taken":0,"max_hp_gain":0,"max_hp_loss":0,"event_name":"Golden Shrine","floor":11,"gold_loss":0,"cards_obtained":["Regret"]},{"damage_healed":0,"gold_gain":175,"player_choice":"AGREE","damage_taken":0,"max_hp_gain":0,"max_hp_loss":0,"event_name":"Liars Game","floor":13,"gold_loss":0,"cards_obtained":["Doubt"]},{"damage_healed":25,"gold_gain":0,"player_choice":"Heal","damage_taken":0,"max_hp_gain":0,"max_hp_loss":0,"event_name":"The Library","floor":20,"gold_loss":0}],"is_beta":false,"boss_relics":[{"not_picked":["Coffee Dripper","Empty Cage"],"picked":"SacredBark"}],"items_purged_floors":[],"is_endless":false,"potions_floor_spawned":[7,8,16,23,25],"killed_by":"Book of Stabbing","ascension_level":0}}