{"host":"skzt5oiq3jmvln28","time":1610613503,"event":{"mods":["AchievementEnabler","Act Like it!","BaseMod","GifTheSpireLib","Minty Spire (QoL Compilation)","StSLib","The Servant 0.9.4"],"gold_per_floor":[111,121,137,156,166,180,180,180,227,255,255,269,269,282,282,384,384,398,414,414,486,10,10,40,40,40,40,58,58,68,85,85,181,181,198,213,488,507,291,291,301,320,402,91,91,91,110,123,123,123],"floor_reached":51,"language":"ENG","playtime":7006,"items_purged":["Strike_S","Regret"],"score":725,"play_id":"13e42b22-5249-43fa-9a2b-fa364d66935e","local_time":"20210114003823","is_ascension_mode":false,"campfire_choices":[{"floor":8.0,"key":"REST"},{"data":"Potential","floor":11.0,"key":"SMITH"},{"data":"ShatteredReality","floor":15.0,"key":"SMITH"},{"data":"Replace","floor":23.0,"key":"SMITH"},{"floor":25.0,"key":"REST"},{"data":"PendulumOfEternity","floor":27.0,"key":"SMITH"},{"floor":29.0,"key":"REST"},{"floor":32.0,"key":"REST"},{"floor":40,"key":"REST"},{"floor":46,"key":"REST"},{"floor":49,"key":"REST"}],"circlet_count":0,"master_deck":["Strike_S","Strike_S","Defend_S","Defend_S","Defend_S","Defend_S","KidneyShot","Exchange+1","ShatteredReality+1","Rearm","Potential+1","Barrier+1","TimeWarp","Ricochet","Advance","Rewind","PendulumOfEternity+1","Revamp","Replace+1","Revamp+1","Snipe","TheWorld+1","DoubleEdge","Misdirection+1","Defy+1","Defy+1","Deny+1","Defy+1","Spin","BottledTime+1","MoonPhase","Rewind+1","DualDimension+1","Parasite","Reset+1","Alleviate+1"],"relics":["Uniform","War Paint","Orichalcum","MysterySword","Toxic Egg 2","Bag of Marbles","Darkstone Periapt","Matryoshka","Fusion Hammer","Ancient Tea Set","Ornamental Fan","CaptainsWheel"],"acts_visited":["Exordium","TheCity","TheBeyond"],"potions_floor_usage":[42,50],"damage_taken":[{"damage":2.0,"enemies":"Jaw Worm","floor":1.0,"turns":6.0},{"damage":1.0,"enemies":"Cultist","floor":2.0,"turns":4.0},{"damage":1.0,"enemies":"2 Louse","floor":3.0,"turns":3.0},{"damage":15.0,"enemies":"Exordium Thugs","floor":4.0,"turns":7.0},{"damage":11.0,"enemies":"Lots of Slimes","floor":5.0,"turns":5.0},{"damage":0.0,"enemies":"Exordium Wildlife","floor":6.0,"turns":3.0},{"damage":8.0,"enemies":"Lagavulin","floor":10.0,"turns":5.0},{"damage":0.0,"enemies":"Exordium Thugs","floor":12.0,"turns":3.0},{"damage":0.0,"enemies":"Large Slime","floor":14.0,"turns":5.0},{"damage":12.0,"enemies":"Hexaghost","floor":16.0,"turns":9.0},{"damage":10.0,"enemies":"Shell Parasite","floor":18.0,"turns":6.0},{"damage":9.0,"enemies":"Chosen","floor":19.0,"turns":6.0},{"damage":17.0,"enemies":"Book of Stabbing","floor":24.0,"turns":5.0},{"damage":9.0,"enemies":"Snecko","floor":28.0,"turns":4.0},{"damage":10.0,"enemies":"Sentry and Sphere","floor":30.0,"turns":6.0},{"damage":24.0,"enemies":"Snake Plant","floor":31.0,"turns":3.0},{"damage":49.0,"enemies":"Collector","floor":33.0,"turns":11.0},{"damage":8.0,"enemies":"3 Shapes","floor":35.0,"turns":3.0},{"damage":26.0,"enemies":"3 Darklings","floor":36.0,"turns":5.0},{"damage":36.0,"enemies":"Sphere and 2 Shapes","floor":38.0,"turns":4.0},{"damage":6,"enemies":"Transient","floor":41,"turns":5},{"damage":0,"enemies":"Writhing Mass","floor":42,"turns":6},{"damage":6,"enemies":"4 Shapes","floor":47,"turns":5},{"damage":10,"enemies":"Sphere and 2 Shapes","floor":48,"turns":5},{"damage":36,"enemies":"Time Eater","floor":50,"turns":17}],"seed_played":"-8658763724098312696","potions_obtained":[{"floor":2.0,"key":"SkillPotion"},{"floor":3.0,"key":"Ancient Potion"},{"floor":4.0,"key":"Block Potion"},{"floor":5.0,"key":"Dexterity Potion"},{"floor":14.0,"key":"LiquidMemories"},{"floor":18.0,"key":"Dexterity Potion"},{"floor":19.0,"key":"DistilledChaos"},{"floor":24.0,"key":"FearPotion"},{"floor":33.0,"key":"SpeedPotion"},{"floor":35.0,"key":"SneckoOil"},{"floor":36.0,"key":"Fruit Juice"},{"floor":42,"key":"Fruit Juice"},{"floor":45,"key":"Regen Potion"},{"floor":45,"key":"Energy Potion"},{"floor":47,"key":"BlessingOfTheForge"}],"is_trial":false,"path_per_floor":["M","M","M","M","M","M","?","R","T","E","R","M","?","M","R","B",null,"M","M","?","T","$","R","E","R","T","R","M","R","M","M","R","B",null,"M","M","?","M","$","R","M","M","T","$","?","R","M","M","R","B",null],"character_chosen":"THE_SERVANT","items_purchased":["Revamp+1","Snipe","TheWorld+1","Bag of Marbles","MoonPhase","Rewind+1","CaptainsWheel"],"campfire_rested":7,"item_purchase_floors":[22,22,22,22,39,39,44],"current_hp_per_floor":[69,68,67,52,41,41,41,62,62,54,54,54,59,59,59,47,76,66,57,57,57,57,57,40,62,62,62,53,75,65,41,63,14,76,68,47,53,17,17,43,37,48,48,48,48,77,71,61,90,63],"gold":123,"neow_bonus":"TEN_PERCENT_HP_BONUS","is_daily":false,"chose_seed":false,"campfire_upgraded":4,"win_rate":0.0,"timestamp":1610613503,"path_taken":["M","M","M","M","M","M","?","R","T","E","R","?","?","M","R","BOSS","M","M","?","?","$","R","E","R","T","R","M","R","M","?","R","BOSS","M","M","?","?","$","R","M","M","T","$","?","R","M","?","R","BOSS"],"items_purchased_type":["Card","Card","Card","Relic","Card","Card","Relic"],"build_version":"2020-12-22","purchased_purges":2,"victory":true,"max_hp_per_floor":[71,71,71,71,71,71,71,71,71,71,71,71,76,76,76,76,76,76,76,76,76,76,76,76,76,76,76,76,76,76,76,76,76,76,76,81,87,87,87,87,87,98,98,98,98,98,98,98,98,98],"card_choices":[{"not_picked":["Luminosity","Desolation"],"picked":"ShatteredReality","floor":1.0},{"not_picked":["Desolation","SpecialFormula"],"picked":"Rearm","floor":2.0},{"not_picked":["BottledTime","Ricochet"],"picked":"Potential","floor":3.0},{"not_picked":["Rewind","Unruled"],"picked":"Barrier","floor":4.0},{"not_picked":["Rearm","Defy"],"picked":"TimeWarp","floor":5.0},{"not_picked":["Rearm","Duplication"],"picked":"Ricochet","floor":6.0},{"not_picked":["Contraction","Unruled"],"picked":"Advance","floor":10.0},{"not_picked":["Rearm","WasteNot"],"picked":"Rewind","floor":12.0},{"not_picked":["FastForward","Spin","Potential"],"picked":"SKIP","floor":14.0},{"not_picked":["Initiator","LightFlow"],"picked":"PendulumOfEternity","floor":16.0},{"not_picked":["Rearm","TimeWarp"],"picked":"Revamp","floor":18.0},{"not_picked":["FastForward","Potential+1"],"picked":"Replace","floor":19.0},{"not_picked":["PendulumOfEternity","Spin"],"picked":"DoubleEdge","floor":24.0},{"not_picked":["Revamp+1","SurpressingFire+1"],"picked":"Misdirection+1","floor":28.0},{"not_picked":["Shuttle+1","FastForward+1"],"picked":"Defy+1","floor":30.0},{"not_picked":["Potential","DoubleEdge"],"picked":"Defy+1","floor":31.0},{"not_picked":["Initiator","TheWorld+1"],"picked":"Deny+1","floor":33.0},{"not_picked":["Read+1","Alleviate+1"],"picked":"Defy+1","floor":35.0},{"not_picked":["Comet+1","Snipe"],"picked":"Spin","floor":36.0},{"not_picked":["Ricochet","TimeWarp+1"],"picked":"BottledTime+1","floor":38.0},{"not_picked":["Contraction+1","TimeWarp"],"picked":"DualDimension+1","floor":41},{"not_picked":["TimeWarp","Replace+1"],"picked":"Reset+1","floor":42},{"not_picked":["Spin","Potential+1","Initiator"],"picked":"SKIP","floor":47},{"not_picked":["FanOfKnives","TimeWarp+1"],"picked":"Alleviate+1","floor":48}],"player_experience":19902,"relics_obtained":[{"floor":9.0,"key":"War Paint"},{"floor":10.0,"key":"Orichalcum"},{"floor":21.0,"key":"Toxic Egg 2"},{"floor":24.0,"key":"Darkstone Periapt"},{"floor":26.0,"key":"Matryoshka"},{"floor":43,"key":"Ancient Tea Set"},{"floor":43,"key":"Ornamental Fan"}],"event_choices":[{"cards_removed":["Strike_S"],"damage_healed":0.0,"max_hp_gain":0.0,"max_hp_loss":0.0,"gold_gain":0.0,"event_name":"Purifier","player_choice":"Purged","floor":7.0,"gold_loss":0.0,"damage_taken":0.0},{"damage_healed":0.0,"max_hp_gain":5.0,"max_hp_loss":0.0,"gold_gain":0.0,"event_name":"Big Fish","player_choice":"Donut","floor":13.0,"gold_loss":0.0,"damage_taken":0.0},{"damage_healed":0.0,"max_hp_gain":0.0,"max_hp_loss":0.0,"gold_gain":0.0,"event_name":"Vampires","player_choice":"Ignored","floor":20.0,"gold_loss":0.0,"damage_taken":0.0},{"damage_healed":0.0,"max_hp_gain":0.0,"max_hp_loss":0.0,"gold_gain":275.0,"event_name":"Golden Shrine","player_choice":"Desecrate","floor":37.0,"gold_loss":0.0,"damage_taken":0.0,"cards_obtained":["Regret"]},{"damage_healed":0,"gold_gain":0,"player_choice":"Got Potions","damage_taken":0,"max_hp_gain":0,"max_hp_loss":0,"event_name":"Lab","floor":45,"gold_loss":0}],"is_beta":false,"boss_relics":[{"not_picked":["Tiny House","Calling Bell"],"picked":"MysterySword"},{"not_picked":["Snecko Eye","SacredBark"],"picked":"Fusion Hammer"}],"items_purged_floors":[22,39],"is_endless":false,"potions_floor_spawned":[2,3,4,5,14,16,18,19,24,33,35,36,42,47],"ascension_level":0}}