{"host":"tom9euzqew4po1rs","time":1610628436,"event":{"mods":["BaseMod","Curses Come First","Downfall","Minty Spire (QoL Compilation)","Quick Restart","Rare Cards Sparkle","Replay The Spire","StSLib","The Cursed"],"gold_per_floor":[119,5,180,198,217,217,217,217,265,276,294,311,337,4,4,4,4],"floor_reached":16,"language":"ENG","playtime":648,"items_purged":[],"score":107,"play_id":"ed6b7b2a-78a4-4b9c-92b5-ffcf980f6dc1","local_time":"20210114074716","is_ascension_mode":true,"campfire_choices":[{"floor":6,"key":"RECALL"},{"data":"BasicCrystalCard","floor":8,"key":"SMITH"},{"floor":15,"key":"REST"}],"circlet_count":0,"master_deck":["Strike_B","Strike_B","Strike_B","Strike_B","Defend_B","Defend_B","Defend_B","Defend_B","Zap","Dualcast","Turbo","Loop","BasicCrystalCard+1","BasicCrystalCard","FTL","Barrage","Shame","Reinforced Body","Stack","FTL","Heatsinks","Fission+1","Heatsinks"],"relics":["Cracked Core","Oddly Smooth Stone","MealTicket","Nunchaku"],"acts_visited":["Exordium"],"potions_floor_usage":[10,12,13],"damage_taken":[{"damage":1,"enemies":"Cultist","floor":1,"turns":3},{"damage":1,"enemies":"Jaw Worm","floor":4,"turns":3},{"damage":5,"enemies":"Small Slimes","floor":5,"turns":3},{"damage":27,"enemies":"Exordium Thugs","floor":10,"turns":3},{"damage":15,"enemies":"Gremlin Gang","floor":11,"turns":6},{"damage":8,"enemies":"Large Slime","floor":12,"turns":4},{"damage":18,"enemies":"Lagavulin","floor":13,"turns":5},{"damage":58,"enemies":"The Guardian","floor":16,"turns":9}],"seed_played":"6838741789227390450","potions_obtained":[{"floor":5,"key":"CultistPotion"},{"floor":10,"key":"Guardian:BlockOnCardUsePotion"},{"floor":11,"key":"PowerPotion"},{"floor":12,"key":"SpeedPotion"}],"is_trial":false,"path_per_floor":["M","$","?","M","M","R","?","R","T","M","M","M","E","$","R","B"],"character_chosen":"DEFECT","items_purchased":["Loop","BasicCrystalCard","Nunchaku","Fission+1","Heatsinks"],"campfire_rested":1,"item_purchase_floors":[2,2,14,14,14],"current_hp_per_floor":[81,81,81,80,75,75,75,75,75,48,33,25,7,22,46,0,0],"gold":4,"neow_bonus":"TEN_PERCENT_HP_BONUS","is_daily":false,"chose_seed":false,"campfire_upgraded":1,"win_rate":0.0,"timestamp":1610628436,"path_taken":["M","$","?","M","M","R","?","R","T","M","M","?","E","$","R","BOSS"],"items_purchased_type":["Card","Card","Relic","Card","Card"],"build_version":"2020-12-22","purchased_purges":0,"victory":false,"max_hp_per_floor":[82,82,82,82,82,82,82,82,82,82,82,82,82,82,82,82,82],"card_choices":[{"not_picked":["Rebound","Redo"],"picked":"Turbo","floor":1},{"not_picked":["Turbo","Blizzard"],"picked":"FTL","floor":4},{"not_picked":["Sweeping Beam","Rebound"],"picked":"Barrage","floor":5},{"not_picked":["Hologram","Streamline"],"picked":"Reinforced Body","floor":10},{"not_picked":["Lockon","Turbo"],"picked":"Stack","floor":11},{"not_picked":["Cold Snap","Recycle"],"picked":"FTL","floor":12},{"not_picked":["Seek","Sweeping Beam"],"picked":"Heatsinks","floor":13}],"player_experience":120368,"relics_obtained":[{"floor":9,"key":"Oddly Smooth Stone"},{"floor":13,"key":"MealTicket"}],"event_choices":[{"damage_healed":0,"gold_gain":175,"player_choice":"AGREE","damage_taken":0,"max_hp_gain":0,"max_hp_loss":0,"event_name":"Liars Game","floor":3,"gold_loss":0,"cards_obtained":["Doubt"]},{"damage_healed":0,"gold_gain":0,"cards_transformed":["Doubt"],"player_choice":"Transformed","damage_taken":0,"max_hp_gain":0,"max_hp_loss":0,"event_name":"Transmorgrifier","floor":7,"gold_loss":0,"cards_obtained":["Shame"]}],"is_beta":false,"boss_relics":[],"items_purged_floors":[],"is_endless":false,"potions_floor_spawned":[5,10,11,12],"killed_by":"The Guardian","ascension_level":1}}