{"host":"oehe2dxjvdgux73m","time":1610608141,"event":{"mods":["AchievementEnabler","BaseMod","Colored Map","Colored Powertips","DeckTracker","Keyboard Shortcuts","Minty Spire (QoL Compilation)","Permanent Neow","Quick Restart","StSLib","SuperFastMode"],"gold_per_floor":[113,32,43,43,43,74,74,90,90,123,135,145,162,176,176,248,248,259,259,259,271,300,300,326,336,336,153,153,165,183,194,194,269,269,279,299,310,103,113,441,461,492,544,544,544,577,589,601,601,601,601],"floor_reached":50,"language":"KOR","playtime":2075,"items_purged":["Strike_G"],"score":1189,"play_id":"cdb6f819-0fa6-40c5-8684-6e2670fccb3d","local_time":"20210114160901","is_ascension_mode":true,"campfire_choices":[{"data":"Dagger Spray","floor":7.0,"key":"SMITH"},{"floor":15.0,"key":"REST"},{"data":"A Thousand Cuts","floor":23.0,"key":"SMITH"},{"floor":32.0,"key":"REST"},{"floor":45.0,"key":"REST"},{"floor":49.0,"key":"REST"}],"circlet_count":0,"master_deck":["AscendersBane","Strike_G","Strike_G","Strike_G","Defend_G","Defend_G","Defend_G","Defend_G","Defend_G","Survivor","Neutralize","Storm of Steel+1","Dagger Spray+1","Accuracy","Backflip","Escape Plan","Terror","PiercingWail","Acrobatics","Cloak And Dagger","Footwork","Backflip","Acrobatics","A Thousand Cuts+1","Blade Dance","Acrobatics","Accuracy","Concentrate","PiercingWail+1","Calculated Gamble+1","Tactician+1","Calculated Gamble+1","After Image","Reflex+1","Acrobatics+1","Adrenaline+1","Prepared+1","Parasite","Concentrate+1","Backflip+1","Finisher","Blur+1","Accuracy"],"relics":["Ring of the Snake","Prayer Wheel","Ice Cream","Vajra","Sozu","MutagenicStrength","Red Mask","Mummified Hand","Toxic Egg 2","Black Star","Oddly Smooth Stone","Centennial Puzzle","Old Coin","Tough Bandages","Nunchaku","Boot","Pantograph","Dream Catcher"],"acts_visited":["Exordium","TheCity","TheBeyond"],"potions_floor_usage":[],"damage_taken":[{"damage":1.0,"enemies":"Small Slimes","floor":1.0,"turns":3.0},{"damage":1.0,"enemies":"Cultist","floor":3.0,"turns":4.0},{"damage":10.0,"enemies":"3 Sentries","floor":6.0,"turns":9.0},{"damage":8.0,"enemies":"2 Louse","floor":8.0,"turns":2.0},{"damage":20.0,"enemies":"Lagavulin","floor":10.0,"turns":5.0},{"damage":9.0,"enemies":"2 Fungi Beasts","floor":11.0,"turns":2.0},{"damage":0.0,"enemies":"Large Slime","floor":12.0,"turns":2.0},{"damage":0.0,"enemies":"Blue Slaver","floor":13.0,"turns":1.0},{"damage":5.0,"enemies":"Gremlin Gang","floor":14.0,"turns":5.0},{"damage":3.0,"enemies":"The Guardian","floor":16.0,"turns":10.0},{"damage":0.0,"enemies":"Chosen","floor":18.0,"turns":5.0},{"damage":7.0,"enemies":"3 Byrds","floor":21.0,"turns":4.0},{"damage":14.0,"enemies":"Masked Bandits","floor":22.0,"turns":5.0},{"damage":14.0,"enemies":"Book of Stabbing","floor":24.0,"turns":5.0},{"damage":5.0,"enemies":"Snake Plant","floor":25.0,"turns":3.0},{"damage":0.0,"enemies":"3 Cultists","floor":29.0,"turns":3.0},{"damage":0.0,"enemies":"Snecko","floor":30.0,"turns":3.0},{"damage":0.0,"enemies":"Shelled Parasite and Fungi","floor":31.0,"turns":4.0},{"damage":21.0,"enemies":"Collector","floor":33.0,"turns":7.0},{"damage":0.0,"enemies":"Orb Walker","floor":35.0,"turns":2.0},{"damage":0.0,"enemies":"3 Shapes","floor":36.0,"turns":2.0},{"damage":6.0,"enemies":"Writhing Mass","floor":37.0,"turns":3.0},{"damage":0.0,"enemies":"Spire Growth","floor":39.0,"turns":3.0},{"damage":0.0,"enemies":"Reptomancer","floor":40.0,"turns":3.0},{"damage":9.0,"enemies":"Sphere and 2 Shapes","floor":41.0,"turns":3.0},{"damage":0.0,"enemies":"Giant Head","floor":42.0,"turns":4.0},{"damage":0.0,"enemies":"Nemesis","floor":46.0,"turns":4.0},{"damage":0.0,"enemies":"4 Shapes","floor":47.0,"turns":4.0},{"damage":0.0,"enemies":"3 Darklings","floor":48.0,"turns":2.0},{"damage":72,"enemies":"Time Eater","floor":50,"turns":7}],"seed_played":"1226459541369774761","potions_obtained":[{"floor":10.0,"key":"LiquidBronze"},{"floor":12.0,"key":"Weak Potion"},{"floor":13.0,"key":"SkillPotion"},{"floor":14.0,"key":"SkillPotion"},{"floor":16.0,"key":"Weak Potion"}],"is_trial":false,"path_per_floor":["M","$","M","?","?","E","R","M","T","E","M","M","M","M","R","B",null,"M","?","?","M","?","R","E","M","T","$","?","M","M","M","R","B",null,"M","M","M","$","M","E","M","E","T","?","R","E","M","M","R","B"],"character_chosen":"THE_SILENT","items_purchased":["Accuracy","Calculated Gamble+1","Tactician+1","Backflip+1","Oddly Smooth Stone"],"campfire_rested":4,"item_purchase_floors":[2,27,27,38,38],"current_hp_per_floor":[58,58,57,57,57,47,47,39,39,19,10,10,10,5,24,21,55,55,55,55,48,34,34,20,15,15,15,15,15,15,15,34,13,53,53,53,47,47,47,47,38,38,38,38,57,57,57,57,66,0,0],"gold":601,"neow_bonus":"ONE_RANDOM_RARE_CARD","is_daily":false,"chose_seed":false,"campfire_upgraded":2,"win_rate":0.0,"timestamp":1610608141,"path_taken":["M","$","M","?","?","E","R","M","T","E","M","M","?","M","R","BOSS","M","?","?","M","?","R","E","M","T","?","?","?","M","M","R","BOSS","M","M","M","$","M","E","M","E","T","?","R","E","M","M","R","BOSS"],"items_purchased_type":["Card","Card","Card","Card","Relic"],"build_version":"2020-12-22","purchased_purges":1,"victory":false,"max_hp_per_floor":[66,66,66,66,66,66,66,66,66,66,66,66,66,66,66,66,66,66,66,66,66,66,66,66,66,66,66,66,66,66,66,66,66,66,66,66,66,66,66,66,66,66,66,66,66,66,66,66,66,66,66],"card_choices":[{"not_picked":["Deadly Poison","Heel Hook"],"picked":"Dagger Spray","floor":1.0},{"not_picked":["Poisoned Stab","Sucker Punch"],"picked":"Backflip","floor":3.0},{"not_picked":["Envenom","Riddle With Holes"],"picked":"Escape Plan","floor":6.0},{"not_picked":["Acrobatics","Dagger Throw"],"picked":"Terror","floor":8.0},{"not_picked":["Dagger Throw","Reflex","Dodge and Roll"],"picked":"SKIP","floor":8.0},{"not_picked":["Flying Knee","Footwork"],"picked":"PiercingWail","floor":10.0},{"not_picked":["Backflip","Quick Slash"],"picked":"Acrobatics","floor":11.0},{"not_picked":["Malaise","Footwork"],"picked":"Cloak And Dagger","floor":11.0},{"not_picked":["Terror","Leg Sweep"],"picked":"Footwork","floor":12.0},{"not_picked":["Dagger Throw","Prepared"],"picked":"Backflip","floor":12.0},{"not_picked":["Slice","All Out Attack","Riddle With Holes"],"picked":"SKIP","floor":13.0},{"not_picked":["Sucker Punch","Dodge and Roll","Distraction"],"picked":"SKIP","floor":13.0},{"not_picked":["Sucker Punch","Deadly Poison"],"picked":"Acrobatics","floor":14.0},{"not_picked":["Flying Knee","Terror","Choke"],"picked":"SKIP","floor":14.0},{"not_picked":["Night Terror","Doppelganger"],"picked":"A Thousand Cuts","floor":16.0},{"not_picked":["Infinite Blades","Cloak And Dagger"],"picked":"Blade Dance","floor":18.0},{"not_picked":["Blade Dance","Catalyst+1"],"picked":"Acrobatics","floor":18.0},{"not_picked":["Underhanded Strike","Cloak And Dagger","Sucker Punch"],"picked":"SKIP","floor":21.0},{"not_picked":["Outmaneuver","Dagger Spray","Sucker Punch"],"picked":"SKIP","floor":21.0},{"not_picked":["Venomology","Infinite Blades"],"picked":"Concentrate","floor":24.0},{"not_picked":["Bouncing Flask","Blur"],"picked":"PiercingWail+1","floor":25.0},{"not_picked":["Poisoned Stab","Flechettes","Cloak And Dagger"],"picked":"SKIP","floor":25.0},{"not_picked":["Dagger Spray","Escape Plan+1"],"picked":"Calculated Gamble+1","floor":29.0},{"not_picked":["Poisoned Stab+1","Leg Sweep+1","Dagger Spray"],"picked":"SKIP","floor":29.0},{"not_picked":["Dash","Sucker Punch+1"],"picked":"After Image","floor":30.0},{"not_picked":["Outmaneuver+1","Deflect+1","Slice"],"picked":"SKIP","floor":30.0},{"not_picked":["Crippling Poison+1","Terror+1"],"picked":"Reflex+1","floor":31.0},{"not_picked":["Deflect+1","Heel Hook"],"picked":"Acrobatics+1","floor":31.0},{"not_picked":["Venomology+1","Burst+1"],"picked":"Adrenaline+1","floor":33.0},{"not_picked":["Dodge and Roll+1","Quick Slash"],"picked":"Prepared+1","floor":35.0},{"not_picked":["Cloak And Dagger+1","Underhanded Strike","Quick Slash"],"picked":"SKIP","floor":35.0},{"not_picked":["Crippling Poison+1","Leg Sweep+1","Endless Agony"],"picked":"SKIP","floor":36.0},{"not_picked":["Poisoned Stab+1","Setup+1","Storm of Steel+1"],"picked":"SKIP","floor":36.0},{"not_picked":["Masterful Stab","Caltrops"],"picked":"Concentrate+1","floor":37.0},{"not_picked":["Flying Knee","Poisoned Stab","Deadly Poison+1"],"picked":"SKIP","floor":37.0},{"not_picked":["Noxious Fumes","Caltrops"],"picked":"Finisher","floor":39.0},{"not_picked":["Blade Dance+1","Flying Knee","Backflip+1"],"picked":"SKIP","floor":39.0},{"not_picked":["Dagger Spray","Deflect+1","Calculated Gamble+1"],"picked":"SKIP","floor":40.0},{"not_picked":["Backstab","Leg Sweep+1","Acrobatics+1"],"picked":"SKIP","floor":41.0},{"not_picked":["Backflip+1","Infinite Blades","Crippling Poison+1"],"picked":"SKIP","floor":41.0},{"not_picked":["Tactician+1","Riddle With Holes","Masterful Stab"],"picked":"SKIP","floor":42.0},{"not_picked":["Tactician+1","Deflect+1","Riddle With Holes"],"picked":"SKIP","floor":46.0},{"not_picked":["Predator","Tactician+1","Die Die Die"],"picked":"SKIP","floor":47.0},{"not_picked":["Deadly Poison+1","Quick Slash","Terror+1"],"picked":"SKIP","floor":47.0},{"not_picked":["Bouncing Flask+1","Predator"],"picked":"Blur+1","floor":48.0},{"not_picked":["Deadly Poison+1","Prepared+1","Setup+1"],"picked":"SKIP","floor":48.0},{"not_picked":["Acrobatics+1","Noxious Fumes"],"picked":"Accuracy","floor":49.0}],"player_experience":181182,"relics_obtained":[{"floor":6.0,"key":"Prayer Wheel"},{"floor":9.0,"key":"Ice Cream"},{"floor":10.0,"key":"Vajra"},{"floor":22.0,"key":"Red Mask"},{"floor":24.0,"key":"Mummified Hand"},{"floor":26.0,"key":"Toxic Egg 2"},{"floor":40.0,"key":"Centennial Puzzle"},{"floor":40.0,"key":"Old Coin"},{"floor":42.0,"key":"Tough Bandages"},{"floor":42.0,"key":"Nunchaku"},{"floor":43.0,"key":"Boot"},{"floor":46.0,"key":"Pantograph"},{"floor":46.0,"key":"Dream Catcher"}],"event_choices":[{"damage_healed":0.0,"max_hp_gain":0.0,"max_hp_loss":0.0,"gold_gain":0.0,"event_name":"The Cleric","player_choice":"Leave","floor":4.0,"gold_loss":0.0,"damage_taken":0.0},{"damage_healed":0.0,"max_hp_gain":0.0,"max_hp_loss":0.0,"gold_gain":0.0,"event_name":"Accursed Blacksmith","player_choice":"Forge","floor":5.0,"gold_loss":0.0,"damage_taken":0.0,"cards_upgraded":["Storm of Steel"]},{"damage_healed":0.0,"max_hp_gain":0.0,"max_hp_loss":0.0,"gold_gain":0.0,"event_name":"Drug Dealer","player_choice":"Inject Mutagens","floor":19.0,"gold_loss":0.0,"damage_taken":0.0,"relics_obtained":["MutagenicStrength"]},{"damage_healed":0.0,"max_hp_gain":0.0,"max_hp_loss":0.0,"gold_gain":0.0,"event_name":"The Library","player_choice":"Read","floor":20.0,"gold_loss":0.0,"damage_taken":0.0,"cards_obtained":["Accuracy"]},{"damage_healed":0.0,"max_hp_gain":0.0,"max_hp_loss":0.0,"gold_gain":0.0,"event_name":"Masked Bandits","player_choice":"Fought Bandits","floor":22.0,"gold_loss":0.0,"damage_taken":0.0},{"cards_removed":["Strike_G"],"damage_healed":0.0,"max_hp_gain":0.0,"max_hp_loss":0.0,"gold_gain":0.0,"event_name":"Wheel of Change","player_choice":"Card Removal","floor":28.0,"gold_loss":0.0,"damage_taken":0.0},{"damage_healed":0.0,"max_hp_gain":0.0,"max_hp_loss":0.0,"gold_gain":0.0,"event_name":"SecretPortal","player_choice":"Ignored","floor":44.0,"gold_loss":0.0,"damage_taken":0.0}],"is_beta":false,"boss_relics":[{"not_picked":["Runic Dome","Tiny House"],"picked":"Sozu"},{"not_picked":["Cursed Key","SacredBark"],"picked":"Black Star"}],"items_purged_floors":[27],"is_endless":false,"potions_floor_spawned":[10,12,13,14,16,24,29,30,33,35,36,37,42,48],"killed_by":"Time Eater","ascension_level":14}}