{"host":"2xi35nzst5j6xtbr","time":1610632864,"event":{"mods":["BaseMod","Colored Map","Colored Powertips","Dota2Spire","Downfall","Minty Spire (QoL Compilation)","Quick Restart","Replay The Spire","StSLib","The Gatherer","[GremlinLeader]The Maniac","¡¾ÒÅÎï¿¨ÅÆ¡¿REMEMod"],"gold_per_floor":[99,118,133,153,32,62,62,62,74,74,8,34,50,50,66,165,165,72,90,108,118,118,134,186,196,196,196,196,196],"floor_reached":27,"language":"ZHS","playtime":2267,"items_purged":[],"score":227,"play_id":"34baf8a6-6746-441f-923e-cf46c4586447","local_time":"20210114220104","is_ascension_mode":false,"campfire_choices":[{"floor":1,"key":"RECALL"},{"data":"Guardian:Planning","floor":8,"key":"SMITH"}],"circlet_count":0,"master_deck":["Guardian:Strike_Guardian","Guardian:Strike_Guardian","Guardian:Defend_Guardian","Guardian:Defend_Guardian","Guardian:CurlUp","Guardian:TwinSlam","Guardian:Harden","Guardian:Reroute","Guardian:Preprogram","Guardian:Harden","Guardian:Planning+1","Guardian:ExploitGems","Guardian:SpikerProtocol","Guardian:FastForward","Guardian:CrystalBeam","Guardian:Suspension","Guardian:FloatingOrbs","Guardian:RollAttack","Guardian:FierceBash","Guardian:ArmoredProtocol","Guardian:PrismaticBarrier","Guardian:Gem_Red","Guardian:TimeCapacitor","Guardian:ShieldCharger+1","Guardian:Gem_Red"],"relics":["Guardian:ModeShifter","REME_ComplimentaryCards","BranchBurnRelic","Replay:Bottled Steam","Empty Cage","downfall:HeartBlessingRed","downfall:HeartBlessingGreen","Toy Ornithopter"],"acts_visited":["TheCity"],"potions_floor_usage":[15,16,21,25,25],"damage_taken":[{"damage":1,"enemies":"Jaw Worm","floor":2,"turns":4},{"damage":0,"enemies":"Small Slimes","floor":3,"turns":3},{"damage":1,"enemies":"Cultist","floor":4,"turns":4},{"damage":0,"enemies":"downfall:FleeingMerchant","floor":5,"turns":4},{"damage":8,"enemies":"Replay:BlueRogue","floor":6,"turns":9},{"damage":1,"enemies":"3 Louse","floor":9,"turns":3},{"damage":4,"enemies":"downfall:FleeingMerchant","floor":11,"turns":4},{"damage":11,"enemies":"Lagavulin","floor":12,"turns":10},{"damage":3,"enemies":"Large Slime","floor":13,"turns":6},{"damage":0,"enemies":"Gremlin Gang","floor":15,"turns":5},{"damage":32,"enemies":"downfall:Defect","floor":16,"turns":8},{"damage":16,"enemies":"Shell Parasite","floor":19,"turns":4},{"damage":12,"enemies":"Shelled Parasite and Fungi","floor":20,"turns":5},{"damage":14,"enemies":"Snake Plant","floor":21,"turns":4},{"damage":23,"enemies":"Cultist and Chosen","floor":23,"turns":6},{"damage":16,"enemies":"Sentry and Sphere","floor":25,"turns":6},{"damage":0,"enemies":"Snake Plant","floor":27,"turns":2}],"seed_played":"8209556970079966055","potions_obtained":[{"floor":2,"key":"SkillPotion"},{"floor":6,"key":"Fire Potion"},{"floor":9,"key":"Energy Potion"},{"floor":16,"key":"SpeedPotion"},{"floor":21,"key":"REME_GoldPotion"},{"floor":23,"key":"Fire Potion"},{"floor":25,"key":"Dexterity Potion"}],"is_trial":false,"path_per_floor":["R_BF","M","M","M","$","E","T","R","M","?","$","E","M","?","M","B",null,"R_BF","M","M","M","?","M","T","M","?","M"],"character_chosen":"GUARDIAN","items_purchased":["Guardian:Gem_Blue","Guardian:Gem_Lightblue","Guardian:CrystalBeam"],"campfire_rested":0,"item_purchase_floors":[5,5,11],"current_hp_per_floor":[88,87,87,86,86,78,78,78,88,88,84,73,70,70,70,38,88,88,79,67,53,53,30,30,24,24,24,24,24],"gold":196,"neow_bonus":"TEN_PERCENT_HP_BONUS","is_daily":false,"chose_seed":false,"campfire_upgraded":1,"win_rate":0.0,"timestamp":1610632864,"path_taken":["R_BF","M","M","M","$","E","T","R","M","?","$","E","M","?","M","BOSS","R_BF","M","M","M","?","M","T","M","?","M"],"items_purchased_type":["Card","Card","Card"],"build_version":"2020-12-22","purchased_purges":0,"victory":false,"max_hp_per_floor":[88,88,88,88,88,88,88,88,88,88,88,88,88,88,88,88,88,88,88,88,88,88,88,88,88,88,88,88,88],"card_choices":[{"not_picked":["Guardian:RefractedBeam","Guardian:ShieldCharger"],"picked":"Guardian:Harden","floor":2},{"not_picked":["Guardian:PiercingHide","Guardian:Gem_Green"],"picked":"Guardian:Reroute","floor":3},{"not_picked":["Guardian:ShieldCharger","Guardian:BronzeOrb"],"picked":"Guardian:Preprogram","floor":4},{"not_picked":["Guardian:FloatingOrbs","Guardian:Incinerate"],"picked":"Guardian:Harden","floor":5},{"not_picked":["Guardian:WalkerClaw","Guardian:TimeBomb"],"picked":"Guardian:Planning","floor":6},{"not_picked":["Guardian:Repulse","Guardian:TimeBomb"],"picked":"Guardian:SpikerProtocol","floor":9},{"not_picked":["Guardian:TemporalShield","Guardian:Orbwalk"],"picked":"Guardian:FastForward","floor":11},{"not_picked":["Guardian:ChargeCore","Guardian:RefractedBeam"],"picked":"Guardian:Gem_Crimson","floor":12},{"not_picked":["Guardian:SentryBeam","Guardian:Incinerate"],"picked":"Guardian:Suspension","floor":13},{"not_picked":["Guardian:ChargeCore","Guardian:CrystalBeam"],"picked":"Guardian:RollAttack","floor":15},{"not_picked":["Guardian:SphericShield","Guardian:ExploitGems"],"picked":"Guardian:FierceBash","floor":16},{"not_picked":["Guardian:PrimingBeam","Guardian:GuardianWhirl"],"picked":"Guardian:ArmoredProtocol","floor":19},{"not_picked":["Guardian:Reroute","Guardian:Gem_Red"],"picked":"Guardian:PrismaticBarrier","floor":20},{"not_picked":["Guardian:Planning","Guardian:PrimingBeam"],"picked":"Guardian:Gem_Red","floor":21},{"not_picked":["Guardian:Gem_Lightblue","Guardian:CrystalBeam"],"picked":"Guardian:TimeCapacitor","floor":23},{"not_picked":["Guardian:TemporalShield","Guardian:GuardianWhirl+1"],"picked":"Guardian:ShieldCharger+1","floor":25}],"player_experience":116289,"relics_obtained":[{"floor":6,"key":"Dead Branch"},{"floor":12,"key":"Replay:Bottled Steam"},{"floor":24,"key":"Toy Ornithopter"}],"event_choices":[{"damage_healed":0,"gold_gain":0,"cards_transformed":["Guardian:Defend_Guardian"],"player_choice":"Change","damage_taken":0,"max_hp_gain":0,"max_hp_loss":0,"event_name":"Living Wall","floor":14,"gold_loss":0,"cards_obtained":["Guardian:FloatingOrbs"]}],"is_beta":false,"boss_relics":[{"not_picked":["Calling Bell","Snecko Eye"],"picked":"Empty Cage"}],"items_purged_floors":[],"is_endless":false,"potions_floor_spawned":[2,6,9,16,21,23,25],"killed_by":"Snake Plant","ascension_level":0}}