{"host":"oehe2dxjvdgux73m","time":1610604451,"event":{"mods":["AchievementEnabler","BaseMod","Colored Map","Colored Powertips","DeckTracker","Keyboard Shortcuts","Minty Spire (QoL Compilation)","Permanent Neow","Quick Restart","StSLib","SuperFastMode"],"gold_per_floor":[109,124,124,144,162,162,162,190,271,287,287,310,310,344,344,418,418,433,445,61,61,73,73,101,101,101,101,101,134,134,151,151,151,151],"floor_reached":33,"language":"KOR","playtime":1267,"items_purged":[],"score":498,"play_id":"e7aa93fa-7005-4d31-80d0-3e08d7541c1b","local_time":"20210114150731","is_ascension_mode":true,"campfire_choices":[{"floor":6.0,"key":"REST"},{"floor":11.0,"key":"REST"},{"data":"Envenom","floor":13.0,"key":"SMITH"},{"floor":15.0,"key":"REST"},{"data":"Adrenaline","floor":23.0,"key":"SMITH"},{"floor":28,"key":"REST"},{"data":"Calculated Gamble","floor":30,"key":"SMITH"},{"data":"Prepared","floor":32,"key":"SMITH"}],"circlet_count":0,"master_deck":["AscendersBane","Strike_G","Strike_G","Strike_G","Defend_G","Defend_G","Defend_G","Defend_G","Defend_G","Survivor","Neutralize","Eviscerate","Envenom+1","Masterful Stab","Bane","PiercingWail","Dagger Spray","Escape Plan","Calculated Gamble+1","Adrenaline+1","Slice+1","Outmaneuver+1","Acrobatics","Prepared+1"],"relics":["Ring of the Snake","Pocketwatch","Mercury Hourglass","Odd Mushroom","Oddly Smooth Stone","HoveringKite","Bag of Preparation","Meat on the Bone","Pear","Question Card","Regal Pillow"],"acts_visited":["Exordium","TheCity"],"potions_floor_usage":[29,33,33],"damage_taken":[{"damage":2.0,"enemies":"Cultist","floor":1.0,"turns":5.0},{"damage":5.0,"enemies":"2 Louse","floor":2.0,"turns":3.0},{"damage":0.0,"enemies":"Small Slimes","floor":4.0,"turns":3.0},{"damage":17.0,"enemies":"2 Fungi Beasts","floor":5.0,"turns":5.0},{"damage":32.0,"enemies":"Lagavulin","floor":8.0,"turns":6.0},{"damage":3.0,"enemies":"Large Slime","floor":10.0,"turns":4.0},{"damage":0.0,"enemies":"The Mushroom Lair","floor":12.0,"turns":2.0},{"damage":10.0,"enemies":"3 Sentries","floor":14.0,"turns":4.0},{"damage":6.0,"enemies":"Hexaghost","floor":16.0,"turns":9.0},{"damage":11.0,"enemies":"2 Thieves","floor":18.0,"turns":4.0},{"damage":0.0,"enemies":"3 Byrds","floor":19.0,"turns":3.0},{"damage":2.0,"enemies":"Snecko","floor":22.0,"turns":3.0},{"damage":26.0,"enemies":"Book of Stabbing","floor":24.0,"turns":5.0},{"damage":12,"enemies":"Slavers","floor":29,"turns":5},{"damage":11,"enemies":"Chosen and Byrds","floor":31,"turns":6},{"damage":50,"enemies":"Collector","floor":33,"turns":8}],"seed_played":"-4182255223163262884","potions_obtained":[{"floor":2.0,"key":"CultistPotion"},{"floor":4.0,"key":"DuplicationPotion"},{"floor":12.0,"key":"CunningPotion"},{"floor":14.0,"key":"Weak Potion"},{"floor":16.0,"key":"FearPotion"},{"floor":19.0,"key":"PowerPotion"},{"floor":24.0,"key":"LiquidBronze"},{"floor":29,"key":"SkillPotion"},{"floor":31,"key":"CunningPotion"}],"is_trial":false,"path_per_floor":["M","M","?","M","M","R","?","E","T","M","R","?","R","E","R","B",null,"M","M","$","?","M","R","E","?","T","?","R","E","R","M","R","B"],"character_chosen":"THE_SILENT","items_purchased":["Bag of Preparation","Meat on the Bone"],"campfire_rested":4,"item_purchase_floors":[20,20],"current_hp_per_floor":[42,37,37,37,20,39,39,7,7,4,23,23,23,13,32,26,56,45,45,45,45,43,43,39,39,39,25,49,49,49,50,50,0,0],"gold":151,"neow_bonus":"TRANSFORM_TWO_CARDS","is_daily":false,"chose_seed":false,"campfire_upgraded":4,"win_rate":0.0,"timestamp":1610604451,"path_taken":["M","M","?","M","M","R","?","E","T","M","R","?","R","E","R","BOSS","M","M","$","?","M","R","E","?","T","?","R","E","R","M","R","BOSS"],"items_purchased_type":["Relic","Relic"],"build_version":"2020-12-22","purchased_purges":0,"victory":false,"max_hp_per_floor":[66,66,66,66,66,66,66,66,66,66,66,66,66,66,66,66,66,66,66,66,66,66,66,76,76,76,81,81,81,81,81,81,81,81],"card_choices":[{"not_picked":["Outmaneuver","Cloak And Dagger"],"picked":"Masterful Stab","floor":1.0},{"not_picked":["Phantasmal Killer","Flying Knee"],"picked":"Bane","floor":2.0},{"not_picked":["Dodge and Roll","Concentrate","Predator"],"picked":"SKIP","floor":4.0},{"not_picked":["Dagger Throw","Sucker Punch"],"picked":"PiercingWail","floor":5.0},{"not_picked":["Predator","Finisher"],"picked":"Dagger Spray","floor":8.0},{"not_picked":["Footwork","Flechettes"],"picked":"Escape Plan","floor":10.0},{"not_picked":["Tactician","Quick Slash"],"picked":"Calculated Gamble","floor":12.0},{"not_picked":["Burst","Dagger Spray","Deflect"],"picked":"SKIP","floor":14.0},{"not_picked":["Unload","Malaise"],"picked":"Adrenaline","floor":16.0},{"not_picked":["Dash+1","Deflect"],"picked":"Slice+1","floor":18.0},{"not_picked":["Acrobatics","Setup"],"picked":"Outmaneuver+1","floor":19.0},{"not_picked":["Predator","Backstab"],"picked":"Acrobatics","floor":22.0},{"not_picked":["Distraction","Setup","Unload"],"picked":"SKIP","floor":24.0},{"not_picked":["Cloak And Dagger","Deadly Poison","Setup","Distraction"],"picked":"SKIP","floor":29},{"not_picked":["Cloak And Dagger","Deadly Poison","Setup","Distraction"],"picked":"SKIP","floor":29},{"not_picked":["Dagger Throw","Deadly Poison+1","Dash"],"picked":"Prepared","floor":31}],"player_experience":178853,"relics_obtained":[{"floor":8.0,"key":"Pocketwatch"},{"floor":9.0,"key":"Mercury Hourglass"},{"floor":12.0,"key":"Odd Mushroom"},{"floor":14.0,"key":"Oddly Smooth Stone"},{"floor":24.0,"key":"Pear"},{"floor":26,"key":"Question Card"},{"floor":29,"key":"Regal Pillow"}],"event_choices":[{"damage_healed":0.0,"max_hp_gain":0.0,"max_hp_loss":0.0,"gold_gain":0.0,"event_name":"Liars Game","player_choice":"Ignored","floor":3.0,"gold_loss":0.0,"damage_taken":0.0},{"damage_healed":0.0,"max_hp_gain":0.0,"max_hp_loss":0.0,"gold_gain":0.0,"event_name":"Shining Light","player_choice":"Ignored","floor":7.0,"gold_loss":0.0,"damage_taken":0.0},{"damage_healed":0.0,"max_hp_gain":0.0,"max_hp_loss":0.0,"gold_gain":0.0,"event_name":"Mushrooms","player_choice":"Fought Mushrooms","floor":12.0,"gold_loss":0.0,"damage_taken":0.0},{"damage_healed":0.0,"max_hp_gain":0.0,"max_hp_loss":0.0,"gold_gain":0.0,"event_name":"Ghosts","player_choice":"Ignored","floor":21.0,"gold_loss":0.0,"damage_taken":0.0},{"damage_healed":0,"gold_gain":0,"player_choice":"Ignored","damage_taken":0,"max_hp_gain":0,"max_hp_loss":0,"event_name":"The Mausoleum","floor":25,"gold_loss":0},{"damage_healed":0,"gold_gain":0,"player_choice":"Shed Blood","damage_taken":19,"max_hp_gain":5,"max_hp_loss":0,"event_name":"Forgotten Altar","floor":27,"gold_loss":0}],"is_beta":false,"boss_relics":[{"not_picked":["Cursed Key","Snecko Eye"],"picked":"HoveringKite"}],"items_purged_floors":[],"is_endless":false,"potions_floor_spawned":[2,4,12,14,16,19,24,29,31],"killed_by":"Collector","ascension_level":14}}