{"host":"iywctd57wjay9zw1","time":1610631717,"event":{"mods":["AlwaysNeverKeys","BaseMod","Colored Map","Googly Eyes","Minty Spire (QoL Compilation)","StSLib"],"gold_per_floor":[114,114,114,13,88,122,122,134,188,204,27,45,45,61,61,157,157,175,45,57,72,104,138,138,138,191,205,205,205,220,220,220,220,220],"floor_reached":33,"language":"ENG","playtime":1658,"items_purged":["Regret"],"score":340,"play_id":"bd08fa56-70bb-4b11-bb6e-d66a92cb18b1","local_time":"20210114064157","is_ascension_mode":false,"campfire_choices":[{"data":"CutThroughFate","floor":7,"key":"SMITH"},{"data":"PathToVictory","floor":13,"key":"SMITH"},{"data":"PathToVictory","floor":15,"key":"SMITH"},{"data":"Collect","floor":24,"key":"SMITH"},{"floor":28,"key":"REST"},{"data":"PathToVictory","floor":32,"key":"SMITH"}],"circlet_count":0,"master_deck":["Strike_P","Strike_P","Strike_P","Strike_P","Defend_P","Defend_P","Defend_P","Defend_P","Eruption+1","Vigilance","CutThroughFate+1","PathToVictory+1","PathToVictory+1","FollowUp","PathToVictory+1","FearNoEvil","Judgement","Consecrate+1","Collect+1","Evaluate","SandsOfTime","Decay","Wireheading+1"],"relics":["PureWater","NeowsBlessing","Smiling Mask","Potion Belt","Toy Ornithopter","Membership Card","Philosopher\u0027s Stone","TeardropLocket","Red Mask","Vajra","Lantern"],"acts_visited":["Exordium","TheCity"],"potions_floor_usage":[16,18,18,21,23,27],"damage_taken":[{"damage":0,"enemies":"2 Louse","floor":1,"turns":1},{"damage":0,"enemies":"3 Sentries","floor":6,"turns":1},{"damage":0,"enemies":"Jaw Worm","floor":8,"turns":1},{"damage":0,"enemies":"Small Slimes","floor":10,"turns":2},{"damage":2,"enemies":"2 Fungi Beasts","floor":12,"turns":3},{"damage":0,"enemies":"Large Slime","floor":14,"turns":2},{"damage":0,"enemies":"The Guardian","floor":16,"turns":5},{"damage":7,"enemies":"2 Thieves","floor":18,"turns":3},{"damage":2,"enemies":"Chosen","floor":20,"turns":3},{"damage":7,"enemies":"Centurion and Healer","floor":21,"turns":5},{"damage":0,"enemies":"Masked Bandits","floor":22,"turns":2},{"damage":7,"enemies":"Gremlin Leader","floor":23,"turns":5},{"damage":20,"enemies":"Shelled Parasite and Fungi","floor":27,"turns":3},{"damage":8,"enemies":"Snake Plant","floor":30,"turns":2},{"damage":88,"enemies":"Collector","floor":33,"turns":5}],"seed_played":"-9212497769773934751","potions_obtained":[{"floor":1,"key":"Ambrosia"},{"floor":10,"key":"Block Potion"},{"floor":16,"key":"Fire Potion"},{"floor":18,"key":"BlessingOfTheForge"},{"floor":21,"key":"PowerPotion"},{"floor":27,"key":"Ancient Potion"},{"floor":30,"key":"Strength Potion"}],"is_trial":false,"path_per_floor":["M","?","?","$","?","E","R","M","T","M","$","M","R","M","R","B",null,"M","$","M","M","?","E","R","?","T","M","R","?","M","?","R","B"],"character_chosen":"WATCHER","items_purchased":["ColorlessPotion","Membership Card","BlessingOfTheForge","TeardropLocket"],"campfire_rested":1,"item_purchase_floors":[4,11,11,19],"current_hp_per_floor":[72,72,72,72,61,61,61,61,61,61,61,59,59,59,59,64,72,70,70,68,65,65,63,63,63,63,48,69,69,61,61,61,0,0],"gold":220,"neow_bonus":"THREE_ENEMY_KILL","is_daily":false,"chose_seed":false,"campfire_upgraded":5,"win_rate":0.0,"timestamp":1610631717,"path_taken":["M","?","?","$","?","E","R","M","T","M","?","M","R","M","R","BOSS","M","$","M","M","?","E","R","?","T","M","R","?","M","?","R","BOSS"],"items_purchased_type":["Potion","Relic","Potion","Relic"],"build_version":"2020-12-22","purchased_purges":1,"victory":false,"max_hp_per_floor":[72,72,72,72,72,72,72,72,72,72,72,72,72,72,72,72,72,72,72,72,72,72,72,72,72,72,72,72,72,72,72,72,72,72],"card_choices":[{"not_picked":["ThirdEye","CarveReality"],"picked":"CutThroughFate","floor":1},{"not_picked":["SashWhip","Worship"],"picked":"PathToVictory","floor":6},{"not_picked":["EmptyMind","MasterReality"],"picked":"PathToVictory","floor":8},{"not_picked":["CarveReality","ThirdEye"],"picked":"FollowUp","floor":10},{"not_picked":["Protect","CutThroughFate"],"picked":"PathToVictory","floor":12},{"not_picked":["FlurryOfBlows","Prostrate"],"picked":"FearNoEvil","floor":14},{"not_picked":["Vault","Blasphemy"],"picked":"Judgement","floor":16},{"not_picked":["WheelKick","CrushJoints"],"picked":"Consecrate+1","floor":18},{"not_picked":["Nirvana+1","FlurryOfBlows+1","CrushJoints"],"picked":"SKIP","floor":20},{"not_picked":["Wireheading","CutThroughFate"],"picked":"Collect","floor":21},{"not_picked":["FlurryOfBlows+1","EmptyBody"],"picked":"Evaluate","floor":22},{"not_picked":["ThirdEye","ClearTheMind","CrushJoints+1"],"picked":"SKIP","floor":23},{"not_picked":["Crescendo","SignatureMove+1","CutThroughFate"],"picked":"SKIP","floor":27},{"not_picked":["ThirdEye","CutThroughFate"],"picked":"Wireheading+1","floor":30}],"player_experience":405356,"relics_obtained":[{"floor":6,"key":"Potion Belt"},{"floor":9,"key":"Toy Ornithopter"},{"floor":22,"key":"Red Mask"},{"floor":23,"key":"Vajra"},{"floor":26,"key":"Lantern"}],"event_choices":[{"damage_healed":0,"gold_gain":0,"player_choice":"Box","damage_taken":0,"relics_obtained":["Smiling Mask"],"max_hp_gain":0,"max_hp_loss":0,"event_name":"Big Fish","floor":2,"gold_loss":0,"cards_obtained":["Regret"]},{"damage_healed":0,"gold_gain":0,"player_choice":"Grow","damage_taken":0,"max_hp_gain":0,"max_hp_loss":0,"event_name":"Living Wall","floor":3,"gold_loss":0,"cards_upgraded":["Eruption"]},{"damage_healed":0,"gold_gain":75,"player_choice":"Gather Gold","damage_taken":11,"max_hp_gain":0,"max_hp_loss":0,"event_name":"World of Goop","floor":5,"gold_loss":0},{"damage_healed":0,"gold_gain":0,"player_choice":"Fought Bandits","damage_taken":0,"max_hp_gain":0,"max_hp_loss":0,"event_name":"Masked Bandits","floor":22,"gold_loss":0},{"damage_healed":0,"gold_gain":0,"player_choice":"Read","damage_taken":0,"max_hp_gain":0,"max_hp_loss":0,"event_name":"The Library","floor":25,"gold_loss":0,"cards_obtained":["SandsOfTime"]},{"damage_healed":0,"gold_gain":0,"player_choice":"Smashed Altar","damage_taken":0,"max_hp_gain":0,"max_hp_loss":0,"event_name":"Forgotten Altar","floor":29,"gold_loss":0,"cards_obtained":["Decay"]},{"damage_healed":0,"gold_gain":0,"player_choice":"Ignored","damage_taken":0,"max_hp_gain":0,"max_hp_loss":0,"event_name":"Ghosts","floor":31,"gold_loss":0}],"is_beta":false,"boss_relics":[{"not_picked":["Tiny House","Pandora\u0027s Box"],"picked":"Philosopher\u0027s Stone"}],"items_purged_floors":[4],"is_endless":false,"potions_floor_spawned":[1,10,16,18,21,27,30],"killed_by":"Collector","ascension_level":0}}