{"host":"cf32014d19ld5mat","time":1610643286,"event":{"mods":["AchievementEnabler","BaseMod","Block Reminder","Minty Spire (QoL Compilation)","Random Character Button","Relic Stats","StSLib"],"gold_per_floor":[115,125,125,142,74,74,108,108,133,83,118,43,75,87,99,111,111],"floor_reached":16,"language":"ENG","playtime":458,"items_purged":["Strike_P"],"score":174,"play_id":"3548cbb6-0bfe-45eb-9c01-1a84f2ea0118","local_time":"20210114165446","is_ascension_mode":true,"campfire_choices":[{"data":"Eruption","floor":6.0,"key":"SMITH"},{"data":"FlurryOfBlows","floor":8.0,"key":"SMITH"},{"floor":15,"key":"REST"}],"circlet_count":0,"master_deck":["AscendersBane","Strike_P","Strike_P","Strike_P","Defend_P","Defend_P","Defend_P","Eruption+1","Vigilance","Adaptation","FlurryOfBlows+1","FearNoEvil","Omniscience"],"relics":["PureWater","NeowsBlessing","Bag of Marbles","Regal Pillow","Lantern","Bronze Scales","MawBank"],"acts_visited":["Exordium"],"potions_floor_usage":[13],"damage_taken":[{"damage":0.0,"enemies":"Cultist","floor":1.0,"turns":1.0},{"damage":0.0,"enemies":"2 Louse","floor":2.0,"turns":1.0},{"damage":0.0,"enemies":"Small Slimes","floor":4.0,"turns":1.0},{"damage":32.0,"enemies":"3 Sentries","floor":7.0,"turns":7.0},{"damage":12.0,"enemies":"Lagavulin","floor":11.0,"turns":4.0},{"damage":17,"enemies":"3 Sentries","floor":13,"turns":5},{"damage":54,"enemies":"The Guardian","floor":16,"turns":7}],"seed_played":"-8048353812137921917","potions_obtained":[{"floor":1.0,"key":"LiquidBronze"},{"floor":11.0,"key":"DuplicationPotion"}],"is_trial":false,"path_per_floor":["M","M","?","M","$","R","E","R","T","?","E","$","E","$","R","B"],"character_chosen":"WATCHER","items_purchased":["FearNoEvil"],"campfire_rested":1,"item_purchase_floors":[5],"current_hp_per_floor":[65,65,65,65,65,65,33,33,33,33,21,21,4,4,40,0,0],"gold":111,"neow_bonus":"THREE_ENEMY_KILL","is_daily":false,"chose_seed":false,"campfire_upgraded":2,"win_rate":0.0,"timestamp":1610643286,"path_taken":["M","?","?","?","?","R","E","R","T","?","E","$","E","$","R","BOSS"],"items_purchased_type":["Card"],"build_version":"2020-12-22","purchased_purges":1,"victory":false,"max_hp_per_floor":[72,72,72,72,72,72,72,72,72,72,72,72,72,72,72,72,72],"relic_stats":{"Regal Pillow":15,"counters":[7,26],"Bronze Scales":[33],"MawBank":36,"obtain_stats":[{"Regal Pillow":7,"Lantern":9,"NeowsBlessing":0,"Bronze Scales":11,"Bag of Marbles":3,"PureWater":0,"MawBank":13},{"Regal Pillow":4,"Lantern":4,"NeowsBlessing":0,"Bronze Scales":5,"Bag of Marbles":2,"PureWater":0,"MawBank":6},{"Regal Pillow":10,"Lantern":10,"NeowsBlessing":0,"Bronze Scales":14,"Bag of Marbles":2,"PureWater":0,"MawBank":19}]},"card_choices":[{"not_picked":["EmptyMind","EmptyBody"],"picked":"Adaptation","floor":1.0},{"not_picked":["JustLucky","BowlingBash","WaveOfTheHand"],"picked":"SKIP","floor":2.0},{"not_picked":["Protect","CrushJoints"],"picked":"FlurryOfBlows","floor":4.0},{"not_picked":["Collect","InnerPeace","Worship"],"picked":"SKIP","floor":7.0},{"not_picked":["FlyingSleeves","EmptyFist"],"picked":"Omniscience","floor":11.0},{"not_picked":["DeceiveReality","CutThroughFate","JustLucky"],"picked":"SKIP","floor":13}],"player_experience":970140,"relics_obtained":[{"floor":7.0,"key":"Regal Pillow"},{"floor":9.0,"key":"Lantern"},{"floor":11.0,"key":"Bronze Scales"},{"floor":13,"key":"MawBank"}],"event_choices":[{"damage_healed":0.0,"max_hp_gain":0.0,"max_hp_loss":0.0,"gold_gain":0.0,"event_name":"WeMeetAgain","player_choice":"Gave Potion","floor":3.0,"gold_loss":0.0,"damage_taken":0.0,"relics_obtained":["Bag of Marbles"]},{"cards_removed":["Defend_P"],"damage_healed":0.0,"max_hp_gain":0.0,"max_hp_loss":0.0,"gold_gain":0.0,"event_name":"The Cleric","player_choice":"Card Removal","floor":10.0,"gold_loss":50.0,"damage_taken":0.0}],"is_beta":false,"boss_relics":[],"items_purged_floors":[12],"is_endless":false,"potions_floor_spawned":[1,11],"killed_by":"The Guardian","ascension_level":10}}