{"host":"1a3cjta80tad0aqj","time":1610616556,"event":{"mods":["2.2 Compatiblity","AchievementEnabler","BaseMod","Colored Map","KOR Keyword Fix","Keyboard Shortcuts","Minty Spire (QoL Compilation)","Permanent Neow","Quick Restart","SuperFastMode"],"gold_per_floor":[116,135,135,85,10,10,40,53,53,53,63,76,111,111,111,211,211,211,211],"floor_reached":18,"language":"KOR","playtime":542,"items_purged":["Defend_P"],"score":195,"play_id":"ccf0449c-888e-4073-bc8c-72e19813a78c","local_time":"20210114182916","is_ascension_mode":false,"campfire_choices":[{"data":"Eruption","floor":6.0,"key":"SMITH"},{"data":"Judgement","floor":10.0,"key":"SMITH"},{"data":"Vault","floor":15.0,"key":"SMITH"}],"circlet_count":0,"master_deck":["Strike_P","Strike_P","Strike_P","Strike_P","Defend_P","Defend_P","Eruption+1","Vigilance","Judgement+1","EmptyBody","Halt","Crescendo","FlurryOfBlows","BowlingBash","Vault+1","Meditate","DevaForm"],"relics":["HolyWater","Orichalcum","Akabeko","Gremlin Horn","Toy Ornithopter"],"acts_visited":["Exordium","TheCity"],"potions_floor_usage":[],"damage_taken":[{"damage":1.0,"enemies":"Jaw Worm","floor":1.0,"turns":3.0},{"damage":0.0,"enemies":"Small Slimes","floor":2.0,"turns":2.0},{"damage":6.0,"enemies":"Lagavulin","floor":7.0,"turns":4.0},{"damage":0.0,"enemies":"2 Louse","floor":8.0,"turns":1.0},{"damage":0.0,"enemies":"2 Fungi Beasts","floor":11.0,"turns":2.0},{"damage":0.0,"enemies":"Lots of Slimes","floor":12.0,"turns":2.0},{"damage":0.0,"enemies":"3 Sentries","floor":13.0,"turns":2.0},{"damage":57,"enemies":"The Guardian","floor":16,"turns":11},{"damage":0,"enemies":"3 Byrds","floor":18,"turns":1}],"seed_played":"-8910597568882894729","potions_obtained":[{"floor":2.0,"key":"PowerPotion"},{"floor":8.0,"key":"DuplicationPotion"},{"floor":11.0,"key":"Ancient Potion"},{"floor":13.0,"key":"StancePotion"}],"is_trial":false,"path_per_floor":["M","M","?","?","$","R","E","M","T","R","M","M","E","?","R","B",null,"M"],"character_chosen":"WATCHER","items_purchased":[],"campfire_rested":0,"item_purchase_floors":[],"current_hp_per_floor":[71,71,68,68,68,68,62,62,62,62,62,62,62,62,62,5,72,72,72],"gold":211,"neow_bonus":"ONE_RANDOM_RARE_CARD","is_daily":false,"chose_seed":false,"campfire_upgraded":3,"win_rate":0.0,"timestamp":1610616556,"path_taken":["M","M","?","?","?","R","E","M","T","R","M","M","E","?","R","BOSS","M"],"items_purchased_type":[],"build_version":"2020-12-22","purchased_purges":1,"victory":false,"max_hp_per_floor":[72,72,72,72,72,72,72,72,72,72,72,72,72,72,72,72,72,72,72],"card_choices":[{"not_picked":["PathToVictory","Nirvana"],"picked":"EmptyBody","floor":1.0},{"not_picked":["Evaluate","EmptyBody"],"picked":"Halt","floor":2.0},{"not_picked":["EmptyBody","CrushJoints"],"picked":"Crescendo","floor":7.0},{"not_picked":["Weave","CrushJoints"],"picked":"FlurryOfBlows","floor":8.0},{"not_picked":["FollowUp","CrushJoints"],"picked":"BowlingBash","floor":11.0},{"not_picked":["JustLucky","CrushJoints"],"picked":"Vault","floor":12.0},{"not_picked":["Fasting2","WheelKick"],"picked":"Meditate","floor":13.0},{"not_picked":["Wish","ConjureBlade"],"picked":"DevaForm","floor":16}],"player_experience":167479,"relics_obtained":[{"floor":7.0,"key":"Akabeko"},{"floor":9.0,"key":"Gremlin Horn"},{"floor":13.0,"key":"Toy Ornithopter"}],"event_choices":[{"damage_healed":0.0,"max_hp_gain":0.0,"max_hp_loss":0.0,"gold_gain":0.0,"event_name":"Scrap Ooze","player_choice":"Success","floor":3.0,"gold_loss":0.0,"damage_taken":3.0,"relics_obtained":["Orichalcum"]},{"cards_removed":["Defend_P"],"damage_healed":0.0,"max_hp_gain":0.0,"max_hp_loss":0.0,"gold_gain":0.0,"event_name":"The Cleric","player_choice":"Card Removal","floor":4.0,"gold_loss":50.0,"damage_taken":0.0},{"damage_healed":0.0,"max_hp_gain":0.0,"max_hp_loss":0.0,"gold_gain":0.0,"event_name":"Liars Game","player_choice":"Ignored","floor":14.0,"gold_loss":0.0,"damage_taken":0.0}],"is_beta":false,"boss_relics":[{"not_picked":["Ectoplasm","Velvet Choker"],"picked":"HolyWater"}],"items_purged_floors":[5],"is_endless":false,"potions_floor_spawned":[2,8,11,13],"killed_by":"3 Byrds","ascension_level":0}}