{"host":"359hz4210ybch7ku","time":1610595108,"event":{"mods":["BaseMod","Block Reminder","Colored Map","Colored Powertips","Highlight Path","Minty Spire (QoL Compilation)","Slay the Relics Exporter","StSLib"],"gold_per_floor":[109,119,134,145,158,492,492,535,589,231,231,231,231,231,231,352,352,375,290,313,336,42,42,80,80,80,80,13,34,74,74,74,74,74],"floor_reached":33,"language":"ENG","playtime":1645,"items_purged":["Defend_G","Strike_G"],"score":350,"play_id":"0dc6acd1-c2bd-47e7-801f-00b419a1138f","local_time":"20210113193148","is_ascension_mode":true,"campfire_choices":[{"data":"Terror","floor":12,"key":"SMITH"},{"floor":15,"key":"REST"},{"data":"A Thousand Cuts","floor":23,"key":"SMITH"},{"data":"Dodge and Roll","floor":25,"key":"SMITH"},{"data":"Panache","floor":27,"key":"SMITH"},{"data":"RitualDagger","floor":32,"key":"SMITH"}],"circlet_count":0,"master_deck":["Strike_G","Strike_G+1","Strike_G","Defend_G","Defend_G+1","Defend_G","Defend_G+1","Survivor","Neutralize","Crippling Poison","Acrobatics","Dodge and Roll+1","Poisoned Stab+1","Terror+1","PiercingWail","Noxious Fumes","A Thousand Cuts+1","CurseOfTheBell","Prepared","Tactician","Panache+1","Infinite Blades","Reflex","Endless Agony","RitualDagger+1"],"relics":["Ring of the Snake","NeowsBlessing","Old Coin","Golden Idol","War Paint","Boot","Bag of Preparation","Mummified Hand","Calling Bell","Lantern","Darkstone Periapt","Pocketwatch","Vajra","Potion Belt","Gremlin Horn","Mercury Hourglass"],"acts_visited":["Exordium","TheCity"],"potions_floor_usage":[6,8,18,33,33],"damage_taken":[{"damage":0,"enemies":"Cultist","floor":1,"turns":1},{"damage":0,"enemies":"Small Slimes","floor":2,"turns":1},{"damage":0,"enemies":"Jaw Worm","floor":3,"turns":1},{"damage":6,"enemies":"3 Louse","floor":4,"turns":3},{"damage":2,"enemies":"Looter","floor":5,"turns":4},{"damage":8,"enemies":"3 Sentries","floor":6,"turns":9},{"damage":15,"enemies":"Lagavulin","floor":8,"turns":7},{"damage":10,"enemies":"The Guardian","floor":16,"turns":10},{"damage":0,"enemies":"3 Byrds","floor":18,"turns":3},{"damage":13,"enemies":"2 Thieves","floor":20,"turns":4},{"damage":15,"enemies":"Snake Plant","floor":21,"turns":4},{"damage":0,"enemies":"Gremlin Leader","floor":24,"turns":4},{"damage":2,"enemies":"3 Cultists","floor":29,"turns":3},{"damage":7,"enemies":"Book of Stabbing","floor":30,"turns":5},{"damage":25,"enemies":"Collector","floor":33,"turns":5}],"seed_played":"3727727671390350466","potions_obtained":[{"floor":1,"key":"AttackPotion"},{"floor":2,"key":"Ancient Potion"},{"floor":4,"key":"Strength Potion"},{"floor":20,"key":"SkillPotion"},{"floor":29,"key":"EssenceOfSteel"}],"is_trial":false,"path_per_floor":["M","M","M","M","M","E","?","E","T","$","?","R","?","?","R","B",null,"M","?","M","M","$","R","E","R","T","R","$","M","E","?","R","B"],"character_chosen":"THE_SILENT","items_purchased":["Bag of Preparation","Noxious Fumes","Explosive Potion","Panache","Infinite Blades"],"campfire_rested":1,"item_purchase_floors":[10,10,10,22,28],"current_hp_per_floor":[70,70,70,64,62,54,54,39,39,39,32,32,19,16,35,25,65,65,65,52,37,37,37,37,37,37,37,37,35,28,22,22,0,0],"gold":74,"neow_bonus":"THREE_ENEMY_KILL","is_daily":false,"chose_seed":false,"campfire_upgraded":5,"win_rate":0.0,"timestamp":1610595108,"path_taken":["M","M","?","M","?","E","?","E","T","$","?","R","?","?","R","BOSS","M","?","M","M","$","R","E","R","T","R","$","M","E","?","R","BOSS"],"items_purchased_type":["Relic","Card","Potion","Card","Card"],"build_version":"2020-12-22","purchased_purges":2,"victory":false,"max_hp_per_floor":[70,70,70,70,70,70,65,65,65,65,65,65,65,65,65,65,65,65,65,65,65,65,65,65,65,65,65,65,65,65,65,65,65,65],"card_choices":[{"not_picked":["Backstab","Endless Agony"],"picked":"Crippling Poison","floor":1},{"not_picked":["Underhanded Strike","Dagger Throw"],"picked":"Acrobatics","floor":2},{"not_picked":["Dagger Throw","Prepared","Backflip"],"picked":"SKIP","floor":3},{"not_picked":["Cloak And Dagger","Underhanded Strike"],"picked":"Dodge and Roll","floor":4},{"not_picked":["Slice","Dagger Throw"],"picked":"Poisoned Stab","floor":5},{"not_picked":["Riddle With Holes","Flying Knee"],"picked":"Terror","floor":6},{"not_picked":["Cloak And Dagger","Dodge and Roll"],"picked":"PiercingWail","floor":8},{"not_picked":["Bullet Time","Glass Knife"],"picked":"A Thousand Cuts","floor":16},{"not_picked":["Cloak And Dagger","Dash"],"picked":"Prepared","floor":18},{"not_picked":["Underhanded Strike+1","Distraction","Slice+1"],"picked":"SKIP","floor":20},{"not_picked":["Accuracy","Blade Dance+1"],"picked":"Tactician","floor":21},{"not_picked":["Dodge and Roll","Quick Slash","Phantasmal Killer"],"picked":"SKIP","floor":24},{"not_picked":["Deflect","Sucker Punch"],"picked":"Reflex","floor":29},{"not_picked":["All Out Attack","Poisoned Stab+1"],"picked":"Endless Agony","floor":30}],"player_experience":198811,"relics_obtained":[{"floor":6,"key":"Old Coin"},{"floor":8,"key":"War Paint"},{"floor":9,"key":"Boot"},{"floor":17,"key":"Lantern"},{"floor":17,"key":"Darkstone Periapt"},{"floor":17,"key":"Pocketwatch"},{"floor":24,"key":"Potion Belt"},{"floor":26,"key":"Gremlin Horn"},{"floor":30,"key":"Mercury Hourglass"}],"event_choices":[{"damage_healed":0,"gold_gain":0,"player_choice":"Lose Max HP","damage_taken":0,"relics_obtained":["Golden Idol"],"max_hp_gain":0,"max_hp_loss":5,"event_name":"Golden Idol","floor":7,"gold_loss":0},{"cards_removed":["Strike_G"],"damage_healed":0,"gold_gain":0,"player_choice":"Card Removal","damage_taken":7,"max_hp_gain":0,"max_hp_loss":0,"event_name":"Golden Wing","floor":11,"gold_loss":0},{"damage_healed":0,"gold_gain":0,"player_choice":"Entered Light","damage_taken":13,"max_hp_gain":0,"max_hp_loss":0,"event_name":"Shining Light","floor":13,"gold_loss":0,"cards_upgraded":["Strike_G","Poisoned Stab"]},{"damage_healed":0,"gold_gain":0,"player_choice":"Success","damage_taken":3,"relics_obtained":["Mummified Hand"],"max_hp_gain":0,"max_hp_loss":0,"event_name":"Scrap Ooze","floor":14,"gold_loss":0},{"damage_healed":0,"gold_gain":0,"player_choice":"Obtained Relic","damage_taken":0,"relics_obtained":["Vajra"],"max_hp_gain":0,"max_hp_loss":0,"event_name":"Addict","floor":19,"gold_loss":85},{"damage_healed":0,"gold_gain":0,"player_choice":"Joined the Cult","damage_taken":6,"max_hp_gain":0,"max_hp_loss":0,"event_name":"Nest","floor":31,"gold_loss":0,"cards_obtained":["RitualDagger"]}],"is_beta":false,"boss_relics":[{"not_picked":["Velvet Choker","Runic Dome"],"picked":"Calling Bell"}],"items_purged_floors":[10,22],"is_endless":false,"potions_floor_spawned":[1,2,4,20,29],"killed_by":"Collector","ascension_level":2}}