{"host":"vlqejv0notyktumz","time":1610614337,"event":{"mods":["AchievementEnabler","BaseMod","Googly Eyes","Minty Spire (QoL Compilation)"],"gold_per_floor":[119,119,131,131,56,84,84,84,134,177,203,233,256,325,337,445,457,482,407,12,30,41,41,54,64,118,118,146,161,86,99,99,195,245,265,175,188,203,78,78,104,104,176,176,190,190,205,0,0,0],"floor_reached":51,"language":"ENG","playtime":1456,"items_purged":["Strike_R","Strike_R","Strike_R"],"score":902,"play_id":"61e6f41f-95d4-40f7-8f3a-e959c06ca0c6","local_time":"20210114025217","is_ascension_mode":true,"campfire_choices":[{"data":"Double Tap","floor":8,"key":"SMITH"},{"floor":15,"key":"REST"},{"data":"Barricade","floor":23,"key":"SMITH"},{"data":"Impervious","floor":27,"key":"SMITH"},{"data":"Shrug It Off","floor":32,"key":"SMITH"},{"data":"Limit Break","floor":40,"key":"SMITH"},{"data":"Metallicize","floor":44,"key":"SMITH"},{"data":"Body Slam","floor":46,"key":"SMITH"},{"floor":49,"key":"REST"}],"circlet_count":0,"master_deck":["Strike_R","Defend_R","Defend_R","Defend_R","Bash","Double Tap+1","Cleave+1","Flex","Twin Strike+1","Impervious+1","Disarm","Spot Weakness+1","Barricade+1","Heavy Blade","Shrug It Off+1","Entrench+1","Body Slam+1","Metallicize+1","Limit Break+1","Iron Wave+1","Warcry+1"],"relics":["Burning Blood","Darkstone Periapt","MawBank","HornCleat","Sozu","Happy Flower","Sling","Red Skull","Akabeko","Ornamental Fan","Tiny House","Mercury Hourglass","Kunai","Red Mask"],"acts_visited":["Exordium","TheCity","TheBeyond"],"potions_floor_usage":[10,13],"damage_taken":[{"damage":9,"enemies":"2 Louse","floor":1,"turns":4},{"damage":12,"enemies":"Jaw Worm","floor":3,"turns":2},{"damage":29,"enemies":"3 Sentries","floor":6,"turns":8},{"damage":35,"enemies":"Lagavulin","floor":10,"turns":6},{"damage":0,"enemies":"Cultist","floor":11,"turns":2},{"damage":10,"enemies":"Blue Slaver","floor":12,"turns":5},{"damage":0,"enemies":"Gremlin Gang","floor":13,"turns":1},{"damage":30,"enemies":"Slime Boss","floor":16,"turns":8},{"damage":14,"enemies":"Shell Parasite","floor":18,"turns":4},{"damage":1,"enemies":"3 Byrds","floor":21,"turns":5},{"damage":8,"enemies":"Shelled Parasite and Fungi","floor":22,"turns":5},{"damage":12,"enemies":"Cultist and Chosen","floor":24,"turns":5},{"damage":1,"enemies":"Centurion and Healer","floor":25,"turns":7},{"damage":9,"enemies":"Book of Stabbing","floor":28,"turns":5},{"damage":0,"enemies":"Snake Plant","floor":29,"turns":2},{"damage":25,"enemies":"3 Cultists","floor":31,"turns":6},{"damage":27,"enemies":"Collector","floor":33,"turns":11},{"damage":0,"enemies":"3 Shapes","floor":35,"turns":8},{"damage":0,"enemies":"Orb Walker","floor":37,"turns":5},{"damage":5,"enemies":"Maw","floor":38,"turns":7},{"damage":8,"enemies":"Giant Head","floor":41,"turns":7},{"damage":14,"enemies":"Sphere and 2 Shapes","floor":45,"turns":6},{"damage":36,"enemies":"Writhing Mass","floor":47,"turns":7},{"damage":39,"enemies":"Time Eater","floor":50,"turns":10}],"seed_played":"-242045304503517995","potions_obtained":[{"floor":6,"key":"PowerPotion"},{"floor":10,"key":"Explosive Potion"}],"is_trial":false,"path_per_floor":["M","?","M","?","$","E","?","R","T","E","M","M","M","?","R","B",null,"M","?","$","M","M","R","M","M","T","R","E","M","?","M","R","B",null,"M","?","M","M","$","R","E","?","T","R","M","R","M","?","R","B",null],"character_chosen":"IRONCLAD","items_purchased":["Sling","Red Skull"],"campfire_rested":2,"item_purchase_floors":[20,20],"current_hp_per_floor":[77,77,71,71,71,48,48,48,48,19,25,21,27,27,51,27,80,72,72,72,77,75,75,69,74,74,74,71,77,77,58,58,37,85,85,85,85,85,85,85,83,81,81,81,73,73,43,43,67,34],"gold":0,"neow_bonus":"ONE_RANDOM_RARE_CARD","is_daily":false,"chose_seed":false,"campfire_upgraded":7,"win_rate":0.0,"timestamp":1610614337,"path_taken":["M","?","M","?","$","E","?","R","T","E","?","M","M","?","R","BOSS","M","?","$","M","?","R","M","M","T","R","E","M","?","M","R","BOSS","M","?","?","M","$","R","E","?","T","R","M","R","M","?","R","BOSS"],"items_purchased_type":["Relic","Relic"],"build_version":"2020-12-22","purchased_purges":3,"victory":true,"max_hp_per_floor":[80,80,80,80,80,80,80,80,80,80,80,80,80,80,80,80,80,80,80,80,80,80,80,80,80,80,80,80,80,80,80,80,80,85,85,85,85,85,85,85,85,81,81,81,81,81,81,81,81,81],"card_choices":[{"not_picked":["Clash","Dropkick"],"picked":"Cleave","floor":1},{"not_picked":["Cleave","True Grit"],"picked":"Flex","floor":3},{"not_picked":["Body Slam","Anger"],"picked":"Twin Strike","floor":6},{"not_picked":["Infernal Blade","Rampage"],"picked":"Impervious","floor":10},{"not_picked":["Warcry","Headbutt"],"picked":"Disarm","floor":11},{"not_picked":["Flex","Clothesline","Havoc"],"picked":"SKIP","floor":12},{"not_picked":["Warcry","Infernal Blade"],"picked":"Spot Weakness","floor":13},{"not_picked":["Immolate","Double Tap"],"picked":"Barricade","floor":16},{"not_picked":["Cleave","Body Slam"],"picked":"Heavy Blade","floor":18},{"not_picked":["Warcry","Evolve","Perfected Strike"],"picked":"SKIP","floor":21},{"not_picked":["Sever Soul","Flex"],"picked":"Shrug It Off","floor":22},{"not_picked":["Twin Strike","Headbutt+1","Infernal Blade"],"picked":"SKIP","floor":24},{"not_picked":["Bloodletting","Twin Strike"],"picked":"Entrench+1","floor":25},{"not_picked":["Battle Trance","Evolve"],"picked":"Body Slam","floor":28},{"not_picked":["Bludgeon","Iron Wave"],"picked":"Metallicize","floor":29},{"not_picked":["Twin Strike+1","Headbutt","Sword Boomerang"],"picked":"SKIP","floor":31},{"not_picked":["Barricade","Feed"],"picked":"Limit Break","floor":33},{"not_picked":["Flex","Wild Strike","Combust+1"],"picked":"SKIP","floor":35},{"not_picked":["Perfected Strike+1","Armaments","Rupture"],"picked":"SKIP","floor":37},{"not_picked":["True Grit","Dropkick+1","Iron Wave+1"],"picked":"SKIP","floor":38},{"not_picked":["True Grit","Dropkick+1"],"picked":"Iron Wave+1","floor":38},{"not_picked":["Headbutt","Dual Wield","Flex+1"],"picked":"SKIP","floor":41},{"not_picked":["Bloodletting","Cleave"],"picked":"Warcry+1","floor":45},{"not_picked":["Body Slam","Flex+1","Clash"],"picked":"SKIP","floor":47}],"player_experience":340901,"relics_obtained":[{"floor":6,"key":"Darkstone Periapt"},{"floor":9,"key":"MawBank"},{"floor":10,"key":"HornCleat"},{"floor":26,"key":"Akabeko"},{"floor":28,"key":"Ornamental Fan"},{"floor":41,"key":"Mercury Hourglass"},{"floor":43,"key":"Kunai"}],"event_choices":[{"damage_healed":0,"gold_gain":0,"player_choice":"Grow","damage_taken":0,"max_hp_gain":0,"max_hp_loss":0,"event_name":"Living Wall","floor":2,"gold_loss":0,"cards_upgraded":["Cleave"]},{"damage_healed":0,"gold_gain":0,"player_choice":"Ignored","damage_taken":0,"max_hp_gain":0,"max_hp_loss":0,"event_name":"Liars Game","floor":4,"gold_loss":0},{"damage_healed":0,"gold_gain":0,"player_choice":"0 cards matched","damage_taken":0,"max_hp_gain":0,"max_hp_loss":0,"event_name":"Match and Keep!","floor":7,"gold_loss":0,"cards_obtained":[]},{"damage_healed":0,"gold_gain":57,"player_choice":"Gained Gold","damage_taken":0,"max_hp_gain":0,"max_hp_loss":0,"event_name":"Golden Wing","floor":14,"gold_loss":0},{"damage_healed":0,"gold_gain":0,"player_choice":"Paid Gold","damage_taken":0,"relics_obtained":["Happy Flower"],"max_hp_gain":0,"max_hp_loss":0,"event_name":"WeMeetAgain","floor":19,"gold_loss":87},{"cards_removed":["Defend_R"],"damage_healed":0,"gold_gain":0,"player_choice":"Gave Gold","damage_taken":0,"max_hp_gain":0,"max_hp_loss":0,"event_name":"Beggar","floor":30,"gold_loss":75},{"cards_removed":["Strike_R"],"damage_healed":0,"gold_gain":0,"player_choice":"Upgrade and Remove","damage_taken":0,"max_hp_gain":0,"max_hp_loss":0,"event_name":"Designer","floor":36,"gold_loss":90,"cards_upgraded":["Twin Strike"]},{"damage_healed":0,"gold_gain":0,"player_choice":"Max HP","damage_taken":0,"max_hp_gain":0,"max_hp_loss":4,"event_name":"Winding Halls","floor":42,"gold_loss":0},{"damage_healed":0,"gold_gain":0,"player_choice":"Paid","damage_taken":0,"relics_obtained":["Red Mask"],"max_hp_gain":0,"max_hp_loss":0,"event_name":"Tomb of Lord Red Mask","floor":48,"gold_loss":205}],"is_beta":false,"boss_relics":[{"not_picked":["Fusion Hammer","Ectoplasm"],"picked":"Sozu"},{"not_picked":["Cursed Key","Astrolabe"],"picked":"Tiny House"}],"items_purged_floors":[5,20,39],"is_endless":false,"potions_floor_spawned":[6,10,22,25,29,31,33,37,47],"ascension_level":2}}