{"host":"ow66nzv2xecjoor3","time":1610597823,"event":{"mods":["BaseMod","Bestiary","Block Reminder","Colored Powertips","Curses Come First","Highlight Path","Keyboard Shortcuts","Minty Spire (QoL Compilation)","Permanent Neow","Relic Stats","StSLib","UnlockEverythingMod"],"gold_per_floor":[111,131,141,159,31,31,62,72,72,89,116,116,116,116,116,193,193,203,221,0,0,17,17,36,36,36,36,53,80,6,21,21,100,100,115,133,458,510,525,552,571,596,596,596,608,181,208,208,208,208,208,208,208,44,77,77],"floor_reached":57,"language":"ENG","playtime":5838,"items_purged":["Defend_P","Strike_P","Decay"],"score":2973,"play_id":"0d10a98b-1a70-4b6f-8dc6-9198766f6e69","local_time":"20210113221703","is_ascension_mode":true,"campfire_choices":[{"data":"Eruption","floor":6.0,"key":"SMITH"},{"data":"WaveOfTheHand","floor":15.0,"key":"SMITH"},{"data":"Tantrum","floor":23.0,"key":"SMITH"},{"floor":25.0,"key":"REST"},{"data":"Omniscience","floor":32.0,"key":"SMITH"},{"floor":49.0,"key":"RECALL"},{"data":"Strike_P","floor":53.0,"key":"PURGE"}],"circlet_count":0,"master_deck":["AscendersBane","Strike_P","Eruption+1","Vigilance","TalkToTheHand","BowlingBash","TalkToTheHand","WaveOfTheHand+1","CutThroughFate","TalkToTheHand","FlyingSleeves","Omniscience+1","EmptyFist","ClearTheMind","Tantrum+1","Adaptation","Protect+1","LikeWater","InnerPeace","DeceiveReality","ClearTheMind","Scrawl","InnerPeace+1","Vault","Sanctity+1","Omniscience","EmptyMind","Fasting2","Establishment","InnerPeace","Sadistic Nature","Tantrum+1"],"relics":["Cursed Key","Eternal Feather","TeardropLocket","VioletLotus","MealTicket","Unceasing Top","Empty Cage","Old Coin","Incense Burner","Darkstone Periapt","Bottled Tornado","Peace Pipe","DollysMirror","Nunchaku"],"acts_visited":["Exordium","TheCity","TheBeyond","TheEnding"],"potions_floor_usage":[55,56],"damage_taken":[{"damage":0.0,"enemies":"2 Louse","floor":1.0,"turns":4.0},{"damage":0.0,"enemies":"Jaw Worm","floor":2.0,"turns":3.0},{"damage":0.0,"enemies":"Small Slimes","floor":3.0,"turns":2.0},{"damage":0.0,"enemies":"3 Louse","floor":4.0,"turns":3.0},{"damage":5.0,"enemies":"3 Sentries","floor":7.0,"turns":5.0},{"damage":2.0,"enemies":"Large Slime","floor":8.0,"turns":5.0},{"damage":0.0,"enemies":"2 Fungi Beasts","floor":10.0,"turns":2.0},{"damage":0.0,"enemies":"Gremlin Nob","floor":11.0,"turns":2.0},{"damage":15.0,"enemies":"Hexaghost","floor":16.0,"turns":9.0},{"damage":9.0,"enemies":"Spheric Guardian","floor":18.0,"turns":6.0},{"damage":9.0,"enemies":"2 Thieves","floor":19.0,"turns":2.0},{"damage":12.0,"enemies":"Snake Plant","floor":22.0,"turns":5.0},{"damage":37.0,"enemies":"Sentry and Sphere","floor":24.0,"turns":6.0},{"damage":0.0,"enemies":"Shelled Parasite and Fungi","floor":28.0,"turns":3.0},{"damage":8.0,"enemies":"Gremlin Leader","floor":29.0,"turns":4.0},{"damage":19.0,"enemies":"Snake Plant","floor":31.0,"turns":5.0},{"damage":21.0,"enemies":"Champ","floor":33.0,"turns":8.0},{"damage":8.0,"enemies":"3 Shapes","floor":35.0,"turns":9.0},{"damage":0.0,"enemies":"3 Darklings","floor":36.0,"turns":6.0},{"damage":0.0,"enemies":"Mind Bloom Boss Battle","floor":37.0,"turns":5.0},{"damage":5.0,"enemies":"2 Orb Walkers","floor":38.0,"turns":6.0},{"damage":0.0,"enemies":"Sphere and 2 Shapes","floor":39.0,"turns":3.0},{"damage":0.0,"enemies":"Nemesis","floor":40.0,"turns":6.0},{"damage":0.0,"enemies":"Jaw Worm Horde","floor":41.0,"turns":7.0},{"damage":0.0,"enemies":"Giant Head","floor":42.0,"turns":3.0},{"damage":0.0,"enemies":"Maw","floor":45.0,"turns":9.0},{"damage":0.0,"enemies":"Nemesis","floor":47.0,"turns":6.0},{"damage":8.0,"enemies":"Awakened One","floor":50.0,"turns":13.0},{"damage":4.0,"enemies":"Time Eater","floor":51.0,"turns":5.0},{"damage":0,"enemies":"Shield and Spear","floor":55,"turns":5},{"damage":59,"enemies":"The Heart","floor":56,"turns":8}],"seed_played":"-6849236405924510527","potions_obtained":[{"floor":3.0,"key":"Explosive Potion"},{"floor":8.0,"key":"BottledMiracle"},{"floor":16.0,"key":"Swift Potion"},{"floor":18.0,"key":"SkillPotion"},{"floor":28.0,"key":"Energy Potion"},{"floor":29.0,"key":"StancePotion"},{"floor":37.0,"key":"Energy Potion"},{"floor":40.0,"key":"GamblersBrew"},{"floor":41.0,"key":"SneckoOil"},{"floor":42.0,"key":"ColorlessPotion"},{"floor":45.0,"key":"SteroidPotion"}],"is_trial":false,"path_per_floor":["M","M","M","M","$","R","E","M","T","M","E","?","?","?","R","B",null,"M","M","$","?","M","R","M","R","T","?","M","E","$","M","R","B",null,"M","M","?","?","M","E","M","E","T","?","M","$","E","?","R","B","B",null,"R","$","E","B",null],"character_chosen":"WATCHER","items_purchased":["Strength Potion","Tantrum","Adaptation","Scrawl","InnerPeace","Ancient Potion","Sadistic Nature","DollysMirror"],"campfire_rested":1,"item_purchase_floors":[5,20,20,30,46,46,46,54],"current_hp_per_floor":[61,61,61,61,61,61,56,54,54,54,54,59,59,52,61,46,66,57,48,48,48,36,48,11,44,44,44,44,36,51,32,47,26,61,53,53,53,48,48,48,48,48,54,54,54,69,69,69,79,71,67,76,79,79,79,20],"gold":77,"neow_bonus":"BOSS_RELIC","is_daily":false,"chose_seed":false,"campfire_upgraded":4,"win_rate":0.0,"timestamp":1610597823,"path_taken":["M","M","M","M","$","R","E","M","T","M","E","?","?","?","R","BOSS","M","M","$","?","M","R","M","R","T","?","M","E","?","M","R","BOSS","M","M","?","?","M","E","M","E","T","?","M","$","E","?","R","BOSS","BOSS","R","$","E","BOSS"],"items_purchased_type":["Potion","Card","Card","Card","Card","Potion","Card","Relic"],"build_version":"2020-12-22","purchased_purges":3,"victory":true,"max_hp_per_floor":[68,68,68,68,68,68,68,68,68,68,68,73,73,73,73,73,73,73,73,73,73,73,73,73,73,73,73,73,73,73,73,73,73,73,73,73,73,73,73,73,73,73,79,79,79,79,79,79,79,79,79,79,79,79,79,79],"relic_stats":{"Darkstone Periapt":6,"Peace Pipe":1,"Nunchaku":[3],"counters":[31,165],"Eternal Feather":61,"MealTicket":30,"VioletLotus":[144],"Cursed Key":1,"obtain_stats":[{"Darkstone Periapt":40,"Eternal Feather":7,"Incense Burner":38,"TeardropLocket":11,"Bottled Tornado":42,"Cursed Key":0,"Empty Cage":34,"Old Coin":37,"Peace Pipe":47,"Nunchaku":55,"DollysMirror":54,"MealTicket":21,"VioletLotus":17,"PureWater":0,"Unceasing Top":29},{"Darkstone Periapt":23,"Eternal Feather":5,"Incense Burner":21,"TeardropLocket":8,"Bottled Tornado":25,"Cursed Key":0,"Empty Cage":17,"Old Coin":20,"Peace Pipe":27,"Nunchaku":30,"DollysMirror":29,"MealTicket":11,"VioletLotus":9,"PureWater":0,"Unceasing Top":15},{"Darkstone Periapt":109,"Eternal Feather":17,"Incense Burner":100,"TeardropLocket":26,"Bottled Tornado":119,"Cursed Key":0,"Empty Cage":74,"Old Coin":94,"Peace Pipe":134,"Nunchaku":157,"DollysMirror":152,"MealTicket":43,"VioletLotus":35,"PureWater":0,"Unceasing Top":61}],"Unceasing Top":[1]},"card_choices":[{"not_picked":["Prostrate","InnerPeace"],"picked":"TalkToTheHand","floor":1.0},{"not_picked":["JustLucky","Halt"],"picked":"BowlingBash","floor":2.0},{"not_picked":["JustLucky","MentalFortress"],"picked":"TalkToTheHand","floor":3.0},{"not_picked":["Pray","Halt"],"picked":"WaveOfTheHand","floor":4.0},{"not_picked":["Crescendo","Consecrate"],"picked":"CutThroughFate","floor":7.0},{"not_picked":["Consecrate","CrushJoints"],"picked":"TalkToTheHand","floor":8.0},{"not_picked":["Collect","Ragnarok"],"picked":"FlyingSleeves","floor":10.0},{"not_picked":["PathToVictory","BowlingBash","WindmillStrike"],"picked":"SKIP","floor":11.0},{"not_picked":["Ragnarok","DevaForm"],"picked":"Omniscience","floor":16.0},{"not_picked":["Evaluate","WindmillStrike"],"picked":"EmptyFist","floor":18.0},{"not_picked":["SashWhip","CutThroughFate"],"picked":"ClearTheMind","floor":19.0},{"not_picked":["BattleHymn","JustLucky"],"picked":"Protect+1","floor":22.0},{"not_picked":["Prostrate","Protect"],"picked":"CutThroughFate","floor":24.0},{"not_picked":["WreathOfFlame","PathToVictory"],"picked":"DeceiveReality","floor":28.0},{"not_picked":["EmptyBody","Sanctity"],"picked":"ClearTheMind","floor":29.0},{"not_picked":["Evaluate+1","BowlingBash"],"picked":"InnerPeace+1","floor":31.0},{"not_picked":["Blasphemy","Devotion"],"picked":"Vault","floor":33.0},{"not_picked":["Prostrate","CrushJoints","FlyingSleeves"],"picked":"SKIP","floor":35.0},{"not_picked":["ThirdEye","CutThroughFate"],"picked":"Sanctity+1","floor":36.0},{"not_picked":["Swivel+1","BowlingBash"],"picked":"Omniscience","floor":38.0},{"not_picked":["PathToVictory","EmptyFist"],"picked":"EmptyMind","floor":39.0},{"not_picked":["Indignation","Meditate","Protect"],"picked":"SKIP","floor":40.0},{"not_picked":["ThirdEye","EmptyBody"],"picked":"Fasting2","floor":41.0},{"not_picked":["Wallop","CutThroughFate"],"picked":"Establishment","floor":42.0},{"not_picked":["FollowUp+1","Prostrate","Nirvana+1"],"picked":"SKIP","floor":45.0},{"not_picked":["Pray+1","BowlingBash","WindmillStrike"],"picked":"SKIP","floor":47.0},{"not_picked":["Halt","WindmillStrike+1","Meditate"],"picked":"SKIP","floor":55}],"player_experience":2701902,"relics_obtained":[{"floor":7.0,"key":"Eternal Feather"},{"floor":11.0,"key":"TeardropLocket"},{"floor":29.0,"key":"Unceasing Top"},{"floor":37.0,"key":"Old Coin"},{"floor":38.0,"key":"Incense Burner"},{"floor":40.0,"key":"Darkstone Periapt"},{"floor":42.0,"key":"Bottled Tornado"},{"floor":47.0,"key":"Peace Pipe"},{"floor":55,"key":"Nunchaku"}],"event_choices":[{"damage_healed":0.0,"max_hp_gain":5.0,"max_hp_loss":0.0,"gold_gain":0.0,"event_name":"Big Fish","player_choice":"Donut","floor":12.0,"gold_loss":0.0,"damage_taken":0.0},{"damage_healed":0.0,"max_hp_gain":0.0,"max_hp_loss":0.0,"gold_gain":0.0,"event_name":"Liars Game","player_choice":"Ignored","floor":13.0,"gold_loss":0.0,"damage_taken":0.0},{"cards_removed":["Defend_P"],"damage_healed":0.0,"max_hp_gain":0.0,"max_hp_loss":0.0,"gold_gain":0.0,"event_name":"Golden Wing","player_choice":"Card Removal","floor":14.0,"gold_loss":0.0,"damage_taken":7.0},{"damage_healed":0.0,"max_hp_gain":0.0,"max_hp_loss":0.0,"gold_gain":0.0,"event_name":"Addict","player_choice":"Stole Relic","floor":21.0,"gold_loss":0.0,"damage_taken":0.0,"relics_obtained":["MealTicket"],"cards_obtained":["Shame"]},{"damage_healed":0.0,"max_hp_gain":0.0,"max_hp_loss":0.0,"gold_gain":0.0,"cards_transformed":["Defend_P","Defend_P"],"event_name":"Drug Dealer","player_choice":"Became Test Subject","floor":27.0,"gold_loss":0.0,"damage_taken":0.0,"cards_obtained":["LikeWater","InnerPeace"]},{"damage_healed":0.0,"max_hp_gain":0.0,"max_hp_loss":0.0,"gold_gain":0.0,"event_name":"MindBloom","player_choice":"Fight","floor":37.0,"gold_loss":0.0,"damage_taken":0.0},{"damage_healed":0.0,"max_hp_gain":0.0,"max_hp_loss":0.0,"gold_gain":0.0,"event_name":"Mysterious Sphere","player_choice":"Fight","floor":38.0,"gold_loss":0.0,"damage_taken":0.0},{"cards_removed":["CutThroughFate"],"damage_healed":0.0,"max_hp_gain":0.0,"max_hp_loss":0.0,"gold_gain":0.0,"event_name":"Falling","player_choice":"Removed Attack","floor":44.0,"gold_loss":0.0,"damage_taken":0.0},{"damage_healed":0.0,"max_hp_gain":0.0,"max_hp_loss":0.0,"gold_gain":0.0,"event_name":"Match and Keep!","player_choice":"0 cards matched","floor":48.0,"gold_loss":0.0,"damage_taken":0.0,"cards_obtained":[]}],"is_beta":false,"boss_relics":[{"not_picked":["SlaversCollar","Runic Pyramid"],"picked":"VioletLotus"},{"not_picked":["Runic Dome","Fusion Hammer"],"picked":"Empty Cage"}],"items_purged_floors":[5,20,46],"is_endless":false,"potions_floor_spawned":[3,8,16,18,28,29,37,40,41,42,45,47],"ascension_level":20}}