{"host":"y3h3n3f7seyagppx","time":1610640566,"event":{"mods":["AlwaysNeverKeys","BaseMod","Better Vampires","Colored Powertips","DeckTracker","Emptier Cage","Minty Spire (QoL Compilation)","Permanent Neow","Quick Restart","Rare Cards Sparkle","Relic Sorter","Relic Stats","StSLib","Transform Curses"],"gold_per_floor":[165,165,176,141,156,186,205,205,205,205,236,236,253,279,279,354,354,371,371,31,46,46,46,74,74,99,99,115,150,162,174,174,248,248,266,276,31,50,66,66,99,116,143,176,231,231,256,290,290,290,290,290,290,215,257,257,257],"floor_reached":56,"language":"ENG","playtime":5876,"items_purged":["Strike_R"],"score":2295,"play_id":"460aaaa4-3662-47a1-86e2-50fbe79ac768","local_time":"20210114110926","is_ascension_mode":true,"campfire_choices":[{"data":"Carnage","floor":8.0,"key":"SMITH"},{"data":"Uppercut","floor":12.0,"key":"SMITH"},{"data":"Metallicize","floor":15.0,"key":"SMITH"},{"data":"Shrug It Off","floor":23.0,"key":"SMITH"},{"data":"Demon Form","floor":25.0,"key":"SMITH"},{"floor":32.0,"key":"REST"},{"data":"Body Slam","floor":40,"key":"SMITH"},{"floor":49,"key":"DIG"},{"floor":53,"key":"DIG"}],"circlet_count":0,"master_deck":["AscendersBane","Strike_R","Strike_R","Strike_R","Strike_R+1","Defend_R+1","Defend_R","Defend_R","Defend_R","Bash","Thunderclap+1","Shrug It Off+1","Metallicize+1","Uppercut+1","Carnage+1","Power Through","Fiend Fire+1","Shrug It Off","Ghostly","Ghostly","Ghostly","Demon Form+1","Ghostly","Battle Trance","Body Slam+1","Power Through","Sword Boomerang+1","Exhume","Feed","Battle Trance","Barricade","Warcry+1","Shockwave"],"relics":["Tiny House","Mercury Hourglass","Paper Frog","Toy Ornithopter","Ancient Tea Set","SlaversCollar","Lantern","Frozen Eye","Dream Catcher","Omamori","Dead Branch","Coffee Dripper","ClockworkSouvenir","Juzu Bracelet","Bag of Preparation","CeramicFish","Shovel","Red Skull","Turnip","PreservedInsect","Mummified Hand","Pen Nib"],"acts_visited":["Exordium","TheCity","TheBeyond","TheEnding"],"potions_floor_usage":[36,45,47,56],"damage_taken":[{"damage":4.0,"enemies":"2 Louse","floor":1.0,"turns":4.0},{"damage":2.0,"enemies":"Jaw Worm","floor":3.0,"turns":4.0},{"damage":0.0,"enemies":"Cultist","floor":5.0,"turns":3.0},{"damage":11.0,"enemies":"3 Sentries","floor":6.0,"turns":10.0},{"damage":7.0,"enemies":"Gremlin Gang","floor":7.0,"turns":4.0},{"damage":8.0,"enemies":"Gremlin Nob","floor":11.0,"turns":3.0},{"damage":9.0,"enemies":"Looter","floor":13.0,"turns":5.0},{"damage":3.0,"enemies":"Slime Boss","floor":16.0,"turns":8.0},{"damage":14.0,"enemies":"Spheric Guardian","floor":18.0,"turns":4.0},{"damage":10.0,"enemies":"Shell Parasite","floor":21.0,"turns":6.0},{"damage":1.0,"enemies":"Gremlin Leader","floor":24.0,"turns":6.0},{"damage":14.0,"enemies":"Snake Plant","floor":28.0,"turns":5.0},{"damage":3.0,"enemies":"Slavers","floor":29.0,"turns":6.0},{"damage":1.0,"enemies":"Snecko","floor":30.0,"turns":5.0},{"damage":11.0,"enemies":"Shelled Parasite and Fungi","floor":31.0,"turns":9.0},{"damage":16.0,"enemies":"Champ","floor":33.0,"turns":9.0},{"damage":0.0,"enemies":"3 Shapes","floor":35.0,"turns":3.0},{"damage":34,"enemies":"3 Darklings","floor":36,"turns":11},{"damage":1,"enemies":"4 Shapes","floor":38,"turns":7},{"damage":9,"enemies":"Jaw Worm Horde","floor":39,"turns":4},{"damage":1,"enemies":"Reptomancer","floor":41,"turns":4},{"damage":0,"enemies":"Spire Growth","floor":42,"turns":6},{"damage":0,"enemies":"Nemesis","floor":44,"turns":3},{"damage":0,"enemies":"2 Orb Walkers","floor":45,"turns":5},{"damage":0,"enemies":"Giant Head","floor":47,"turns":6},{"damage":0,"enemies":"Mind Bloom Boss Battle","floor":48,"turns":9},{"damage":1,"enemies":"Awakened One","floor":50,"turns":8},{"damage":13,"enemies":"Donu and Deca","floor":51,"turns":10},{"damage":0,"enemies":"Shield and Spear","floor":55,"turns":8},{"damage":58,"enemies":"The Heart","floor":56,"turns":8}],"seed_played":"-8524941569194132069","potions_obtained":[{"floor":0.0,"key":"Energy Potion"},{"floor":7.0,"key":"Regen Potion"},{"floor":11.0,"key":"Fruit Juice"},{"floor":13.0,"key":"Strength Potion"},{"floor":18.0,"key":"AttackPotion"},{"floor":24.0,"key":"SkillPotion"},{"floor":31.0,"key":"FearPotion"},{"floor":33.0,"key":"BloodPotion"},{"floor":35.0,"key":"Strength Potion"},{"floor":36,"key":"Fire Potion"},{"floor":45,"key":"Energy Potion"},{"floor":47,"key":"SkillPotion"}],"is_trial":false,"path_per_floor":["M","?","M","?","M","E","M","R","T","?","E","R","M","T","R","B",null,"M","?","$","M","?","R","E","R","T","?","M","E","M","M","R","B",null,"M","M","$","M","M","R","E","M","T","E","?","?","E","?","R","B","B",null,"R","$","E","B"],"character_chosen":"IRONCLAD","items_purchased":["Lantern","Frozen Eye","ClockworkSouvenir","Feed"],"campfire_rested":1,"item_purchase_floors":[20,20,37,37],"current_hp_per_floor":[69,45,43,63,63,52,45,45,45,71,63,63,73,73,73,75,79,65,65,65,55,40,40,40,40,40,40,26,28,27,16,28,22,39,39,19,19,21,12,12,14,14,14,14,19,29,37,37,37,36,26,49,49,49,49,0,0],"gold":257,"neow_bonus":"BOSS_RELIC","is_daily":false,"chose_seed":false,"campfire_upgraded":6,"win_rate":0.0,"timestamp":1610640566,"path_taken":["M","?","M","?","M","E","?","R","T","?","E","R","M","?","R","BOSS","M","?","$","?","?","R","E","R","T","?","M","E","?","M","R","BOSS","M","M","$","?","M","R","E","M","T","E","?","?","E","?","R","BOSS","BOSS","R","$","E","BOSS"],"items_purchased_type":["Relic","Relic","Relic","Card"],"build_version":"2020-12-22","purchased_purges":1,"victory":false,"max_hp_per_floor":[80,80,80,80,80,80,80,80,80,80,80,80,80,80,80,80,80,80,80,80,80,40,40,40,40,40,40,40,40,40,40,40,45,45,45,45,45,48,48,48,51,51,51,51,51,51,54,54,54,54,57,57,57,57,57,57,57],"relic_stats":{"counters":[30,180],"Dead Branch":[238],"CeramicFish":18,"PreservedInsect":77,"Pen Nib":[1],"Juzu Bracelet":0,"Bag of Preparation":[16],"Mercury Hourglass":[564],"Dream Catcher":1,"Shovel":2,"Mummified Hand":[11],"Turnip":[2],"obtain_stats":[{"Lantern":20,"Tiny House":0,"Dead Branch":29,"CeramicFish":44,"PreservedInsect":49,"Pen Nib":55,"Omamori":26,"Juzu Bracelet":41,"Bag of Preparation":43,"Ancient Tea Set":14,"Burning Blood":0,"Mercury Hourglass":6,"ClockworkSouvenir":37,"SlaversCollar":17,"Frozen Eye":20,"Dream Catcher":24,"Shovel":45,"Mummified Hand":53,"Turnip":48,"Coffee Dripper":34,"Toy Ornithopter":11,"Red Skull":47,"Paper Frog":9},{"Lantern":9,"Tiny House":0,"Dead Branch":13,"CeramicFish":23,"PreservedInsect":26,"Pen Nib":29,"Omamori":11,"Juzu Bracelet":21,"Bag of Preparation":22,"Ancient Tea Set":7,"Burning Blood":0,"Mercury Hourglass":4,"ClockworkSouvenir":18,"SlaversCollar":8,"Frozen Eye":9,"Dream Catcher":11,"Shovel":24,"Mummified Hand":28,"Turnip":26,"Coffee Dripper":16,"Toy Ornithopter":6,"Red Skull":25,"Paper Frog":5},{"Lantern":44,"Tiny House":0,"Dead Branch":67,"CeramicFish":127,"PreservedInsect":146,"Pen Nib":172,"Omamori":56,"Juzu Bracelet":118,"Bag of Preparation":124,"Ancient Tea Set":33,"Burning Blood":0,"Mercury Hourglass":21,"ClockworkSouvenir":104,"SlaversCollar":41,"Frozen Eye":44,"Dream Catcher":56,"Shovel":132,"Mummified Hand":164,"Turnip":146,"Coffee Dripper":90,"Toy Ornithopter":28,"Red Skull":138,"Paper Frog":25}],"Toy Ornithopter":41},"card_choices":[{"not_picked":["Warcry","Cleave"],"picked":"Thunderclap","floor":0.0},{"not_picked":["Infernal Blade","Second Wind"],"picked":"Shrug It Off","floor":1.0},{"not_picked":["Twin Strike","True Grit"],"picked":"Metallicize","floor":3.0},{"not_picked":["Dropkick","Second Wind"],"picked":"Uppercut","floor":5.0},{"not_picked":["Flame Barrier","Ghostly Armor"],"picked":"Carnage","floor":6.0},{"not_picked":["Sword Boomerang","Entrench","Thunderclap"],"picked":"SKIP","floor":7.0},{"not_picked":["Dual Wield","Shrug It Off"],"picked":"Power Through","floor":11.0},{"not_picked":["Warcry","Disarm","Sword Boomerang"],"picked":"SKIP","floor":13.0},{"not_picked":["Double Tap","Offering"],"picked":"Fiend Fire","floor":16.0},{"not_picked":["Dual Wield","Warcry"],"picked":"Shrug It Off","floor":18.0},{"not_picked":["Shrug It Off","Bloodletting","Clothesline"],"picked":"SKIP","floor":21.0},{"not_picked":["Shrug It Off","Bloodletting","Clothesline"],"picked":"SKIP","floor":21.0},{"not_picked":["Shrug It Off","Bloodletting","Clothesline"],"picked":"SKIP","floor":21.0},{"not_picked":["Shrug It Off","Bloodletting","Clothesline"],"picked":"SKIP","floor":21.0},{"not_picked":["Combust","Anger"],"picked":"Demon Form","floor":24.0},{"not_picked":["Heavy Blade","Cleave","Ghostly Armor"],"picked":"SKIP","floor":28.0},{"not_picked":["Havoc","Bloodletting"],"picked":"Battle Trance","floor":29.0},{"not_picked":["Shrug It Off","Metallicize"],"picked":"Body Slam","floor":30.0},{"not_picked":["Havoc","Armaments","Power Through"],"picked":"SKIP","floor":31.0},{"not_picked":["Havoc","Armaments"],"picked":"Power Through","floor":31.0},{"not_picked":["Havoc","True Grit"],"picked":"Sword Boomerang+1","floor":32.0},{"not_picked":["Brutality","Demon Form"],"picked":"Exhume","floor":33.0},{"not_picked":["Infernal Blade","Cleave","Anger+1"],"picked":"SKIP","floor":35.0},{"not_picked":["Twin Strike","Uppercut","Carnage+1"],"picked":"SKIP","floor":36},{"not_picked":["Dropkick","Flame Barrier"],"picked":"Battle Trance","floor":38},{"not_picked":["Bloodletting","Heavy Blade","Carnage+1"],"picked":"SKIP","floor":39},{"not_picked":["Cleave","Armaments","Iron Wave+1"],"picked":"SKIP","floor":41},{"not_picked":["Cleave","Wild Strike+1"],"picked":"Barricade","floor":42},{"not_picked":["Iron Wave","Dropkick","Perfected Strike"],"picked":"SKIP","floor":44},{"not_picked":["Shrug It Off","Pommel Strike","Seeing Red"],"picked":"SKIP","floor":47},{"not_picked":["Clothesline+1","Power Through+1"],"picked":"Warcry+1","floor":48},{"not_picked":["Body Slam","Wild Strike+1"],"picked":"Shockwave","floor":55}],"player_experience":20878621,"relics_obtained":[{"floor":6.0,"key":"Mercury Hourglass"},{"floor":9.0,"key":"Paper Frog"},{"floor":11.0,"key":"Toy Ornithopter"},{"floor":14.0,"key":"Ancient Tea Set"},{"floor":24.0,"key":"Dream Catcher"},{"floor":26.0,"key":"Omamori"},{"floor":29.0,"key":"Dead Branch"},{"floor":41,"key":"Juzu Bracelet"},{"floor":43,"key":"Bag of Preparation"},{"floor":44,"key":"CeramicFish"},{"floor":45,"key":"Shovel"},{"floor":47,"key":"Red Skull"},{"floor":48,"key":"Turnip"},{"floor":49,"key":"PreservedInsect"},{"floor":53,"key":"Mummified Hand"},{"floor":55,"key":"Pen Nib"}],"event_choices":[{"damage_healed":0.0,"max_hp_gain":0.0,"max_hp_loss":0.0,"gold_gain":0.0,"event_name":"Shining Light","player_choice":"Entered Light","floor":2.0,"gold_loss":0.0,"damage_taken":24.0,"cards_upgraded":["Defend_R","Thunderclap"]},{"damage_healed":20.0,"max_hp_gain":0.0,"max_hp_loss":0.0,"gold_gain":0.0,"event_name":"The Cleric","player_choice":"Healed","floor":4.0,"gold_loss":35.0,"damage_taken":0.0},{"damage_healed":26.0,"max_hp_gain":0.0,"max_hp_loss":0.0,"gold_gain":0.0,"event_name":"Big Fish","player_choice":"Banana","floor":10.0,"gold_loss":0.0,"damage_taken":0.0},{"damage_healed":0.0,"max_hp_gain":0.0,"max_hp_loss":0.0,"gold_gain":0.0,"event_name":"Upgrade Shrine","player_choice":"Upgraded","floor":19.0,"gold_loss":0.0,"damage_taken":0.0,"cards_upgraded":["Fiend Fire"]},{"damage_healed":0.0,"max_hp_gain":0.0,"max_hp_loss":40.0,"gold_gain":0.0,"event_name":"Ghosts","player_choice":"Became a Ghost","floor":22.0,"gold_loss":0.0,"damage_taken":0.0,"cards_obtained":["Ghostly","Ghostly","Ghostly"]},{"damage_healed":0.0,"max_hp_gain":0.0,"max_hp_loss":0.0,"gold_gain":0.0,"event_name":"Duplicator","player_choice":"Copied","floor":27.0,"gold_loss":0.0,"damage_taken":0.0,"cards_obtained":["Ghostly"]},{"damage_healed":0,"gold_gain":0,"player_choice":"Fight","damage_taken":0,"max_hp_gain":0,"max_hp_loss":0,"event_name":"Mysterious Sphere","floor":45,"gold_loss":0},{"damage_healed":10,"gold_gain":0,"player_choice":"Writhe","damage_taken":0,"max_hp_gain":0,"max_hp_loss":0,"event_name":"Winding Halls","floor":46,"gold_loss":0,"cards_obtained":["Writhe"]},{"damage_healed":0,"gold_gain":0,"player_choice":"Fight","damage_taken":0,"max_hp_gain":0,"max_hp_loss":0,"event_name":"MindBloom","floor":48,"gold_loss":0}],"is_beta":false,"boss_relics":[{"not_picked":["Pandora\u0027s Box","SacredBark"],"picked":"SlaversCollar"},{"not_picked":["Velvet Choker","Runic Cube"],"picked":"Coffee Dripper"}],"items_purged_floors":[54],"is_endless":false,"potions_floor_spawned":[7,11,13,18,24,31,33,35,36,45,47],"killed_by":"The Heart","ascension_level":20}}