{"host":"xu0zbcebhy6w9mdv","time":1610591045,"event":{"mods":["AchievementEnabler","Act Like it!","Aspiration","BaseMod","Better Match","Better Third Choice","BetterRewards","Colored Powertips","Downfall","Duelist Mod","Friendly Minions","Gensokyo","Hallownest","Hubris","Infinite Spire","Marisa????????","Minty Spire (QoL Compilation)","Potionbrewer","Quick Restart","READ ME - Guardian Mod","READ ME - Snecko Mod","Rare Cards Sparkle","Replay The Spire","Shop Mod","StSLib","The Animator","The Blackbeard","The Bug Knight","The Cursed","The Hierophant","The Necromancer","The Runesmith","The Servant 0.9.4"],"gold_per_floor":[144,163,183,183,183,211,211,229,229,264,277,277,277,294,294,368,368,383,383,401,421,14,41,41,41],"floor_reached":24,"language":"ENG","playtime":1230,"items_purged":["Pain"],"score":756,"play_id":"9eed4bce-fc7d-4f5b-b279-dc1916fe7146","local_time":"20210113212405","is_ascension_mode":true,"campfire_choices":[{"data":"theDuelist:DunamesDarkWitch","floor":7,"key":"SMITH"},{"floor":12,"key":"REST"},{"floor":15,"key":"REST"}],"circlet_count":0,"master_deck":["AscendersBane","theDuelist:CastleWalls","theDuelist:CastleWalls","theDuelist:DunamesDarkWitch+1","theDuelist:Eva","theDuelist:Hayate","theDuelist:RainbowFlower+1","theDuelist:RainbowKuribohBasic","theDuelist:RainbowNeos","theDuelist:Sparks","theDuelist:Sparks+1","theDuelist:FlyingSaucer","theDuelist:RainbowKuriboh","theDuelist:ClearKuriboh","theDuelist:KamionTimelord","theDuelist:ObeliskTormentor","theDuelist:StatueAnguishPattern"],"relics":["theDuelist:MillenniumPuzzle","theDuelist:CardPoolRelic","theDuelist:CardPoolBasicRelic","theDuelist:BoosterPackPoolRelic","theDuelist:CardPoolAddRelic","theDuelist:CardPoolMinusRelic","theDuelist:CardPoolSaveRelic","theDuelist:CardPoolOptionsRelic","aspiration:SeaSaltIceCream","Whetstone","Replay:Baseball","WarpedTongs","Charon\u0027s Ashes","potionbrewer:SlideRule","Incense Burner","aspiration:RitualStick","BargainBundle","theDuelist:DuelistOrichalcum"],"acts_visited":["Exordium","TheCity"],"potions_floor_usage":[14,16,16,23],"damage_taken":[{"damage":0,"enemies":"2 Louse","floor":1,"turns":3},{"damage":0,"enemies":"Cultist","floor":2,"turns":2},{"damage":0,"enemies":"Jaw Worm","floor":3,"turns":3},{"damage":3,"enemies":"HollowMod:MossKnight","floor":6,"turns":5},{"damage":2,"enemies":"Blue Slaver","floor":8,"turns":3},{"damage":17,"enemies":"3 Sentries","floor":10,"turns":4},{"damage":14,"enemies":"Large Slime","floor":11,"turns":3},{"damage":17,"enemies":"3 Louse","floor":14,"turns":2},{"damage":30,"enemies":"Hexaghost","floor":16,"turns":8},{"damage":0,"enemies":"Chosen","floor":18,"turns":2},{"damage":9,"enemies":"2 Thieves","floor":20,"turns":3},{"damage":28,"enemies":"Snecko","floor":21,"turns":4},{"damage":0,"enemies":"Gremlin Leader","floor":23,"turns":4},{"damage":7,"enemies":"Shelled Parasite and Fungi","floor":24,"turns":1}],"seed_played":"1856246900825447020","potions_obtained":[{"floor":6,"key":"theDuelist:StunPotion"},{"floor":10,"key":"theDuelist:TokenPotion"},{"floor":11,"key":"BloodPotion"},{"floor":14,"key":"potionbrewer:ToxicPotion"},{"floor":16,"key":"potionbrewer:MidasPotion"},{"floor":23,"key":"theDuelist:VampireVial"}],"is_trial":false,"path_per_floor":["M","M","M","$","?","E","R","M","T","E","M","R","?","M","R","B",null,"M","?","M","M","$","E","M"],"character_chosen":"THE_DUELIST","items_purchased":["aspiration:SeaSaltIceCream","theDuelist:FlyingSaucer","Replay:Baseball","BargainBundle","theDuelist:ObeliskTormentor","theDuelist:VampireVial","theDuelist:CoolBottle"],"campfire_rested":2,"item_purchase_floors":[0,0,0,22,22,22,22],"current_hp_per_floor":[63,63,63,63,63,60,60,58,58,41,27,48,48,45,66,36,62,62,44,35,7,7,7,0,0],"gold":41,"neow_bonus":"","is_daily":false,"chose_seed":false,"campfire_upgraded":1,"win_rate":0.0,"timestamp":1610591045,"path_taken":["M","M","M","$","?","E","R","M","T","E","?","R","?","M","R","BOSS","M","?","M","M","$","E","M"],"items_purchased_type":["Relic","Card","Relic","Relic","Card","Potion","Potion"],"build_version":"2020-12-22","purchased_purges":1,"victory":false,"max_hp_per_floor":[70,70,70,70,70,70,70,70,70,70,70,70,70,70,70,70,70,70,70,70,70,70,70,70,70],"card_choices":[{"not_picked":["theDuelist:FuryFire","theDuelist:DarkHole","theDuelist:WormKing","theDuelist:JamBreeding","theDuelist:DarkMirrorForce"],"picked":"SKIP","floor":1},{"not_picked":["theDuelist:PatricianDarkness","theDuelist:IslandTurtle","theDuelist:GoblinZombie","theDuelist:GraydleSlimeJr","theDuelist:WingedKuribohLv9"],"picked":"SKIP","floor":2},{"not_picked":["theDuelist:BlacklandFireDragon","theDuelist:CurseDragon","theDuelist:DunamesDarkWitch","theDuelist:MaleficRainbowDragon"],"picked":"theDuelist:RainbowKuriboh","floor":3},{"not_picked":["theDuelist:ZombieWarrior","theDuelist:AlphaMagnet","theDuelist:ArchfiendSoldier","theDuelist:SevenColoredFish","theDuelist:Biofalcon"],"picked":"SKIP","floor":6},{"not_picked":["theDuelist:CharcoalInpachi","theDuelist:SpiralSpearStrike+1","theDuelist:TyrantWing","theDuelist:Wiretap"],"picked":"theDuelist:ClearKuriboh","floor":8},{"not_picked":["theDuelist:AlphaMagnet","theDuelist:Eva","theDuelist:Kasha","theDuelist:KingYami","theDuelist:FluteSummoning"],"picked":"SKIP","floor":10},{"not_picked":["theDuelist:IronDraw","theDuelist:WanderingKing","theDuelist:Boneheimer","theDuelist:AmphibiousBugroth","theDuelist:FrillerRabca"],"picked":"SKIP","floor":11},{"not_picked":["theDuelist:GoblinZombie","theDuelist:VampireFraulein","theDuelist:Boneheimer","theDuelist:KingYami","theDuelist:AncientRules"],"picked":"SKIP","floor":14},{"not_picked":["theDuelist:RainbowFlower","theDuelist:RainbowNeos","theDuelist:HappyLover","theDuelist:IrisEarthMother"],"picked":"theDuelist:KamionTimelord","floor":16},{"not_picked":["theDuelist:BlacklandFireDragon+1","theDuelist:BabyDragon","theDuelist:CaveDragon","theDuelist:DunamesDarkWitch","theDuelist:RainbowOverdragon+1"],"picked":"SKIP","floor":18},{"not_picked":["theDuelist:Zombyra","theDuelist:Pumpking","theDuelist:Lajinn","theDuelist:SangaThunder","theDuelist:KingYami"],"picked":"SKIP","floor":20},{"not_picked":["theDuelist:CharcoalInpachi","theDuelist:ClearKuriboh+1","theDuelist:Cloning","theDuelist:FuryFire+1","theDuelist:Hinotama+1"],"picked":"SKIP","floor":21},{"not_picked":["theDuelist:Jinzo","theDuelist:WhiteHornDragon","theDuelist:RainbowRuins"],"picked":"theDuelist:StatueAnguishPattern","floor":23}],"player_experience":615085,"relics_obtained":[{"floor":6,"key":"Charon\u0027s Ashes"},{"floor":9,"key":"potionbrewer:SlideRule"},{"floor":10,"key":"Incense Burner"},{"floor":23,"key":"theDuelist:DuelistOrichalcum"}],"event_choices":[{"damage_healed":0,"gold_gain":0,"player_choice":"Rummage","damage_taken":0,"relics_obtained":["WarpedTongs"],"max_hp_gain":0,"max_hp_loss":0,"event_name":"Accursed Blacksmith","floor":5,"gold_loss":0,"cards_obtained":["Pain"]},{"damage_healed":0,"gold_gain":0,"player_choice":"Leave","duelist":true,"damage_taken":0,"max_hp_gain":0,"max_hp_loss":0,"event_name":"Tomb of the Nameless","floor":13,"gold_loss":0}],"is_beta":false,"boss_relics":[{"not_picked":["Honey Jar","Velvet Choker","hubris:CrackedHourglass"]}],"items_purged_floors":[22],"is_endless":false,"potions_floor_spawned":[6,10,11,14,16,21,23],"killed_by":"Shelled Parasite and Fungi","ascension_level":20}}