{"host":"l2dnabsh5e0fsksb","time":1610663769,"event":{"mods":["2.2 Compatiblity","BaseMod","Downfall","Minty Spire (QoL Compilation)","Quick Restart","StSLib"],"gold_per_floor":[99,99,99,99,99,125,125,225,242,242,262,200,50,63,73,73,73,73],"floor_reached":16,"language":"ENG","playtime":602,"items_purged":[],"score":197,"play_id":"f9659250-3688-42e2-8658-50914af532bb","local_time":"20210115090609","is_ascension_mode":true,"campfire_choices":[{"floor":1.0,"key":"RECALL"},{"data":"champ:PreciseThrust","floor":13.0,"key":"SMITH"}],"circlet_count":0,"master_deck":["AscendersBane","champ:Strike","champ:Strike","champ:Strike","champ:Strike","champ:Defend","champ:Defend","champ:Defend","champ:Defend","champ:Execute+1","champ:Taunt","champ:Backstep","champ:CrookedStrike","champ:FaceSlap","champ:SkillfulDodge","champ:RageSigil","champ:AdrenalArmor","champ:PreciseThrust+1","champ:FlashCut","champ:FocusedDefense"],"relics":["champ:ChampionCrown","downfall:HeartsMalice","downfall:BrokenWingStatue","Toy Ornithopter","Eternal Feather","Champion Belt","downfall:HeartBlessingBlue","downfall:HeartBlessingRed"],"acts_visited":["Exordium"],"potions_floor_usage":[16,16],"damage_taken":[{"damage":0.0,"enemies":"Small Slimes","floor":2.0,"turns":1.0},{"damage":0.0,"enemies":"Jaw Worm","floor":3.0,"turns":1.0},{"damage":0.0,"enemies":"Lagavulin","floor":6.0,"turns":1.0},{"damage":34.0,"enemies":"Lagavulin","floor":8.0,"turns":5.0},{"damage":6.0,"enemies":"2 Louse","floor":9.0,"turns":2.0},{"damage":20.0,"enemies":"Exordium Wildlife","floor":11.0,"turns":6.0},{"damage":2.0,"enemies":"downfall:FleeingMerchant","floor":12.0,"turns":4.0},{"damage":7.0,"enemies":"3 Louse","floor":14.0,"turns":4.0},{"damage":18.0,"enemies":"Large Slime","floor":15.0,"turns":7.0},{"damage":55,"enemies":"downfall:Watcher","floor":16,"turns":12}],"seed_played":"6968645344042157104","potions_obtained":[{"floor":8.0,"key":"Slimebound:ThreeZeroPotion"},{"floor":15.0,"key":"Swift Potion"}],"is_trial":false,"path_per_floor":["R","M","M","?","?","E","T","?","M","?","M","$","R","M","M","B"],"character_chosen":"THE_CHAMP","items_purchased":["champ:FlashCut"],"campfire_rested":0,"item_purchase_floors":[12],"current_hp_per_floor":[81,81,81,81,78,78,78,54,48,48,33,33,52,52,45,0,0,0],"gold":73,"neow_bonus":"THREE_ENEMY_KILL","is_daily":false,"chose_seed":false,"campfire_upgraded":1,"win_rate":0.0,"timestamp":1610663769,"path_taken":["R","M","M","?","?","E","T","?","M","?","M","?","R","M","M","BOSS"],"items_purchased_type":["Card"],"build_version":"2020-12-22","purchased_purges":0,"victory":false,"max_hp_per_floor":[90,90,90,90,90,90,90,90,90,90,90,90,100,100,100,100,100,100],"card_choices":[{"not_picked":["champ:DefensiveShout","champ:BladeFlurry"],"picked":"champ:Backstep","floor":2.0},{"not_picked":["champ:DancingMaster","champ:BladeFlurry"],"picked":"champ:CrookedStrike","floor":3.0},{"not_picked":["champ:RageSigil","champ:PerfectedStrike"],"picked":"champ:FaceSlap","floor":6.0},{"not_picked":["champ:HeartStrike","champ:BerserkersShout"],"picked":"champ:SkillfulDodge","floor":8.0},{"not_picked":["champ:Aggression","champ:FocusedBerserking"],"picked":"champ:RageSigil","floor":9.0},{"not_picked":["champ:GutPunch","champ:Backstep"],"picked":"champ:AdrenalArmor","floor":11.0},{"not_picked":["champ:RageSigil","champ:HeartStrike"],"picked":"champ:PreciseThrust","floor":12.0},{"not_picked":["champ:Haymaker","champ:GutPunch","champ:RageSigil"],"picked":"SKIP","floor":14.0},{"not_picked":["champ:FaceSlap","champ:HeartStrike"],"picked":"champ:FocusedDefense","floor":15.0}],"player_experience":1787777,"relics_obtained":[{"floor":6.0,"key":"Eternal Feather"},{"floor":8.0,"key":"Champion Belt"}],"event_choices":[{"damage_healed":0.0,"max_hp_gain":0.0,"max_hp_loss":0.0,"gold_gain":0.0,"event_name":"Scrap Ooze","player_choice":"Success","floor":5.0,"gold_loss":0.0,"damage_taken":3.0,"relics_obtained":["Toy Ornithopter"]},{"damage_healed":0.0,"max_hp_gain":0.0,"max_hp_loss":0.0,"gold_gain":0.0,"event_name":"Living Wall","player_choice":"Grow","floor":10.0,"gold_loss":0.0,"damage_taken":0.0,"cards_upgraded":["champ:Execute"]}],"is_beta":false,"boss_relics":[],"items_purged_floors":[],"is_endless":false,"potions_floor_spawned":[8,15],"killed_by":"downfall:Watcher","ascension_level":12}}