{"host":"7po9pgh86bqe2blc","time":1610629486,"event":{"mods":["BaseMod","Colored Map","Colored Powertips","Hermit","Hubris","Koishi","Minty Spire (QoL Compilation)","StSLib","The Cursed","The Disciple","The Hierophant","The Runesmith"],"gold_per_floor":[116,127,127,52,52,64,108,120,158,182,204,250,262,292,304,413,425,421,312,227,24,24,24,24],"floor_reached":23,"playtime":2339,"items_purged":["Defend_Br","Defend_Br","Strike_Br"],"score":207,"play_id":"4a73e4b8-7c32-4e77-95ea-94dbdfc9842d","local_time":"20210114140446","is_ascension_mode":true,"campfire_choices":[{"data":"Goo","floor":6.0,"key":"SMITH"},{"data":"ResonantCall","floor":8.0,"key":"SMITH"},{"data":"PatternShift","floor":13.0,"key":"SMITH"},{"floor":15.0,"key":"REST"}],"circlet_count":0,"master_deck":["Strike_Br","Strike_Br","Defend_Br","Defend_Br","SecondHand","PatternShift+1","Goo+10","ResonantCall+1","Analog","Flay","AlternateTimeline","BlueShift","LockedTurtyl"],"relics":["Chronograph","MawBank","hubris:BottledRain","PreservedInsect","Smiling Mask","Omamori","Orrery","hubris:BottledHeart"],"acts_visited":["Exordium","TheCity"],"potions_floor_usage":[16,16,23,23],"damage_taken":[{"damage":2.0,"enemies":"Small Slimes","floor":1.0,"turns":7.0},{"damage":0.0,"enemies":"Cultist","floor":2.0,"turns":5.0},{"damage":20.0,"enemies":"Lagavulin","floor":7.0,"turns":8.0},{"damage":0.0,"enemies":"2 Louse","floor":10.0,"turns":3.0},{"damage":2.0,"enemies":"2 Fungi Beasts","floor":11.0,"turns":4.0},{"damage":24.0,"enemies":"3 Sentries","floor":12.0,"turns":10.0},{"damage":11.0,"enemies":"Exordium Wildlife","floor":14.0,"turns":5.0},{"damage":9,"enemies":"Hexaghost","floor":16,"turns":10},{"damage":0,"enemies":"2 Thieves","floor":18,"turns":4},{"damage":4,"enemies":"Book of Stabbing","floor":23,"turns":7}],"seed_played":"-6941800267645691298","potions_obtained":[{"floor":10.0,"key":"Weak Potion"},{"floor":14.0,"key":"WardPotion"},{"floor":16,"key":"BlessingOfTheForge"},{"floor":18,"key":"Strength Potion"}],"is_trial":false,"path_per_floor":["M","M","?","$","T","R","E","R","T","M","M","E","R","M","R","B",null,"M","$","?","$","?","E"],"character_chosen":"CHRONO_CLASS","items_purchased":["AlternateTimeline","BlueShift","Orrery"],"campfire_rested":1,"item_purchase_floors":[19,19,21],"current_hp_per_floor":[63,63,63,63,63,63,43,43,43,43,41,17,17,6,25,16,65,65,65,65,65,1,0,0],"gold":24,"neow_bonus":"TRANSFORM_CARD","is_daily":false,"chose_seed":false,"campfire_upgraded":3,"win_rate":0.0,"timestamp":1610629486,"path_taken":["M","M","?","$","?","R","E","R","T","M","M","E","R","M","R","BOSS","M","$","?","$","?","E"],"items_purchased_type":["Card","Card","Relic"],"build_version":"2020-12-13","purchased_purges":3,"victory":false,"max_hp_per_floor":[65,65,65,65,65,65,65,65,65,65,65,65,65,65,65,65,65,65,65,65,65,1,1,1],"card_choices":[{"not_picked":["Parity","LockedMedicine"],"picked":"Goo","floor":1.0},{"not_picked":["LockedAnchor","Parity","WindUp"],"picked":"SKIP","floor":2.0},{"not_picked":["ReapSow","LockedMedicine","Chronoelasticity"],"picked":"SKIP","floor":7.0},{"not_picked":["DaylightSavings","LockedWhetstone"],"picked":"Analog","floor":10.0},{"not_picked":["LockedMedicine","Backlash","SlimeSpray"],"picked":"SKIP","floor":11.0},{"not_picked":["HandsUpC","Facsimile","Engulf"],"picked":"SKIP","floor":12.0},{"not_picked":["TiringSlam","PrimeTime","BlueShift"],"picked":"SKIP","floor":14.0},{"not_picked":["OracleForm","Chronoelasticity"],"picked":"Flay","floor":16},{"not_picked":["HandsUpB","CrunchTime","LockedUrn+1"],"picked":"SKIP","floor":18},{"not_picked":["VestedLegacy+1","LockedScales"],"picked":"LockedTurtyl","floor":21}],"player_experience":372527,"relics_obtained":[{"floor":5.0,"key":"MawBank"},{"floor":7.0,"key":"hubris:BottledRain"},{"floor":9.0,"key":"PreservedInsect"},{"floor":12.0,"key":"Smiling Mask"}],"event_choices":[{"damage_healed":0.0,"max_hp_gain":0.0,"max_hp_loss":0.0,"gold_gain":0.0,"cards_transformed":["LockedMedicine"],"event_name":"Transmorgrifier","player_choice":"Transformed","floor":3.0,"gold_loss":0.0,"damage_taken":0.0,"cards_obtained":["ResonantCall"]},{"damage_healed":0,"gold_gain":0,"player_choice":"Obtained Relic","damage_taken":0,"relics_obtained":["Omamori"],"max_hp_gain":0,"max_hp_loss":0,"event_name":"Addict","floor":20,"gold_loss":85}],"is_beta":false,"boss_relics":[{"not_picked":["hubris:GrandSneckoEye","Cursed Key"],"picked":"Chronograph"}],"items_purged_floors":[4,19,21],"is_endless":false,"potions_floor_spawned":[10,14,16,18],"killed_by":"Book of Stabbing","ascension_level":1}}