{"host":"vlqejv0notyktumz","time":1610612862,"event":{"mods":["AchievementEnabler","BaseMod","Googly Eyes","Minty Spire (QoL Compilation)"],"gold_per_floor":[119,138,63,63,63,97,97,16,16,16,16,31,31,56,56,156,156,169,69,69,79,79,79,94,94,140,140,140,160,187,298,310,322,322],"floor_reached":33,"language":"ENG","playtime":700,"items_purged":["Strike_R","Strike_R"],"score":296,"play_id":"68bccfe5-543a-474a-866f-5e96babc2b93","local_time":"20210114022742","is_ascension_mode":true,"campfire_choices":[{"data":"Shrug It Off","floor":11,"key":"SMITH"},{"data":"Thunderclap","floor":13,"key":"SMITH"},{"data":"Carnage","floor":15,"key":"SMITH"},{"data":"Entrench","floor":23,"key":"SMITH"},{"data":"Limit Break","floor":25,"key":"SMITH"},{"data":"Spot Weakness","floor":27,"key":"SMITH"},{"floor":32,"key":"REST"}],"circlet_count":0,"master_deck":["Strike_R","Strike_R","Defend_R","Defend_R+1","Defend_R+1","Bash+1","Clash","Carnage+1","Spot Weakness+1","Shrug It Off+1","Entrench+1","Thunderclap+1","Double Tap+1","Limit Break+1","Infernal Blade+1","Bash","Dark Embrace","Thunderclap+1"],"relics":["Burning Blood","MealTicket","Meat on the Bone","Matryoshka","Happy Flower","Mark of Pain","War Paint","Dream Catcher","MawBank"],"acts_visited":["Exordium","TheCity"],"potions_floor_usage":[14,18,30],"damage_taken":[{"damage":6,"enemies":"Cultist","floor":1,"turns":4},{"damage":7,"enemies":"Jaw Worm","floor":2,"turns":2},{"damage":32,"enemies":"3 Sentries","floor":6,"turns":8},{"damage":0,"enemies":"Small Slimes","floor":12,"turns":3},{"damage":14,"enemies":"Gremlin Nob","floor":14,"turns":4},{"damage":49,"enemies":"The Guardian","floor":16,"turns":12},{"damage":11,"enemies":"Shell Parasite","floor":18,"turns":4},{"damage":24,"enemies":"Spheric Guardian","floor":21,"turns":4},{"damage":9,"enemies":"3 Cultists","floor":24,"turns":5},{"damage":49,"enemies":"Sentry and Sphere","floor":29,"turns":6},{"damage":14,"enemies":"Book of Stabbing","floor":30,"turns":3},{"damage":74,"enemies":"Automaton","floor":33,"turns":8}],"seed_played":"-2983922842029630911","potions_obtained":[{"floor":1,"key":"Ancient Potion"},{"floor":6,"key":"BloodPotion"},{"floor":14,"key":"Weak Potion"},{"floor":18,"key":"SteroidPotion"},{"floor":29,"key":"PowerPotion"}],"is_trial":false,"path_per_floor":["M","M","$","?","?","E","?","$","T","?","R","M","R","E","R","B",null,"M","$","?","M","$","R","M","R","T","R","?","M","E","?","R","B"],"character_chosen":"IRONCLAD","items_purchased":["Entrench"],"campfire_rested":1,"item_purchase_floors":[8],"current_hp_per_floor":[80,79,79,72,56,30,12,27,27,27,27,45,45,53,53,22,80,75,80,80,62,77,77,74,74,74,74,74,43,47,47,71,0,0],"gold":322,"neow_bonus":"TRANSFORM_CARD","is_daily":false,"chose_seed":false,"campfire_upgraded":6,"win_rate":0.0,"timestamp":1610612862,"path_taken":["M","M","?","?","?","E","?","?","T","?","R","M","R","E","R","BOSS","M","$","?","?","$","R","M","R","T","R","?","M","E","?","R","BOSS"],"items_purchased_type":["Card"],"build_version":"2020-12-22","purchased_purges":2,"victory":false,"max_hp_per_floor":[80,80,80,80,80,80,80,80,80,80,80,80,80,80,80,80,80,80,80,80,80,80,80,80,80,80,80,80,80,80,80,80,80,80],"card_choices":[{"not_picked":["Seeing Red","Wild Strike"],"picked":"Carnage","floor":1},{"not_picked":["Battle Trance","Body Slam"],"picked":"Spot Weakness","floor":2},{"not_picked":["Body Slam","Sword Boomerang"],"picked":"Shrug It Off","floor":6},{"not_picked":["Hemokinesis","Armaments"],"picked":"Thunderclap","floor":12},{"not_picked":["Armaments","Carnage"],"picked":"Double Tap","floor":14},{"not_picked":["Juggernaut","Demon Form"],"picked":"Limit Break","floor":16},{"not_picked":["Pommel Strike","Spot Weakness"],"picked":"Infernal Blade+1","floor":18},{"not_picked":["Flex+1","Infernal Blade","Entrench"],"picked":"SKIP","floor":21},{"not_picked":["True Grit","Dark Embrace","Inflame"],"picked":"SKIP","floor":24},{"not_picked":["Seeing Red","True Grit+1","Body Slam"],"picked":"SKIP","floor":29},{"not_picked":["Bloodletting","Fiend Fire","Perfected Strike"],"picked":"SKIP","floor":30},{"not_picked":["Twin Strike","Clothesline"],"picked":"Thunderclap+1","floor":32}],"player_experience":340201,"relics_obtained":[{"floor":6,"key":"MealTicket"},{"floor":9,"key":"Matryoshka"},{"floor":14,"key":"Happy Flower"},{"floor":26,"key":"War Paint"},{"floor":26,"key":"Dream Catcher"},{"floor":30,"key":"MawBank"}],"event_choices":[{"cards_removed":["Defend_R"],"damage_healed":0,"gold_gain":0,"player_choice":"Card Removal","damage_taken":7,"max_hp_gain":0,"max_hp_loss":0,"event_name":"Golden Wing","floor":4,"gold_loss":0},{"damage_healed":0,"gold_gain":0,"player_choice":"Entered Light","damage_taken":16,"max_hp_gain":0,"max_hp_loss":0,"event_name":"Shining Light","floor":5,"gold_loss":0,"cards_upgraded":["Bash","Defend_R"]},{"damage_healed":0,"gold_gain":0,"player_choice":"Success","damage_taken":18,"relics_obtained":["Meat on the Bone"],"max_hp_gain":0,"max_hp_loss":0,"event_name":"Scrap Ooze","floor":7,"gold_loss":0},{"damage_healed":0,"gold_gain":0,"player_choice":"Ignored","damage_taken":0,"max_hp_gain":0,"max_hp_loss":0,"event_name":"Liars Game","floor":10,"gold_loss":0},{"damage_healed":0,"gold_gain":0,"player_choice":"2 cards matched","damage_taken":0,"max_hp_gain":0,"max_hp_loss":0,"event_name":"Match and Keep!","floor":20,"gold_loss":0,"cards_obtained":["Bash","Dark Embrace"]},{"damage_healed":0,"gold_gain":0,"player_choice":"Ignored","damage_taken":0,"max_hp_gain":0,"max_hp_loss":0,"event_name":"Cursed Tome","floor":28,"gold_loss":0},{"damage_healed":0,"gold_gain":99,"player_choice":"Stole From Cult","damage_taken":0,"max_hp_gain":0,"max_hp_loss":0,"event_name":"Nest","floor":31,"gold_loss":0}],"is_beta":false,"boss_relics":[{"not_picked":["Black Blood","Empty Cage"],"picked":"Mark of Pain"}],"items_purged_floors":[3,19],"is_endless":false,"potions_floor_spawned":[1,6,14,18,29],"killed_by":"Automaton","ascension_level":2}}