{"host":"f5n4tidiz2n5sooh","time":1610610725,"event":{"mods":["BaseMod","Colored Map","Minty Spire (QoL Compilation)","Relic Stats","Slay the Relics Exporter","StSLib"],"gold_per_floor":[114,125,137,62,62,62,62,62,62],"floor_reached":8,"language":"ENG","playtime":189,"items_purged":["Strike_G"],"score":92,"play_id":"da5d166b-905e-47af-8093-556b0979d10b","local_time":"20210114015205","is_ascension_mode":true,"campfire_choices":[{"data":"Dagger Throw","floor":6,"key":"SMITH"}],"circlet_count":0,"master_deck":["AscendersBane","Strike_G","Strike_G","Strike_G","Strike_G","Defend_G","Defend_G","Defend_G","Defend_G","Defend_G","Survivor","Neutralize","Blade Dance","Dagger Throw+1"],"relics":["Black Star","Golden Idol"],"acts_visited":["Exordium"],"potions_floor_usage":[8],"damage_taken":[{"damage":10,"enemies":"Small Slimes","floor":1,"turns":4},{"damage":4,"enemies":"2 Louse","floor":2,"turns":3},{"damage":4,"enemies":"Jaw Worm","floor":3,"turns":4},{"damage":36,"enemies":"Gremlin Nob","floor":8,"turns":3}],"seed_played":"5647425704643214018","potions_obtained":[{"floor":2,"key":"BlessingOfTheForge"},{"floor":3,"key":"LiquidBronze"}],"is_trial":false,"path_per_floor":["M","M","M","$","?","R","?","E"],"character_chosen":"THE_SILENT","items_purchased":[],"campfire_rested":0,"item_purchase_floors":[],"current_hp_per_floor":[49,45,41,41,41,41,36,0,0],"gold":62,"neow_bonus":"BOSS_RELIC","is_daily":false,"chose_seed":false,"campfire_upgraded":1,"win_rate":0.0,"timestamp":1610610725,"path_taken":["M","M","M","$","?","R","?","E"],"items_purchased_type":[],"build_version":"2020-12-22","purchased_purges":1,"victory":false,"max_hp_per_floor":[66,66,66,66,60,60,60,60,60],"relic_stats":{"counters":[4,14],"Golden Idol":0,"Black Star":0,"obtain_stats":[{"Golden Idol":5,"Black Star":0,"Ring of the Snake":0},{"Golden Idol":3,"Black Star":0,"Ring of the Snake":0},{"Golden Idol":11,"Black Star":0,"Ring of the Snake":0}]},"card_choices":[{"not_picked":["Cloak And Dagger","Leg Sweep"],"picked":"Blade Dance","floor":1},{"not_picked":["Underhanded Strike","Outmaneuver"],"picked":"Dagger Throw","floor":2},{"not_picked":["PiercingWail","Heel Hook","Blur"],"picked":"SKIP","floor":3}],"player_experience":2007357,"relics_obtained":[],"event_choices":[{"damage_healed":0,"gold_gain":0,"player_choice":"Lose Max HP","damage_taken":0,"relics_obtained":["Golden Idol"],"max_hp_gain":0,"max_hp_loss":6,"event_name":"Golden Idol","floor":5,"gold_loss":0},{"damage_healed":0,"gold_gain":0,"player_choice":"Fled","damage_taken":5,"max_hp_gain":0,"max_hp_loss":0,"event_name":"Scrap Ooze","floor":7,"gold_loss":0}],"is_beta":false,"boss_relics":[],"items_purged_floors":[4],"is_endless":false,"potions_floor_spawned":[2,3],"killed_by":"Gremlin Nob","ascension_level":20}}