{"host":"4qkvkh7pd9qr2mca","time":1610667110,"event":{"mods":["AchievementEnabler","Act Like it!","BaseMod","Colored Map","Colored Powertips","Highlight Path","Minty Spire (QoL Compilation)","Pale of the Ancients","Permanent Neow","Quick Restart","Relic Stats","StSLib","SuperFastMode"],"gold_per_floor":[112,123,138,213,223,258,258,289,312,324,336,365,409,432,444,532,544,573,585,211,211,228,228,240,273,353,369,403,403,414,432,432,504,504,520,530,547,560,510,510,543,543,570,220,220,240,256,270,270,270,270,270,270],"floor_reached":52,"language":"ENG","playtime":3606,"items_purged":["Concentrate","Injury"],"score":1896,"play_id":"6ecfe554-b300-422f-8d60-dda4095becfc","local_time":"20210115003150","is_ascension_mode":true,"campfire_choices":[{"floor":7.0,"key":"REST"},{"floor":10.0,"key":"REST"},{"floor":15.0,"key":"REST"},{"data":"Well Laid Plans","floor":23.0,"key":"SMITH"},{"data":"Footwork","floor":29.0,"key":"SMITH"},{"data":"Footwork","floor":32.0,"key":"SMITH"},{"data":"Footwork","floor":40.0,"key":"SMITH"},{"data":"Venomology","floor":42,"key":"SMITH"},{"data":"Catalyst","floor":45,"key":"SMITH"},{"data":"Malaise","floor":49,"key":"SMITH"}],"circlet_count":0,"master_deck":["AscendersBane","Survivor","Neutralize","Poisoned Stab","Blur","Blade Dance","Finisher","Crippling Poison","Acrobatics","Slice","Blade Dance","Corpse Explosion+1","Prepared","Endless Agony","Footwork+1","Venomology+1","Predator","Catalyst+1","Poisoned Stab","Footwork+1","Well Laid Plans+1","Dodge and Roll","Panache+1","Deflect+1","Dash","Backflip","Dodge and Roll+1","Backflip","Cloak And Dagger+1","Malaise","PiercingWail","Malaise+1","Footwork+1","Backflip+1","Leg Sweep","Terror","Accuracy","PiercingWail+1"],"relics":["Ring of the Snake","TungstenRod","Unceasing Top","Akabeko","MawBank","NlothsMask","Lantern","Pandora\u0027s Box","Happy Flower","Darkstone Periapt","Eternal Feather","Cursed Key","Regal Pillow","War Paint","paleoftheancients:Timepiece","paleoftheancients:KeyRelic","Letter Opener","CultistMask"],"acts_visited":["Exordium","TheCity","TheBeyond","TheBeyond"],"potions_floor_usage":[41,41,47,47,50,51,51,51,52],"damage_taken":[{"damage":0.0,"enemies":"2 Louse","floor":1.0,"turns":4.0},{"damage":0.0,"enemies":"Cultist","floor":2.0,"turns":4.0},{"damage":1.0,"enemies":"Jaw Worm","floor":3.0,"turns":4.0},{"damage":8.0,"enemies":"Lots of Slimes","floor":5.0,"turns":6.0},{"damage":19.0,"enemies":"3 Sentries","floor":6.0,"turns":9.0},{"damage":36.0,"enemies":"Lagavulin","floor":8.0,"turns":7.0},{"damage":7.0,"enemies":"Blue Slaver","floor":12.0,"turns":4.0},{"damage":20.0,"enemies":"Gremlin Nob","floor":13.0,"turns":4.0},{"damage":7.0,"enemies":"Looter","floor":14.0,"turns":3.0},{"damage":17.0,"enemies":"Slime Boss","floor":16.0,"turns":8.0},{"damage":0.0,"enemies":"2 Thieves","floor":18.0,"turns":2.0},{"damage":6.0,"enemies":"Shell Parasite","floor":22.0,"turns":4.0},{"damage":3.0,"enemies":"Snecko","floor":24.0,"turns":4.0},{"damage":15.0,"enemies":"Slavers","floor":25.0,"turns":4.0},{"damage":0.0,"enemies":"3 Cultists","floor":27.0,"turns":2.0},{"damage":4.0,"enemies":"Gremlin Leader","floor":28.0,"turns":5.0},{"damage":2.0,"enemies":"Centurion and Healer","floor":30.0,"turns":2.0},{"damage":9.0,"enemies":"Snecko","floor":31.0,"turns":7.0},{"damage":19.0,"enemies":"Champ","floor":33.0,"turns":11.0},{"damage":0.0,"enemies":"3 Shapes","floor":35.0,"turns":5.0},{"damage":4.0,"enemies":"Orb Walker","floor":36.0,"turns":3.0},{"damage":3.0,"enemies":"3 Darklings","floor":37.0,"turns":3.0},{"damage":2.0,"enemies":"Transient","floor":38.0,"turns":6.0},{"damage":0,"enemies":"Giant Head","floor":41,"turns":9},{"damage":4,"enemies":"Maw","floor":46,"turns":7},{"damage":29,"enemies":"3 Darklings","floor":47,"turns":5},{"damage":0,"enemies":"Sphere and 2 Shapes","floor":48,"turns":3},{"damage":37,"enemies":"Awakened One","floor":50,"turns":25},{"damage":22,"enemies":"Time Eater","floor":51,"turns":13},{"damage":14,"enemies":"Time Eater","floor":52,"turns":6}],"seed_played":"2627735601423391304","potions_obtained":[{"floor":5.0,"key":"FairyPotion"},{"floor":8.0,"key":"EssenceOfSteel"},{"floor":13.0,"key":"PowerPotion"},{"floor":16.0,"key":"AttackPotion"},{"floor":18.0,"key":"Dexterity Potion"},{"floor":27.0,"key":"Ancient Potion"},{"floor":33.0,"key":"EssenceOfSteel"},{"floor":48,"key":"Regen Potion"}],"is_trial":false,"path_per_floor":["M","M","M","?","M","E","R","E","T","R","?","M","E","M","R","B",null,"M","T","$","?","M","R","M","E","T","M","E","R","M","M","R","B",null,"M","M","M","M","?","R","E","R","T","$","R","M","M","M","R","B","B","M"],"character_chosen":"THE_SILENT","items_purchased":["Panache","Deflect","Dash","War Paint","Terror"],"campfire_rested":3,"item_purchase_floors":[20,20,20,44,44],"current_hp_per_floor":[59,59,58,48,40,21,39,3,3,21,21,14,18,11,29,12,48,48,48,48,48,42,42,39,24,24,24,35,53,51,42,60,41,55,55,51,48,46,46,60,60,60,66,66,66,62,33,33,54,32,52,38,38],"gold":270,"neow_bonus":"ONE_RARE_RELIC","is_daily":false,"chose_seed":false,"campfire_upgraded":7,"win_rate":0.0,"timestamp":1610667110,"path_taken":["M","M","M","?","M","E","R","E","T","R","?","M","E","M","R","BOSS","M","?","$","?","M","R","M","E","T","M","E","R","M","M","R","BOSS","M","M","M","M","?","R","E","R","T","$","R","M","?","M","R","BOSS","BOSS","M"],"items_purchased_type":["Card","Card","Card","Relic","Card"],"build_version":"2020-12-22","purchased_purges":2,"victory":false,"max_hp_per_floor":[60,60,60,60,60,60,60,60,60,60,60,60,60,60,60,60,60,60,60,60,60,60,60,60,60,60,60,60,60,60,60,60,60,60,60,60,60,60,60,60,60,60,66,66,66,66,66,66,66,66,66,66,66],"relic_stats":{"Darkstone Periapt":6,"Regal Pillow":0,"Happy Flower":[37],"counters":[30,179],"Eternal Feather":71,"Letter Opener":[10],"War Paint":["Deflect","Corpse Explosion"],"MawBank":132,"Cursed Key":1,"Pandora\u0027s Box":["Prepared","Endless Agony","Footwork","Concentrate","Venomology","Predator","Catalyst","Poisoned Stab","Footwork","Well Laid Plans"],"obtain_stats":[{"Darkstone Periapt":26,"Lantern":13,"Regal Pillow":41,"paleoftheancients:KeyRelic":51,"Happy Flower":25,"Eternal Feather":28,"Letter Opener":51,"War Paint":44,"MawBank":9,"Cursed Key":34,"Akabeko":8,"paleoftheancients:Timepiece":51,"Pandora\u0027s Box":17,"CultistMask":51,"TungstenRod":0,"Unceasing Top":6,"Ring of the Snake":0,"NlothsMask":11},{"Darkstone Periapt":14,"Lantern":8,"Regal Pillow":24,"paleoftheancients:KeyRelic":29,"Happy Flower":14,"Eternal Feather":16,"Letter Opener":29,"War Paint":24,"MawBank":6,"Cursed Key":19,"Akabeko":6,"paleoftheancients:Timepiece":29,"Pandora\u0027s Box":10,"CultistMask":29,"TungstenRod":0,"Unceasing Top":5,"Ring of the Snake":0,"NlothsMask":6},{"Darkstone Periapt":67,"Lantern":42,"Regal Pillow":120,"paleoftheancients:KeyRelic":173,"Happy Flower":67,"Eternal Feather":74,"Letter Opener":173,"War Paint":120,"MawBank":34,"Cursed Key":94,"Akabeko":34,"paleoftheancients:Timepiece":173,"Pandora\u0027s Box":53,"CultistMask":173,"TungstenRod":0,"Unceasing Top":27,"Ring of the Snake":0,"NlothsMask":34}],"TungstenRod":65,"Unceasing Top":[8],"Ring of the Snake":[60]},"card_choices":[{"not_picked":["Prepared","Backflip"],"picked":"Poisoned Stab","floor":1.0},{"not_picked":["Poisoned Stab","Quick Slash"],"picked":"Blur","floor":2.0},{"not_picked":["Bane","Dagger Throw"],"picked":"Blade Dance","floor":3.0},{"not_picked":["Flying Knee","Night Terror"],"picked":"Finisher","floor":5.0},{"not_picked":["Bouncing Flask","Distraction"],"picked":"Crippling Poison","floor":6.0},{"not_picked":["Sucker Punch","Heel Hook"],"picked":"Acrobatics","floor":8.0},{"not_picked":["Acrobatics","Quick Slash"],"picked":"Slice","floor":12.0},{"not_picked":["Outmaneuver","Backflip","Crippling Poison"],"picked":"SKIP","floor":13.0},{"not_picked":["Dagger Throw","Bane"],"picked":"Blade Dance","floor":14.0},{"not_picked":["Night Terror","Grand Finale"],"picked":"Corpse Explosion","floor":16.0},{"not_picked":["Poisoned Stab","Tactician"],"picked":"Dodge and Roll","floor":18.0},{"not_picked":["PiercingWail","Sucker Punch"],"picked":"Dodge and Roll+1","floor":22.0},{"not_picked":["Endless Agony","Quick Slash","Deflect"],"picked":"SKIP","floor":24.0},{"not_picked":["Poisoned Stab+1","Flying Knee"],"picked":"Backflip","floor":25.0},{"not_picked":["Sucker Punch","Quick Slash"],"picked":"Cloak And Dagger+1","floor":27.0},{"not_picked":["Well Laid Plans","Riddle With Holes"],"picked":"Malaise","floor":28.0},{"not_picked":["Backflip","Bane"],"picked":"PiercingWail","floor":30.0},{"not_picked":["Dagger Throw","Expertise","Deadly Poison+1"],"picked":"SKIP","floor":31.0},{"not_picked":["Wraith Form v2","Glass Knife"],"picked":"Malaise","floor":33.0},{"not_picked":["Skewer","Flying Knee"],"picked":"Footwork","floor":35.0},{"not_picked":["Prepared","Flying Knee+1"],"picked":"Backflip+1","floor":36.0},{"not_picked":["Flechettes+1","Dodge and Roll"],"picked":"Leg Sweep","floor":37.0},{"not_picked":["Expertise+1","Acrobatics","PiercingWail"],"picked":"SKIP","floor":38.0},{"not_picked":["Dagger Spray+1","Predator","Dash"],"picked":"SKIP","floor":41},{"not_picked":["Dagger Throw","PiercingWail"],"picked":"Accuracy","floor":46},{"not_picked":["Prepared","PiercingWail","Die Die Die"],"picked":"SKIP","floor":47},{"not_picked":["Backstab+1","Bane"],"picked":"PiercingWail+1","floor":48}],"player_experience":555320,"relics_obtained":[{"floor":6.0,"key":"Unceasing Top"},{"floor":8.0,"key":"Akabeko"},{"floor":9.0,"key":"MawBank"},{"floor":13.0,"key":"Lantern"},{"floor":25.0,"key":"Happy Flower"},{"floor":26.0,"key":"Darkstone Periapt"},{"floor":28.0,"key":"Eternal Feather"},{"floor":41,"key":"Regal Pillow"}],"event_choices":[{"damage_healed":0.0,"max_hp_gain":0.0,"max_hp_loss":0.0,"gold_gain":75.0,"event_name":"World of Goop","player_choice":"Gather Gold","floor":4.0,"gold_loss":0.0,"damage_taken":11.0},{"damage_healed":0.0,"max_hp_gain":0.0,"max_hp_loss":0.0,"gold_gain":0.0,"event_name":"FaceTrader","player_choice":"Trade","floor":11.0,"gold_loss":0.0,"damage_taken":0.0,"relics_obtained":["NlothsMask"]},{"damage_healed":0.0,"max_hp_gain":0.0,"max_hp_loss":0.0,"gold_gain":0.0,"event_name":"The Library","player_choice":"Read","floor":21.0,"gold_loss":0.0,"damage_taken":0.0,"cards_obtained":["Backflip"]},{"damage_healed":0.0,"max_hp_gain":0.0,"max_hp_loss":0.0,"gold_gain":0.0,"event_name":"Designer","player_choice":"Upgrade","floor":39.0,"gold_loss":50.0,"damage_taken":0.0,"cards_upgraded":["Panache"]}],"is_beta":false,"boss_relics":[{"not_picked":["Velvet Choker","Runic Dome"],"picked":"Pandora\u0027s Box"},{"not_picked":["Fusion Hammer","Snecko Eye"],"picked":"Cursed Key"}],"items_purged_floors":[20,44],"is_endless":false,"potions_floor_spawned":[5,8,13,16,18,27,28,33,36,37,48],"killed_by":"Time Eater","ascension_level":20}}