{"host":"9dr4xkxgnke2i0td","time":1610596712,"event":{"mods":["AchievementEnabler","BaseMod","DeckTracker","Highlight Path","Minty Spire (QoL Compilation)","Shop Mod","StSLib"],"gold_per_floor":[117,132,148,148,148,188,188,217,289,309,309,346,346,380,380,489,489,509,532,532,212,127,194,194,194,221,247,287,312,354,375,375,486,486,514,514,74,0,0,40,40,69,93,93,118,118,163,190,190,210],"floor_reached":51,"language":"ENG","playtime":3028,"items_purged":["Defend_R","Strike_R"],"score":1021,"play_id":"4a378487-9f6b-4c91-9f52-a0574491f5fc","local_time":"20210113215832","is_ascension_mode":true,"campfire_choices":[{"data":"Perfected Strike","floor":7.0,"key":"SMITH"},{"data":"Shockwave","floor":15.0,"key":"SMITH"},{"data":"Perfected Strike","floor":24,"key":"SMITH"},{"floor":32,"key":"DIG"},{"data":"Berserk","floor":41,"key":"SMITH"},{"floor":44,"key":"DIG"},{"floor":46,"key":"DIG"},{"floor":49,"key":"DIG"}],"circlet_count":0,"master_deck":["Strike_R","Strike_R","Strike_R","Strike_R","Defend_R","Defend_R","Defend_R","Bash","Perfected Strike+1","Clothesline","Thunderclap","Perfected Strike+1","Thunderclap","Iron Wave","Impervious","Shockwave+1","Berserk+1","Shrug It Off","Anger","Perfected Strike+1","Shrug It Off","HandOfGreed","Twin Strike+1","Pommel Strike","Impervious","Sever Soul+1","Spot Weakness+1","Power Through","Reaper","Perfected Strike+1","Spot Weakness","Cleave","Twin Strike+1","Clothesline+1","Clothesline","Mind Blast","Panache+1","Mayhem+1"],"relics":["Burning Blood","Pen Nib","Centennial Puzzle","CeramicFish","Blood Vial","Letter Opener","Thread and Needle","Tiny Chest","Velvet Choker","Shovel","Blue Candle","Akabeko","Ancient Tea Set","Strawberry","Matryoshka","Toy Ornithopter","Black Star","MerchantsRug","Red Mask","Boot","Shuriken","Potion Belt","Smiling Mask","Frozen Egg 2","Orichalcum","Ornamental Fan","Red Skull","Omamori","Lantern","Gambling Chip"],"acts_visited":["Exordium","TheCity","TheBeyond"],"potions_floor_usage":[16,23,23,33,33,50,50,50,50],"damage_taken":[{"damage":5.0,"enemies":"Cultist","floor":1.0,"turns":4.0},{"damage":1.0,"enemies":"Small Slimes","floor":2.0,"turns":3.0},{"damage":10.0,"enemies":"Jaw Worm","floor":3.0,"turns":4.0},{"damage":30.0,"enemies":"3 Sentries","floor":6.0,"turns":7.0},{"damage":1.0,"enemies":"2 Fungi Beasts","floor":8.0,"turns":2.0},{"damage":4.0,"enemies":"3 Louse","floor":10.0,"turns":3.0},{"damage":8.0,"enemies":"Lagavulin","floor":12.0,"turns":3.0},{"damage":5.0,"enemies":"3 Sentries","floor":14.0,"turns":5.0},{"damage":0,"enemies":"Slime Boss","floor":16,"turns":3},{"damage":6,"enemies":"Chosen","floor":18,"turns":3},{"damage":1,"enemies":"Spheric Guardian","floor":19,"turns":3},{"damage":18,"enemies":"Slavers","floor":23,"turns":3},{"damage":11,"enemies":"Centurion and Healer","floor":27,"turns":5},{"damage":1,"enemies":"Gremlin Leader","floor":28,"turns":5},{"damage":3,"enemies":"3 Cultists","floor":29,"turns":5},{"damage":4,"enemies":"Book of Stabbing","floor":30,"turns":4},{"damage":0,"enemies":"Sentry and Sphere","floor":31,"turns":4},{"damage":56,"enemies":"Automaton","floor":33,"turns":9},{"damage":5,"enemies":"3 Darklings","floor":35,"turns":5},{"damage":14,"enemies":"Nemesis","floor":40,"turns":5},{"damage":5,"enemies":"Giant Head","floor":42,"turns":6},{"damage":0,"enemies":"Orb Walker","floor":45,"turns":2},{"damage":0,"enemies":"Jaw Worm Horde","floor":47,"turns":3},{"damage":27,"enemies":"Awakened One","floor":50,"turns":10}],"seed_played":"-6330578790385601263","potions_obtained":[{"floor":2.0,"key":"GamblersBrew"},{"floor":6.0,"key":"FearPotion"},{"floor":12.0,"key":"ElixirPotion"},{"floor":14.0,"key":"AttackPotion"},{"floor":18,"key":"BlessingOfTheForge"},{"floor":23,"key":"SpeedPotion"},{"floor":30,"key":"EssenceOfSteel"},{"floor":31,"key":"Swift Potion"},{"floor":40,"key":"Energy Potion"},{"floor":42,"key":"DuplicationPotion"},{"floor":47,"key":"Fire Potion"}],"is_trial":false,"path_per_floor":["M","M","M","?","T","E","R","M","T","M","?","E","?","E","R","B",null,"M","M","?","$","?","E","R","T","T","M","E","M","E","M","R","B",null,"M","?","$","?","T","E","R","E","T","R","M","R","M","?","R","B",null],"character_chosen":"IRONCLAD","items_purchased":["Perfected Strike","Shrug It Off","HandOfGreed","Spot Weakness","Cleave","MerchantsRug","Swift Potion","SkillPotion"],"campfire_rested":0,"item_purchase_floors":[21,21,21,37,37,37,37,37],"current_hp_per_floor":[80,80,76,58,58,34,34,41,41,45,45,45,50,53,53,61,85,85,85,77,77,77,67,67,67,67,64,78,83,87,92,92,42,92,92,87,87,87,87,79,79,82,82,82,87,87,87,77,77,75],"gold":210,"neow_bonus":"RANDOM_COMMON_RELIC","is_daily":false,"chose_seed":false,"campfire_upgraded":4,"win_rate":0.0,"timestamp":1610596712,"path_taken":["M","?","M","?","?","E","R","M","T","M","?","E","?","E","R","BOSS","M","M","?","?","?","E","R","?","T","?","E","M","E","M","R","BOSS","M","?","$","?","?","E","R","E","T","R","?","R","M","?","R","BOSS"],"items_purchased_type":["Card","Card","Card","Card","Card","Relic","Potion","Potion"],"build_version":"2020-12-22","purchased_purges":2,"victory":true,"max_hp_per_floor":[80,80,80,80,80,80,80,80,80,80,80,80,85,85,85,85,85,85,85,85,85,85,85,85,85,85,85,92,92,92,92,92,92,92,92,87,87,87,87,87,87,87,87,87,87,87,87,87,87,87],"card_choices":[{"not_picked":["Cleave","Shrug It Off"],"picked":"Perfected Strike","floor":1.0},{"not_picked":["Entrench","Hemokinesis"],"picked":"Clothesline","floor":2.0},{"not_picked":["Sentinel","True Grit"],"picked":"Thunderclap","floor":3.0},{"not_picked":["Reaper","Dark Embrace"],"picked":"Perfected Strike","floor":6.0},{"not_picked":["Metallicize","Warcry"],"picked":"Thunderclap","floor":8.0},{"not_picked":["Heavy Blade","Body Slam"],"picked":"Iron Wave","floor":10.0},{"not_picked":["Sever Soul","Corruption"],"picked":"Impervious","floor":12.0},{"not_picked":["Fiend Fire","Cleave"],"picked":"Shockwave","floor":14.0},{"not_picked":["Demon Form","Immolate"],"picked":"Berserk","floor":16},{"not_picked":["Thunderclap","Sentinel+1"],"picked":"Shrug It Off","floor":18},{"not_picked":["Headbutt","Armaments"],"picked":"Anger","floor":19},{"not_picked":["Cleave","Uppercut"],"picked":"Twin Strike+1","floor":23},{"not_picked":["Armaments","Heavy Blade"],"picked":"Pommel Strike","floor":27},{"not_picked":["Body Slam","Clothesline"],"picked":"Impervious","floor":28},{"not_picked":["Flex","Carnage"],"picked":"Sever Soul+1","floor":29},{"not_picked":["Thunderclap","Rampage"],"picked":"Spot Weakness+1","floor":30},{"not_picked":["Heavy Blade","Cleave"],"picked":"Power Through","floor":31},{"not_picked":["Double Tap","Berserk"],"picked":"Reaper","floor":33},{"not_picked":["Anger","Thunderclap"],"picked":"Perfected Strike+1","floor":35},{"not_picked":["Exhume","Flex"],"picked":"Twin Strike+1","floor":40},{"not_picked":["Burning Pact","Body Slam","Warcry"],"picked":"SKIP","floor":42},{"not_picked":["Clash+1","Flex"],"picked":"Clothesline+1","floor":45},{"not_picked":["Twin Strike","Fire Breathing+1"],"picked":"Clothesline","floor":47},{"not_picked":["Deep Breath","Finesse"],"picked":"Mind Blast","floor":48},{"not_picked":["Discovery","Madness"],"picked":"Panache+1","floor":48},{"not_picked":["Good Instincts","Sadistic Nature+1"],"picked":"Mayhem+1","floor":48}],"player_experience":711354,"relics_obtained":[{"floor":5.0,"key":"CeramicFish"},{"floor":6.0,"key":"Blood Vial"},{"floor":9.0,"key":"Letter Opener"},{"floor":12.0,"key":"Thread and Needle"},{"floor":14.0,"key":"Tiny Chest"},{"floor":23,"key":"Blue Candle"},{"floor":25,"key":"Akabeko"},{"floor":26,"key":"Ancient Tea Set"},{"floor":28,"key":"Strawberry"},{"floor":30,"key":"Matryoshka"},{"floor":32,"key":"Toy Ornithopter"},{"floor":39,"key":"Boot"},{"floor":39,"key":"Shuriken"},{"floor":40,"key":"Potion Belt"},{"floor":40,"key":"Smiling Mask"},{"floor":42,"key":"Frozen Egg 2"},{"floor":42,"key":"Orichalcum"},{"floor":43,"key":"Ornamental Fan"},{"floor":43,"key":"Red Skull"},{"floor":44,"key":"Omamori"},{"floor":46,"key":"Lantern"},{"floor":49,"key":"Gambling Chip"}],"event_choices":[{"damage_healed":0.0,"max_hp_gain":0.0,"max_hp_loss":0.0,"gold_gain":0.0,"event_name":"Scrap Ooze","player_choice":"Success","floor":4.0,"gold_loss":0.0,"damage_taken":18.0,"relics_obtained":["Centennial Puzzle"]},{"damage_healed":0.0,"max_hp_gain":0.0,"max_hp_loss":0.0,"gold_gain":0.0,"event_name":"Living Wall","player_choice":"Grow","floor":11.0,"gold_loss":0.0,"damage_taken":0.0,"cards_upgraded":["Perfected Strike"]},{"damage_healed":0.0,"max_hp_gain":5.0,"max_hp_loss":0.0,"gold_gain":0.0,"event_name":"Big Fish","player_choice":"Donut","floor":13.0,"gold_loss":0.0,"damage_taken":0.0},{"damage_healed":0,"gold_gain":0,"player_choice":"Damaged","damage_taken":8,"max_hp_gain":0,"max_hp_loss":0,"event_name":"Wheel of Change","floor":20,"gold_loss":0},{"damage_healed":0,"gold_gain":0,"player_choice":"Obtained Relic","damage_taken":0,"relics_obtained":["Shovel"],"max_hp_gain":0,"max_hp_loss":0,"event_name":"Addict","floor":22,"gold_loss":85},{"damage_healed":0,"gold_gain":0,"player_choice":"Max HP","damage_taken":0,"max_hp_gain":0,"max_hp_loss":5,"event_name":"Winding Halls","floor":36,"gold_loss":0},{"damage_healed":0,"gold_gain":0,"player_choice":"Paid","damage_taken":0,"relics_obtained":["Red Mask"],"max_hp_gain":0,"max_hp_loss":0,"event_name":"Tomb of Lord Red Mask","floor":38,"gold_loss":74},{"damage_healed":0,"gold_gain":0,"player_choice":"Memory 3","damage_taken":10,"max_hp_gain":0,"max_hp_loss":0,"event_name":"SensoryStone","floor":48,"gold_loss":0}],"is_beta":false,"boss_relics":[{"not_picked":["Philosopher\u0027s Stone","Cursed Key"],"picked":"Velvet Choker"},{"not_picked":["Black Blood","Sozu"],"picked":"Black Star"}],"items_purged_floors":[21,37],"is_endless":false,"potions_floor_spawned":[2,6,12,14,18,23,30,31,40,42,47],"ascension_level":1}}