{"host":"0cm5wy4nhuju7tij","time":1610601999,"event":{"mods":["100% Spire Juice","2.2 Compatiblity","AchievementEnabler","Aspiration","BaseMod","Better Third Choice","BetterRewards","CCEM","CapriCore","Colored Powertips","Curses Come First","Custom Start","Displayed Cursed Tome","Downfall","Energized Spire","Evolution","Filter the Spire","Highlight Path","Jess\u0027s Bottle","Minty Spire (QoL Compilation)","Permanent Neow","QueenMod","Relic Stats","SOS???????","Shop Mod","Spicy Shops","StSLib","The Cursed","The Fake Hero","The Juggle","The Sage","The Vixen","TheFirefly","thorton"],"gold_per_floor":[129,171,45,145,70,70,104,104,104,132,207,207,249,272,272,272,272],"floor_reached":16,"language":"ENG","playtime":733,"items_purged":["Attack_a"],"score":106,"play_id":"dae8e539-ac02-4944-b760-155004dcc76e","local_time":"20210114002639","is_ascension_mode":false,"campfire_choices":[{"data":"EbonyIvory","floor":6,"key":"SMITH"},{"data":"Gunstinger","floor":8,"key":"SMITH"},{"floor":15,"key":"REST"}],"circlet_count":0,"master_deck":["Attack_a","Shoot","Shoot","Provocation","Defend_Dante","Defend_Dante","Defend_Dante","Defend_Dante","Redorb","Honeycombofire","Weaponchange","EbonyIvory+1","Gunstinger","Gunstinger+1","BeastUppercut+1","Gunslinger","Kick13+1"],"relics":["SSS","Combocheck","EVO:Axolotl","aspiration:Nostalgia","Guardian:ModeShifter","Oddly Smooth Stone","Molten Egg 2","Art of War","Odd Mushroom","Anchor"],"acts_visited":["Exordium"],"potions_floor_usage":[],"damage_taken":[{"damage":0,"enemies":"2 Louse","floor":1,"turns":2},{"damage":5,"enemies":"Cultist","floor":2,"turns":4},{"damage":21,"enemies":"Gremlin Nob","floor":7,"turns":5},{"damage":2,"enemies":"Small Slimes","floor":10,"turns":4},{"damage":20,"enemies":"Lagavulin","floor":11,"turns":6},{"damage":12,"enemies":"The Mushroom Lair","floor":13,"turns":3},{"damage":41,"enemies":"Slime Boss","floor":16,"turns":6}],"seed_played":"-8767751409752790609","potions_obtained":[{"floor":1,"key":"SteroidPotion"},{"floor":10,"key":"SkillPotion"}],"is_trial":false,"path_per_floor":["M","M","$","?","$","R","E","R","T","M","E","?","?","T","R","B"],"character_chosen":"DANTE","items_purchased":["EbonyIvory","Gunstinger"],"campfire_rested":1,"item_purchase_floors":[3,5],"current_hp_per_floor":[80,75,75,75,75,75,54,54,54,52,32,25,13,13,37,0,0],"gold":272,"neow_bonus":"NOSTALGIA","is_daily":false,"chose_seed":false,"campfire_upgraded":2,"win_rate":0.0,"timestamp":1610601999,"path_taken":["M","M","$","?","?","R","E","R","T","M","E","?","?","?","R","BOSS"],"items_purchased_type":["Card","Card"],"build_version":"2020-12-22","purchased_purges":1,"victory":false,"max_hp_per_floor":[80,80,80,80,80,80,80,80,80,80,80,80,80,80,80,80,80],"relic_stats":{"counters":[7,30],"Art of War":[2],"obtain_stats":[{"SSS":0,"Anchor":14,"aspiration:Nostalgia":0,"Guardian:ModeShifter":0,"Oddly Smooth Stone":7,"Molten Egg 2":9,"Art of War":11,"EVO:Axolotl":0,"Odd Mushroom":13,"Combocheck":0},{"SSS":0,"Anchor":6,"aspiration:Nostalgia":0,"Guardian:ModeShifter":0,"Oddly Smooth Stone":3,"Molten Egg 2":3,"Art of War":5,"EVO:Axolotl":0,"Odd Mushroom":6,"Combocheck":0},{"SSS":0,"Anchor":24,"aspiration:Nostalgia":0,"Guardian:ModeShifter":0,"Oddly Smooth Stone":11,"Molten Egg 2":11,"Art of War":21,"EVO:Axolotl":0,"Odd Mushroom":24,"Combocheck":0}]},"card_choices":[{"not_picked":["Splesh","LucifercomboB"],"picked":"Honeycombofire","floor":1},{"not_picked":["SSScard","Shock"],"picked":"Weaponchange","floor":2},{"not_picked":["Dash1","Lucifer"],"picked":"Gunstinger","floor":7},{"not_picked":["Dash1","Hightime"],"picked":"BeastUppercut+1","floor":10},{"not_picked":["GilgameshcomboA+1","Airhike"],"picked":"Gunslinger","floor":11},{"not_picked":["LucifercomboB+1","Hightime"],"picked":"Kick13+1","floor":13}],"player_experience":205167,"relics_obtained":[{"floor":7,"key":"Oddly Smooth Stone"},{"floor":9,"key":"Molten Egg 2"},{"floor":11,"key":"Art of War"},{"floor":13,"key":"Odd Mushroom"},{"floor":14,"key":"Anchor"}],"event_choices":[{"damage_healed":0,"gold_gain":100,"player_choice":"Pray","damage_taken":0,"max_hp_gain":0,"max_hp_loss":0,"event_name":"Golden Shrine","floor":4,"gold_loss":0},{"cards_removed":["Attack_b"],"damage_healed":0,"gold_gain":0,"player_choice":"Card Removal","damage_taken":7,"max_hp_gain":0,"max_hp_loss":0,"event_name":"Golden Wing","floor":12,"gold_loss":0},{"damage_healed":0,"gold_gain":0,"player_choice":"Fought Mushrooms","damage_taken":0,"max_hp_gain":0,"max_hp_loss":0,"event_name":"Mushrooms","floor":13,"gold_loss":0}],"is_beta":false,"boss_relics":[],"items_purged_floors":[3],"is_endless":false,"potions_floor_spawned":[1,10],"killed_by":"Slime Boss","ascension_level":0}}