{"host":"ecaj4hn004xnnrw9","time":1610632053,"event":{"mods":["AchievementEnabler","BaseMod","Better Third Choice","Hermit","Hubris","Infinite Spire","Jorbs\u0027s Wanderer Trilogy","Minty Spire (QoL Compilation)","Quick Restart","Shop Mod","StSLib","The Construct","The Jungle","The Runesmith"],"gold_per_floor":[113,133,133,143,143,177,177,505,505,505,515,527,54,69,69,169,169],"floor_reached":16,"language":"ENG","playtime":330,"items_purged":["Strike_P"],"score":223,"play_id":"8e61ab03-3dfb-4dce-94cb-01a1c2826c51","local_time":"20210114134733","is_ascension_mode":true,"campfire_choices":[{"data":"Eruption","floor":7,"key":"SMITH"},{"data":"TalkToTheHand","floor":10,"key":"SMITH"},{"data":"FlurryOfBlows","floor":15,"key":"SMITH"}],"circlet_count":0,"master_deck":["Strike_P","Strike_P","Strike_P+1","Defend_P","Defend_P","Defend_P","Defend_P","Eruption+1","Vigilance+1","CurseOfTheBell","Tantrum","TalkToTheHand+1","InnerPeace","FlurryOfBlows+1","Wallop","FollowUp","ThirdEye","WheelKick"],"relics":["Calling Bell","Ancient Tea Set","Question Card","Thread and Needle","hubris:OldNail","Old Coin","Centennial Puzzle","construct:FoamFinger","Strawberry"],"acts_visited":["Exordium"],"potions_floor_usage":[6,16,16],"damage_taken":[{"damage":0,"enemies":"Jaw Worm","floor":1,"turns":4},{"damage":10,"enemies":"2 Louse","floor":2,"turns":3},{"damage":0,"enemies":"Small Slimes","floor":4,"turns":2},{"damage":1,"enemies":"Lagavulin","floor":6,"turns":5},{"damage":4,"enemies":"Gremlin Nob","floor":8,"turns":3},{"damage":0,"enemies":"Exordium Thugs","floor":11,"turns":3},{"damage":0,"enemies":"Large Slime","floor":12,"turns":4},{"damage":1,"enemies":"Blue Slaver","floor":14,"turns":2},{"damage":0,"enemies":"Slime Boss","floor":16,"turns":2}],"seed_played":"-5645877395747299767","potions_obtained":[{"floor":2,"key":"Weak Potion"},{"floor":4,"key":"BottledMiracle"},{"floor":8,"key":"SneckoOil"},{"floor":11,"key":"Regen Potion"}],"is_trial":false,"path_per_floor":["M","M","?","M","?","E","R","E","T","R","M","M","$","M","R","B"],"character_chosen":"WATCHER","items_purchased":["construct:FoamFinger","Strawberry"],"campfire_rested":0,"item_purchase_floors":[13,13],"current_hp_per_floor":[72,62,48,48,48,47,47,43,43,43,43,43,50,49,49,49,49],"gold":169,"neow_bonus":"BOSS_RELIC","is_daily":false,"chose_seed":false,"campfire_upgraded":3,"win_rate":0.0,"timestamp":1610632053,"path_taken":["M","M","?","M","?","E","R","E","T","R","M","M","$","M","R","BOSS"],"items_purchased_type":["Relic","Relic"],"build_version":"2020-12-22","purchased_purges":1,"victory":false,"max_hp_per_floor":[72,72,72,72,72,72,72,72,72,72,72,72,79,79,79,79,79],"card_choices":[{"not_picked":["Meditate","Sanctity","MentalFortress"],"picked":"Tantrum","floor":1},{"not_picked":["CrushJoints","FollowUp","CutThroughFate"],"picked":"TalkToTheHand","floor":2},{"not_picked":["FlyingSleeves","Protect","ConjureBlade"],"picked":"InnerPeace","floor":4},{"not_picked":["EmptyBody","EmptyMind","Ragnarok"],"picked":"FlurryOfBlows","floor":6},{"not_picked":["Wireheading","EmptyBody","Protect"],"picked":"Wallop","floor":8},{"not_picked":["FlyingSleeves","ThirdEye","Crescendo"],"picked":"FollowUp","floor":11},{"not_picked":["PathToVictory","WreathOfFlame","MasterReality"],"picked":"ThirdEye","floor":12},{"not_picked":["JustLucky","WindmillStrike","EmptyFist"],"picked":"WheelKick","floor":14}],"player_experience":339921,"relics_obtained":[{"floor":0,"key":"Ancient Tea Set"},{"floor":0,"key":"Question Card"},{"floor":0,"key":"Thread and Needle"},{"floor":6,"key":"hubris:OldNail"},{"floor":8,"key":"Old Coin"},{"floor":9,"key":"Centennial Puzzle"}],"event_choices":[{"damage_healed":62,"gold_gain":0,"player_choice":"Upgrade","damage_taken":14,"max_hp_gain":0,"max_hp_loss":72,"event_name":"betterThird:BetterShining","floor":3,"gold_loss":0,"cards_upgraded":["Strike_P","Vigilance"]},{"damage_healed":0,"gold_gain":0,"player_choice":"Ignored","damage_taken":143,"max_hp_gain":0,"max_hp_loss":0,"event_name":"betterThird:BetterSerpent","floor":5,"gold_loss":0}],"is_beta":false,"boss_relics":[],"items_purged_floors":[13],"is_endless":false,"potions_floor_spawned":[2,4,8,11],"killed_by":"Slime Boss","ascension_level":1}}