{"host":"vyjryxuuuxkt43k4","time":1610631729,"event":{"mods":["BaseMod","Colored Map","DeckTracker","Minty Spire (QoL Compilation)","Permanent Neow","Quick Restart","StSLib","SuperFastMode","everything is the same but u backflip on backflip"],"gold_per_floor":[114,130,145,156,170,170,195,210,210,222,222,254,254,10,10,112,112,126,141,152,152,152],"floor_reached":21,"language":"KOR","playtime":1055,"items_purged":[],"score":215,"play_id":"9e0c3d34-fec1-4cab-90e4-06c2112295c4","local_time":"20210114224209","is_ascension_mode":true,"campfire_choices":[{"data":"Deadly Poison","floor":6,"key":"SMITH"},{"floor":11,"key":"REST"},{"data":"Dodge and Roll","floor":13,"key":"SMITH"},{"data":"Panache","floor":15,"key":"SMITH"}],"circlet_count":0,"master_deck":["Strike_G","Strike_G","Strike_G","Strike_G","Strike_G","Defend_G","Defend_G","Defend_G","Defend_G","Defend_G","Survivor","Neutralize+1","Deadly Poison+1","Bane","Poisoned Stab","Envenom","Dodge and Roll+1","Backstab","Panache+1","A Thousand Cuts","Acrobatics","Catalyst","Escape Plan+1"],"relics":["Ring of the Snake","TungstenRod","Question Card","Ancient Tea Set","Cursed Key"],"acts_visited":["Exordium","TheCity"],"potions_floor_usage":[3,7,7,10,12,12,16,21],"damage_taken":[{"damage":0,"enemies":"Cultist","floor":1,"turns":5},{"damage":0,"enemies":"Jaw Worm","floor":2,"turns":4},{"damage":7,"enemies":"Small Slimes","floor":3,"turns":3},{"damage":4,"enemies":"Red Slaver","floor":4,"turns":4},{"damage":3,"enemies":"Blue Slaver","floor":5,"turns":5},{"damage":10,"enemies":"Gremlin Nob","floor":7,"turns":3},{"damage":16,"enemies":"Exordium Wildlife","floor":8,"turns":5},{"damage":10,"enemies":"3 Louse","floor":10,"turns":4},{"damage":18,"enemies":"Lagavulin","floor":12,"turns":6},{"damage":1,"enemies":"The Guardian","floor":16,"turns":12},{"damage":11,"enemies":"3 Byrds","floor":18,"turns":7},{"damage":9,"enemies":"Shell Parasite","floor":19,"turns":6},{"damage":2,"enemies":"Centurion and Healer","floor":20,"turns":6},{"damage":59,"enemies":"Cultist and Chosen","floor":21,"turns":5}],"seed_played":"-8111680110413965998","potions_obtained":[{"floor":1,"key":"Energy Potion"},{"floor":3,"key":"EntropicBrew"},{"floor":5,"key":"CunningPotion"},{"floor":7,"key":"Ancient Potion"},{"floor":10,"key":"Fruit Juice"},{"floor":20,"key":"Block Potion"}],"is_trial":false,"path_per_floor":["M","M","M","M","M","R","E","M","T","M","R","E","R","$","R","B",null,"M","M","M","M"],"character_chosen":"THE_SILENT","items_purchased":["Panache","PowerPotion"],"campfire_rested":1,"item_purchase_floors":[14,14],"current_hp_per_floor":[70,70,63,59,56,56,46,30,30,25,47,29,29,29,29,28,75,64,55,53,0,0],"gold":152,"neow_bonus":"UPGRADE_CARD","is_daily":false,"chose_seed":false,"campfire_upgraded":3,"win_rate":0.0,"timestamp":1610631729,"path_taken":["M","M","M","?","M","R","E","M","T","M","R","E","R","$","R","BOSS","M","M","M","M"],"items_purchased_type":["Card","Potion"],"build_version":"2020-12-22","purchased_purges":0,"victory":false,"max_hp_per_floor":[70,70,70,70,70,70,70,70,70,75,75,75,75,75,75,75,75,75,75,75,75,75],"card_choices":[{"not_picked":["Heel Hook","Calculated Gamble"],"picked":"Deadly Poison","floor":1},{"not_picked":["Deadly Poison","Underhanded Strike","Accuracy"],"picked":"SKIP","floor":2},{"not_picked":["Calculated Gamble","Prepared","Slice"],"picked":"SKIP","floor":3},{"not_picked":["Tactician","Heel Hook"],"picked":"Bane","floor":4},{"not_picked":["Quick Slash","Acrobatics"],"picked":"Poisoned Stab","floor":5},{"not_picked":["Outmaneuver","Acrobatics"],"picked":"Envenom","floor":7},{"not_picked":["Expertise","Outmaneuver"],"picked":"Dodge and Roll","floor":8},{"not_picked":["Quick Slash","Caltrops","Blur","Deadly Poison"],"picked":"SKIP","floor":10},{"not_picked":["Heel Hook","Prepared","Distraction"],"picked":"Backstab","floor":12},{"not_picked":["Glass Knife","Grand Finale","Storm of Steel"],"picked":"A Thousand Cuts","floor":16},{"not_picked":["Dagger Throw","Dagger Spray","Flying Knee"],"picked":"Acrobatics","floor":18},{"not_picked":["Dash","Outmaneuver","Slice"],"picked":"Catalyst","floor":19},{"not_picked":["Bullet Time","PiercingWail","Eviscerate"],"picked":"Escape Plan+1","floor":20}],"player_experience":298523,"relics_obtained":[{"floor":7,"key":"TungstenRod"},{"floor":9,"key":"Question Card"},{"floor":12,"key":"Ancient Tea Set"}],"event_choices":[],"is_beta":false,"boss_relics":[{"not_picked":["Philosopher\u0027s Stone","Calling Bell"],"picked":"Cursed Key"}],"items_purged_floors":[],"is_endless":false,"potions_floor_spawned":[1,3,5,7,10,20],"killed_by":"Cultist and Chosen","ascension_level":2}}