{"host":"uceopoba4zvqsgiy","time":1610653219,"event":{"mods":["Act Like it!","BaseMod","Better Skull","Better Third Choice","Elementarium","Evolution","GifTheSpireLib","Hermit","Humility","Infinite Spire","Jorbs\u0027s Wanderer Trilogy","Marked Mod","Minty Spire (QoL Compilation)","Potionbrewer","Replay The Spire","Robot Space Explorer","Shade Mod","Spicy Shops","StSLib","Stuff the Spire","The Blue Laboratory","The Caster","The Cursed","The Dragon Tamer","The Hierophant","The Judge","The Jungle","Wandering Minibosses"],"gold_per_floor":[113,113,113,133,152,152,185,196,196,196,196,196,196],"floor_reached":12,"language":"ENG","playtime":560,"items_purged":[],"score":113,"play_id":"1c91221c-e15f-40aa-9f2e-fff76b45a5de","local_time":"20210115061019","is_ascension_mode":true,"campfire_choices":[{"floor":6.0,"key":"REST"}],"circlet_count":0,"master_deck":["Barrage","Strike_B","Strike_B","Strike_B","Defend_B","Defend_B","Defend_B","Defend_B","Zap","Force Field","Exhume","Demon Form","Bash","WeaponsOverheat","Consume","ReplayReversal","White Noise","Gash","Heavy Blade","Gash","Burn"],"relics":["EVO:Axolotl","NeowsBlessing","StuffTheSpire:NeowsTribute","Prayer Wheel","Iron Core","infinitespire:Beetle Shell","Eternal Feather"],"acts_visited":["Exordium"],"potions_floor_usage":[12],"damage_taken":[{"damage":0.0,"enemies":"2 Louse","floor":1.0,"turns":1.0},{"damage":0.0,"enemies":"Jaw Worm","floor":4.0,"turns":1.0},{"damage":0.0,"enemies":"Small Slimes","floor":5.0,"turns":1.0},{"damage":41.0,"enemies":"Lagavulin","floor":7.0,"turns":6.0},{"damage":21.0,"enemies":"3 Louse","floor":8.0,"turns":6.0},{"damage":62,"enemies":"3 Sentries","floor":12,"turns":4}],"seed_played":"477143920574442268","potions_obtained":[{"floor":1.0,"key":"blueLaboratory:BiasPotion"},{"floor":5.0,"key":"blueLaboratory:FruitPreserves"},{"floor":8.0,"key":"potionbrewer:NoxiousPotion"}],"is_trial":false,"path_per_floor":["M","?","?","M","M","R","E","M","T","?","?","E"],"character_chosen":"DEFECT","items_purchased":[],"campfire_rested":1,"item_purchase_floors":[],"current_hp_per_floor":[68,49,49,49,49,71,30,9,9,34,34,0,0],"gold":196,"neow_bonus":"THREE_ENEMY_KILL","is_daily":false,"chose_seed":false,"campfire_upgraded":0,"win_rate":0.0,"timestamp":1610653219,"path_taken":["M","?","?","M","M","R","E","M","T","?","?","E"],"items_purchased_type":[],"build_version":"2020-12-22","purchased_purges":0,"victory":false,"max_hp_per_floor":[75,75,75,75,75,75,75,75,75,75,75,75,75],"card_choices":[{"not_picked":["Leap","Conserve Battery"],"picked":"Force Field","floor":1.0},{"not_picked":["Iron Wave","Turbo"],"picked":"WeaponsOverheat","floor":4.0},{"not_picked":["BasicCrystalCard","StuffTheSpire:Plugnplay"],"picked":"Consume","floor":4.0},{"not_picked":["Rebound","Auto Shields"],"picked":"ReplayReversal","floor":5.0},{"not_picked":["WeaponsOverheat","Auto Shields"],"picked":"White Noise","floor":5.0},{"not_picked":["Compile Driver","ReplaySort"],"picked":"Gash","floor":7.0},{"not_picked":["Dual Wield","Blizzard"],"picked":"Heavy Blade","floor":8.0},{"not_picked":["Sweeping Beam","Iron Wave"],"picked":"Gash","floor":8.0}],"player_experience":1679899,"relics_obtained":[{"floor":7.0,"key":"infinitespire:Beetle Shell"},{"floor":9.0,"key":"Eternal Feather"}],"event_choices":[{"damage_healed":25.0,"max_hp_gain":0.0,"max_hp_loss":0.0,"gold_gain":0.0,"event_name":"Big Fish","player_choice":"Banana","floor":10.0,"gold_loss":0.0,"damage_taken":0.0},{"damage_healed":34.0,"max_hp_gain":0.0,"max_hp_loss":75.0,"gold_gain":0.0,"event_name":"betterThird:BetterShining","player_choice":"Embrace Burn","floor":11.0,"gold_loss":0.0,"damage_taken":0.0}],"is_beta":false,"boss_relics":[],"items_purged_floors":[],"is_endless":false,"potions_floor_spawned":[1,5,8],"killed_by":"3 Sentries","ascension_level":9}}