{"host":"0vd2boh2oi7jm085","time":1610621647,"event":{"mods":["BaseMod","Colored Map","Colored Powertips","Highlight Path","Minty Spire (QoL Compilation)","Quick Restart","StSLib","The IronCluck"],"gold_per_floor":[115,125,95,95,95,124,399,399,399,418,16,41,61,74,74,146,146,161,161,161,174,187,187,462,287,287,298,298,298,298,315,315,392,392,402,402,402,452,452,452,468,486,486,499,499,528,172,184,184,184],"floor_reached":51,"language":"ENG","playtime":895,"items_purged":["Regret","Regret","Regret"],"score":1405,"play_id":"e3d81dee-c8f8-46f1-a868-53774eb342f9","local_time":"20210114025407","is_ascension_mode":true,"campfire_choices":[{"data":"Seeing Red","floor":8.0,"key":"SMITH"},{"floor":15.0,"key":"REST"},{"floor":23.0,"key":"REST"},{"data":"Perfected Strike","floor":28.0,"key":"SMITH"},{"data":"Perfected Strike","floor":30.0,"key":"SMITH"},{"data":"Perfected Strike","floor":32.0,"key":"SMITH"},{"data":"Inflame","floor":40.0,"key":"SMITH"},{"floor":45,"key":"REST"},{"data":"Demon Form","floor":49,"key":"SMITH"}],"circlet_count":0,"master_deck":["AscendersBane","Strike_R+1","Strike_R+1","Strike_R+1","Strike_R+1","Strike_R+1","Defend_R+1","Defend_R+1","Defend_R+1","Bash","Perfected Strike+1","Seeing Red+1","Twin Strike","Twin Strike","Inflame","Perfected Strike+1","Twin Strike","Perfected Strike+1","Inflame+1","Thunderclap","Pommel Strike","Demon Form+1"],"relics":["Burning Blood","NeowsBlessing","Blood Vial","Bag of Marbles","Bronze Scales","Lantern","Membership Card","Odd Mushroom","Velvet Choker","MutagenicStrength","Pen Nib","Potion Belt","Philosopher\u0027s Stone","PreservedInsect","HornCleat","Letter Opener","Orichalcum","Paper Frog","Cauldron"],"acts_visited":["Exordium","TheCity","TheBeyond"],"potions_floor_usage":[50,50,50,50,50,50,50,50],"damage_taken":[{"damage":0.0,"enemies":"Small Slimes","floor":1.0,"turns":1.0},{"damage":0.0,"enemies":"Cultist","floor":2.0,"turns":1.0},{"damage":0.0,"enemies":"3 Sentries","floor":6.0,"turns":2.0},{"damage":11.0,"enemies":"Jaw Worm","floor":10.0,"turns":3.0},{"damage":33.0,"enemies":"The Mushroom Lair","floor":12.0,"turns":3.0},{"damage":4.0,"enemies":"3 Louse","floor":13.0,"turns":2.0},{"damage":13.0,"enemies":"Exordium Thugs","floor":14.0,"turns":4.0},{"damage":52.0,"enemies":"Slime Boss","floor":16.0,"turns":8.0},{"damage":25.0,"enemies":"Spheric Guardian","floor":18.0,"turns":4.0},{"damage":13.0,"enemies":"Shell Parasite","floor":21.0,"turns":2.0},{"damage":3.0,"enemies":"3 Cultists","floor":22.0,"turns":4.0},{"damage":0.0,"enemies":"Snake Plant","floor":27.0,"turns":2.0},{"damage":6.0,"enemies":"Centurion and Healer","floor":31.0,"turns":2.0},{"damage":70.0,"enemies":"Collector","floor":33.0,"turns":5.0},{"damage":0.0,"enemies":"Orb Walker","floor":35.0,"turns":1.0},{"damage":18.0,"enemies":"3 Darklings","floor":41.0,"turns":4.0},{"damage":31.0,"enemies":"Spire Growth","floor":42.0,"turns":3.0},{"damage":0,"enemies":"Maw","floor":44,"turns":4},{"damage":1,"enemies":"Reptomancer","floor":46,"turns":2},{"damage":0,"enemies":"Transient","floor":48,"turns":6},{"damage":61,"enemies":"Time Eater","floor":50,"turns":5}],"seed_played":"3304493676697514124","potions_obtained":[{"floor":6.0,"key":"Energy Potion"},{"floor":10.0,"key":"CultistPotion"},{"floor":16.0,"key":"BloodPotion"},{"floor":27.0,"key":"LiquidMemories"},{"floor":33.0,"key":"SteroidPotion"},{"floor":47,"key":"PowerPotion"},{"floor":47,"key":"EntropicBrew"}],"is_trial":false,"path_per_floor":["M","M","$","?","$","E","?","R","T","M","$","?","M","M","R","B",null,"M","?","?","M","M","R","?","$","T","M","R","?","R","M","R","B",null,"M","?","?","T","?","R","M","M","T","M","R","E","$","M","R","B",null],"character_chosen":"IRONCLAD","items_purchased":["Twin Strike","Lantern","Membership Card","Inflame","Pen Nib","Inflame","Orichalcum","Paper Frog","Cauldron"],"campfire_rested":3,"item_purchase_floors":[3,11,11,11,25,25,47,47,47],"current_hp_per_floor":[74,75,75,75,75,75,75,75,75,70,70,45,49,44,66,22,62,45,45,45,40,45,67,67,67,67,75,75,75,75,75,75,11,59,67,67,67,67,67,67,57,34,34,42,63,70,70,71,71,44],"gold":184,"neow_bonus":"THREE_ENEMY_KILL","is_daily":false,"chose_seed":false,"campfire_upgraded":6,"win_rate":0.0,"timestamp":1610621647,"path_taken":["M","M","$","?","$","E","?","R","T","?","$","?","M","M","R","BOSS","M","?","?","?","M","R","?","?","T","M","R","?","R","M","R","BOSS","M","?","?","?","?","R","M","M","T","M","R","E","$","M","R","BOSS"],"items_purchased_type":["Card","Relic","Relic","Card","Relic","Card","Relic","Relic","Relic"],"build_version":"2020-12-22","purchased_purges":3,"victory":true,"max_hp_per_floor":[75,75,75,75,75,75,75,75,75,75,75,75,75,75,75,75,75,75,75,75,75,75,75,75,75,75,75,75,75,75,75,75,75,75,75,71,71,71,71,71,71,71,71,71,71,71,71,71,71,71],"card_choices":[{"not_picked":["True Grit","Wild Strike"],"picked":"Perfected Strike","floor":1.0},{"not_picked":["Reckless Charge","Whirlwind"],"picked":"Seeing Red","floor":2.0},{"not_picked":["Headbutt","Armaments","Sever Soul"],"picked":"SKIP","floor":6.0},{"not_picked":["Armaments","Iron Wave"],"picked":"Twin Strike","floor":10.0},{"not_picked":["Metallicize","Second Wind","Sentinel"],"picked":"SKIP","floor":13.0},{"not_picked":["Twin Strike","True Grit"],"picked":"Perfected Strike","floor":14.0},{"not_picked":["Clash","Blood for Blood"],"picked":"Twin Strike","floor":18.0},{"not_picked":["Fire Breathing","Heavy Blade","Second Wind+1"],"picked":"SKIP","floor":21.0},{"not_picked":["Warcry","Shrug It Off"],"picked":"Perfected Strike","floor":22.0},{"not_picked":["Flex","Sword Boomerang"],"picked":"Thunderclap","floor":27.0},{"not_picked":["Headbutt","Anger","True Grit+1"],"picked":"SKIP","floor":31.0},{"not_picked":["Blood for Blood+1","Iron Wave","Intimidate"],"picked":"SKIP","floor":35.0},{"not_picked":["Dark Embrace+1","Headbutt","Seeing Red"],"picked":"SKIP","floor":41.0},{"not_picked":["Flex","Pummel","Anger"],"picked":"SKIP","floor":42.0},{"not_picked":["Ghostly Armor","Sever Soul"],"picked":"Pommel Strike","floor":44},{"not_picked":["Hemokinesis","Power Through"],"picked":"Demon Form","floor":46},{"not_picked":["Flex","Burning Pact+1","Body Slam"],"picked":"SKIP","floor":48}],"player_experience":104784,"relics_obtained":[{"floor":6.0,"key":"Bag of Marbles"},{"floor":9.0,"key":"Bronze Scales"},{"floor":12.0,"key":"Odd Mushroom"},{"floor":26.0,"key":"Potion Belt"},{"floor":38.0,"key":"PreservedInsect"},{"floor":43.0,"key":"HornCleat"},{"floor":46,"key":"Letter Opener"}],"event_choices":[{"damage_healed":0.0,"max_hp_gain":0.0,"max_hp_loss":0.0,"gold_gain":0.0,"event_name":"Big Fish","player_choice":"Box","floor":4.0,"gold_loss":0.0,"damage_taken":0.0,"relics_obtained":["Blood Vial"],"cards_obtained":["Regret"]},{"damage_healed":0.0,"max_hp_gain":0.0,"max_hp_loss":0.0,"gold_gain":275.0,"event_name":"Golden Shrine","player_choice":"Desecrate","floor":7.0,"gold_loss":0.0,"damage_taken":0.0,"cards_obtained":["Regret"]},{"damage_healed":0.0,"max_hp_gain":0.0,"max_hp_loss":0.0,"gold_gain":0.0,"event_name":"Mushrooms","player_choice":"Fought Mushrooms","floor":12.0,"gold_loss":0.0,"damage_taken":0.0},{"damage_healed":0.0,"max_hp_gain":0.0,"max_hp_loss":0.0,"gold_gain":0.0,"event_name":"Back to Basics","player_choice":"Simplicity","floor":19.0,"gold_loss":0.0,"damage_taken":0.0,"cards_upgraded":["Strike_R","Strike_R","Strike_R","Strike_R","Strike_R","Defend_R","Defend_R","Defend_R","Defend_R"]},{"damage_healed":0.0,"max_hp_gain":0.0,"max_hp_loss":0.0,"gold_gain":0.0,"event_name":"Drug Dealer","player_choice":"Inject Mutagens","floor":20.0,"gold_loss":0.0,"damage_taken":0.0,"relics_obtained":["MutagenicStrength"]},{"damage_healed":0.0,"max_hp_gain":0.0,"max_hp_loss":0.0,"gold_gain":275.0,"event_name":"Golden Shrine","player_choice":"Desecrate","floor":24.0,"gold_loss":0.0,"damage_taken":0.0,"cards_obtained":["Regret"]},{"damage_healed":0.0,"max_hp_gain":0.0,"max_hp_loss":0.0,"gold_gain":0.0,"event_name":"Beggar","player_choice":"Ignored","floor":29.0,"gold_loss":0.0,"damage_taken":0.0},{"damage_healed":0.0,"max_hp_gain":0.0,"max_hp_loss":4.0,"gold_gain":0.0,"event_name":"Winding Halls","player_choice":"Max HP","floor":36.0,"gold_loss":0.0,"damage_taken":0.0},{"cards_removed":["Defend_R"],"damage_healed":0.0,"max_hp_gain":0.0,"max_hp_loss":0.0,"gold_gain":0.0,"event_name":"Falling","player_choice":"Removed Skill","floor":37.0,"gold_loss":0.0,"damage_taken":0.0},{"damage_healed":0.0,"max_hp_gain":0.0,"max_hp_loss":0.0,"gold_gain":0.0,"event_name":"Tomb of Lord Red Mask","player_choice":"Ignored","floor":39.0,"gold_loss":0.0,"damage_taken":0.0}],"is_beta":false,"boss_relics":[{"not_picked":["Mark of Pain","Runic Dome"],"picked":"Velvet Choker"},{"not_picked":["Astrolabe","Empty Cage"],"picked":"Philosopher\u0027s Stone"}],"items_purged_floors":[11,25,47],"is_endless":false,"potions_floor_spawned":[6,10,16,22,27,33,41,48],"ascension_level":18}}