{"host":"k4v81cw6j0eb8mtc","time":1610596958,"event":{"mods":["BaseMod","BetterRewards","Downfall","GifTheSpireLib","Minty Spire (QoL Compilation)","Quick Restart","Replay The Spire","StSLib"],"gold_per_floor":[99,99,99,99,99,109,109,109,142,159,159,175,175,193,210,210,210,210],"floor_reached":16,"language":"ENG","playtime":691,"items_purged":[],"score":100,"play_id":"e71c1a18-b32b-4d3f-90ab-ce51768a0d13","local_time":"20210113230238","is_ascension_mode":false,"campfire_choices":[{"data":"Guardian:TwinSlam","floor":1,"key":"SMITH"},{"data":"Guardian:EvasiveProtocol","floor":8,"key":"SMITH"},{"floor":11,"key":"REST"},{"data":"Guardian:RevengeProtocol","floor":13,"key":"SMITH"}],"circlet_count":0,"master_deck":["Guardian:Strike_Guardian","Guardian:Strike_Guardian","Guardian:Strike_Guardian","Guardian:Defend_Guardian","Guardian:Defend_Guardian","Guardian:Defend_Guardian","Guardian:Defend_Guardian","Guardian:CurlUp","Guardian:TwinSlam+1","Guardian:EvasiveProtocol+1","Guardian:BaubleBeam","Guardian:RevengeProtocol+1","Guardian:PrismaticBeam","Guardian:GuardianWhirl","Guardian:BronzeArmor"],"relics":["Guardian:ModeShifter","downfall:HeartsMalice","Shuriken","Potion Belt"],"acts_visited":["Exordium"],"potions_floor_usage":[10],"damage_taken":[{"damage":0,"enemies":"Jaw Worm","floor":2,"turns":1},{"damage":0,"enemies":"Cultist","floor":4,"turns":1},{"damage":0,"enemies":"downfall:FleeingMerchant","floor":5,"turns":1},{"damage":0,"enemies":"2 Louse","floor":6,"turns":2},{"damage":42,"enemies":"3 Sentries","floor":9,"turns":10},{"damage":0,"enemies":"Large Slime","floor":10,"turns":6},{"damage":0,"enemies":"Blue Slaver","floor":12,"turns":5},{"damage":8,"enemies":"2 Fungi Beasts","floor":14,"turns":4},{"damage":12,"enemies":"Lots of Slimes","floor":15,"turns":4},{"damage":40,"enemies":"downfall:Silent","floor":16,"turns":15}],"seed_played":"-7632988151894962867","potions_obtained":[{"floor":6,"key":"SteroidPotion"},{"floor":9,"key":"Venom Potion"},{"floor":10,"key":"Strength Potion"}],"is_trial":false,"path_per_floor":["R","M","?","M","$","M","T","R","E","M","R","M","R","M","M","B"],"character_chosen":"GUARDIAN","items_purchased":[],"campfire_rested":1,"item_purchase_floors":[],"current_hp_per_floor":[80,80,80,80,80,80,80,80,38,38,62,62,62,54,42,2,2,2],"gold":210,"neow_bonus":"THREE_ENEMY_KILL","is_daily":false,"chose_seed":false,"campfire_upgraded":3,"win_rate":0.0,"timestamp":1610596958,"path_taken":["R","M","?","M","$","M","T","R","E","M","R","?","R","M","M","BOSS"],"items_purchased_type":[],"build_version":"2020-12-22","purchased_purges":0,"victory":false,"max_hp_per_floor":[80,80,80,80,80,80,80,80,80,80,80,80,80,80,80,80,80,80],"card_choices":[{"not_picked":["Guardian:BronzeOrb","Guardian:ShieldCharger"],"picked":"Guardian:Gem_Red","floor":2},{"not_picked":["Guardian:TemporalShield","Guardian:Suspension"],"picked":"Guardian:EvasiveProtocol","floor":4},{"not_picked":["Guardian:ShieldCharger","Guardian:PrismaticBeam"],"picked":"Guardian:BaubleBeam","floor":5},{"not_picked":["Guardian:ShieldCharger","Guardian:Recover"],"picked":"Guardian:Gem_Lightblue","floor":6},{"not_picked":["Guardian:Reroute","Guardian:PrimingBeam"],"picked":"Guardian:RevengeProtocol","floor":9},{"not_picked":["Guardian:CrystalBeam","Guardian:Recover"],"picked":"Guardian:Gem_White","floor":10},{"not_picked":["Guardian:TemporalShield","Guardian:BronzeOrb"],"picked":"Guardian:PrismaticBeam","floor":12},{"not_picked":["Guardian:Recover","Guardian:Clone"],"picked":"Guardian:GuardianWhirl","floor":14},{"not_picked":["Guardian:PrismaticBeam","Guardian:Planning"],"picked":"Guardian:BronzeArmor","floor":15}],"player_experience":223796,"relics_obtained":[{"floor":7,"key":"Shuriken"},{"floor":9,"key":"Potion Belt"}],"event_choices":[{"cards_removed":["Guardian:Strike_Guardian"],"damage_healed":0,"gold_gain":0,"player_choice":"Offered Basic","damage_taken":0,"max_hp_gain":0,"max_hp_loss":0,"event_name":"Bonfire Elementals","floor":3,"gold_loss":0}],"is_beta":false,"boss_relics":[],"items_purged_floors":[],"is_endless":false,"potions_floor_spawned":[6,9,10],"killed_by":"downfall:Silent","ascension_level":0}}