{"host":"ooetke516h53yqww","time":1610647461,"event":{"mods":["100% Spire Juice","2.2 Compatiblity","Abigail Mod","Act Like it!","Astrologer","Bartender","BaseMod","Beaked The Cultist","Better Match","Better Third Choice","Conspire","Elementarium","Friendly Minions","Hallownest","Hermit","HololiveMod","Hubris","Infinite Spire","Kiyohime????","Lobotomy","LobotomyExtend","Mari Mod (Legacy)","Mari\u0027s V1 Patch","Menagerie","Minty Spire (QoL Compilation)","Prisma Mod","Random Character Button","Replay The Spire","Robot Space Explorer","Spicy Shops","StSLib","Td1madao Mod","The Alterego","The Bug Knight","The Marked","The Poker Player","The Senshi","TheSwordswoman","Uncapped","WarShipGirlsR/????R mod","Yakumo Yukari mod","Yohane!"],"gold_per_floor":[114,132,149,164,362,362,362],"floor_reached":6,"language":"ENG","playtime":481,"items_purged":[],"score":76,"play_id":"ce25cbb4-ff21-4cda-b4b4-edd648e14c83","local_time":"20210114130421","daily_mods":["Draft"],"is_ascension_mode":true,"campfire_choices":[],"circlet_count":0,"master_deck":["AscendersBane","Bitters","Meditate","Momentum","Insight_B","Insight_B","Perfect_Balance","Pony_Shot","Cross","Meteodrive","Wall_of_Ice","Ball_Of_Ice","Ball_Of_Ice","Power_Up_Punch","Step_Of_The_Wind","Vortex","Feint","Surge","Fading_Blow","Pain","Top_Shelf"],"relics":["Sneakers"],"acts_visited":["Exordium"],"potions_floor_usage":[6],"damage_taken":[{"damage":0,"enemies":"Small Slimes","floor":1,"turns":4},{"damage":0,"enemies":"2 Louse","floor":2,"turns":3},{"damage":15,"enemies":"conspire:RoseBush","floor":3,"turns":1},{"damage":34,"enemies":"conspire:2 RoseBushes","floor":4,"turns":9},{"damage":10,"enemies":"Lagavulin","floor":6,"turns":4}],"seed_played":"-8300821298264650419","potions_obtained":[{"floor":1,"key":"Explosive Potion"},{"floor":3,"key":"DuplicationPotion"}],"is_trial":true,"path_per_floor":["M","M","M","M","?","E"],"character_chosen":"BARTENDER","items_purchased":[],"campfire_rested":0,"item_purchase_floors":[],"current_hp_per_floor":[59,59,44,10,10,0,0],"gold":362,"neow_bonus":"","is_daily":false,"chose_seed":false,"campfire_upgraded":0,"win_rate":0.0,"timestamp":1610647461,"path_taken":["M","M","M","M","?","E"],"items_purchased_type":[],"build_version":"2020-12-22","purchased_purges":0,"victory":false,"max_hp_per_floor":[65,65,65,65,65,65,65],"card_choices":[{"not_picked":["On_The_Rocks","Fading_Blow"],"picked":"Bitters","floor":0},{"not_picked":["Press_Forward","Well_Drinks"],"picked":"Meditate","floor":0},{"not_picked":["Sucker_Punch","Torment"],"picked":"Momentum","floor":0},{"not_picked":["Greased_Lightning","Scowl"],"picked":"Insight_B","floor":0},{"not_picked":["Foot_Thrust","Axe_Heel_Kick"],"picked":"Insight_B","floor":0},{"not_picked":["OpoOpo_Form","Well_Drinks"],"picked":"Perfect_Balance","floor":0},{"not_picked":["With_A_Twist","Torment"],"picked":"Pony_Shot","floor":0},{"not_picked":["Perfect_Balance","Phantom_Blow"],"picked":"Cross","floor":0},{"not_picked":["Training_Dummy","Waterkick"],"picked":"Meteodrive","floor":0},{"not_picked":["Phantom_Blow","Surge"],"picked":"Wall_of_Ice","floor":0},{"not_picked":["Feint","Snap_Punch"],"picked":"Ball_Of_Ice","floor":0},{"not_picked":["Dragonkick","Step_Of_The_Wind"],"picked":"Ball_Of_Ice","floor":0},{"not_picked":["Stick_and_Move","Fading_Blow"],"picked":"Power_Up_Punch","floor":0},{"not_picked":["Scoop","Bloodbath_Bartender"],"picked":"Step_Of_The_Wind","floor":0},{"not_picked":["Alacrity","Step_Of_The_Wind"],"picked":"Vortex","floor":0},{"not_picked":["Ripple","Stick_and_Move"],"picked":"Feint","floor":1},{"not_picked":["Dancing_Jab","Feint","With_A_Twist"],"picked":"SKIP","floor":2},{"not_picked":["Stick_and_Move","RockBreaker"],"picked":"Surge","floor":3},{"not_picked":["Waterkick","Fight_Dirty"],"picked":"Fading_Blow","floor":4},{"not_picked":["Foot_Thrust","Surge"],"picked":"Top_Shelf","floor":5}],"player_experience":1523442,"relics_obtained":[],"event_choices":[],"is_beta":false,"boss_relics":[],"items_purged_floors":[],"is_endless":false,"potions_floor_spawned":[1,3],"killed_by":"Lagavulin","ascension_level":20}}