{"host":"wha9hktbkslqvblg","time":1610631465,"event":{"mods":["BaseMod","Colored Map","Minty Spire (QoL Compilation)","Relic Stats","SuperFastMode","everything is the same but u backflip on backflip"],"gold_per_floor":[113,113,163,177,177,177,209,209,209,16,44,63,96,116,116,192,192,205,155,155,155,155,155,169,169,249,281,281,281],"floor_reached":28,"language":"KOR","playtime":412,"items_purged":["Strike_R"],"score":554,"play_id":"cc7027b8-a0df-49bf-8cd8-dce5a66affa0","local_time":"20210114223745","is_ascension_mode":true,"campfire_choices":[{"data":"Pommel Strike","floor":6.0,"key":"SMITH"},{"floor":8.0,"key":"RECALL"},{"data":"Fire Breathing","floor":15.0,"key":"SMITH"},{"floor":23.0,"key":"REST"},{"floor":25.0,"key":"REST"}],"circlet_count":0,"master_deck":["AscendersBane","Strike_R","Strike_R","Strike_R","Defend_R","Defend_R","Defend_R","Defend_R","Bash","Pommel Strike+1","Immolate+1","Shrug It Off+1","Fire Breathing+1","Double Tap+1","Bloodletting+1"],"relics":["Burning Blood","NeowsBlessing","Toxic Egg 2","Molten Egg 2","Smiling Mask","Sundial","Black Star","White Beast Statue","Bag of Preparation","Incense Burner"],"acts_visited":["Exordium","TheCity"],"potions_floor_usage":[28],"damage_taken":[{"damage":0.0,"enemies":"2 Louse","floor":1.0,"turns":1.0},{"damage":0.0,"enemies":"Cultist","floor":4.0,"turns":2.0},{"damage":0.0,"enemies":"Lagavulin","floor":7.0,"turns":1.0},{"damage":10.0,"enemies":"3 Sentries","floor":11.0,"turns":3.0},{"damage":0.0,"enemies":"Small Slimes","floor":12.0,"turns":1.0},{"damage":25.0,"enemies":"Gremlin Nob","floor":13.0,"turns":4.0},{"damage":4.0,"enemies":"Gremlin Gang","floor":14.0,"turns":2.0},{"damage":38.0,"enemies":"Hexaghost","floor":16.0,"turns":8.0},{"damage":41.0,"enemies":"Spheric Guardian","floor":18.0,"turns":6.0},{"damage":0.0,"enemies":"2 Thieves","floor":24.0,"turns":1.0},{"damage":59.0,"enemies":"Slavers","floor":27.0,"turns":3.0},{"damage":0,"enemies":"Snake Plant","floor":28,"turns":1}],"seed_played":"-4908594015143411462","potions_obtained":[{"floor":4.0,"key":"FearPotion"},{"floor":14.0,"key":"HeartOfIron"},{"floor":16.0,"key":"DuplicationPotion"},{"floor":24.0,"key":"FearPotion"},{"floor":27.0,"key":"BlessingOfTheForge"}],"is_trial":false,"path_per_floor":["M","?","?","M","?","R","E","R","T","$","E","M","E","M","R","B",null,"M","$","?","?","?","R","M","R","T","E","M"],"character_chosen":"IRONCLAD","items_purchased":["Immolate+1","Shrug It Off+1"],"campfire_rested":2,"item_purchase_floors":[10,10],"current_hp_per_floor":[74,79,71,77,77,77,80,80,80,80,76,80,61,63,63,31,68,33,33,33,33,10,35,41,66,66,13,13,13],"gold":281,"neow_bonus":"THREE_ENEMY_KILL","is_daily":false,"chose_seed":false,"campfire_upgraded":2,"win_rate":0.0,"timestamp":1610631465,"path_taken":["M","?","?","?","?","R","E","R","T","$","E","M","E","?","R","BOSS","M","$","?","?","?","R","M","R","T","E","M"],"items_purchased_type":["Card","Card"],"build_version":"2020-12-22","purchased_purges":1,"victory":false,"max_hp_per_floor":[75,80,80,80,80,80,80,80,80,80,80,80,80,80,80,80,80,80,80,80,80,85,85,85,85,85,85,85,85],"relic_stats":{"counters":[12,33],"Sundial":[4],"Black Star":1,"Bag of Preparation":[2],"Smiling Mask":25,"obtain_stats":[{"NeowsBlessing":0,"Sundial":13,"Molten Egg 2":9,"Black Star":17,"Bag of Preparation":27,"Incense Burner":27,"Toxic Egg 2":7,"Smiling Mask":11,"Burning Blood":0,"White Beast Statue":26},{"NeowsBlessing":0,"Sundial":6,"Molten Egg 2":3,"Black Star":8,"Bag of Preparation":11,"Incense Burner":11,"Toxic Egg 2":3,"Smiling Mask":4,"Burning Blood":0,"White Beast Statue":10},{"NeowsBlessing":0,"Sundial":12,"Molten Egg 2":4,"Black Star":22,"Bag of Preparation":32,"Incense Burner":32,"Toxic Egg 2":4,"Smiling Mask":7,"Burning Blood":0,"White Beast Statue":29}],"Burning Blood":61},"card_choices":[{"not_picked":["Clothesline","Disarm","Anger"],"picked":"SKIP","floor":1.0},{"not_picked":["Sword Boomerang","Warcry"],"picked":"Pommel Strike","floor":4.0},{"not_picked":["Havoc+1","Flex+1","Armaments+1"],"picked":"SKIP","floor":7.0},{"not_picked":["Anger+1","Shrug It Off+1","Burning Pact+1"],"picked":"SKIP","floor":11.0},{"not_picked":["Ghostly Armor+1","Iron Wave+1"],"picked":"Fire Breathing","floor":12.0},{"not_picked":["Anger+1","Perfected Strike+1","Shrug It Off+1"],"picked":"SKIP","floor":13.0},{"not_picked":["Rupture","Cleave+1","Shockwave+1"],"picked":"SKIP","floor":14.0},{"not_picked":["Exhume+1","Limit Break+1"],"picked":"Double Tap+1","floor":16.0},{"not_picked":["Hemokinesis+1","Pommel Strike+1","Metallicize"],"picked":"SKIP","floor":18.0},{"not_picked":["Warcry+1","Sword Boomerang+1"],"picked":"Bloodletting+1","floor":24.0},{"not_picked":["Cleave+1","Combust","Rage+1"],"picked":"SKIP","floor":27.0}],"player_experience":972650,"relics_obtained":[{"floor":7.0,"key":"Toxic Egg 2"},{"floor":9.0,"key":"Molten Egg 2"},{"floor":11.0,"key":"Smiling Mask"},{"floor":13.0,"key":"Sundial"},{"floor":26.0,"key":"White Beast Statue"},{"floor":27.0,"key":"Bag of Preparation"},{"floor":27.0,"key":"Incense Burner"}],"event_choices":[{"damage_healed":0.0,"max_hp_gain":5.0,"max_hp_loss":0.0,"gold_gain":0.0,"event_name":"Big Fish","player_choice":"Donut","floor":2.0,"gold_loss":0.0,"damage_taken":0.0},{"damage_healed":0.0,"max_hp_gain":0.0,"max_hp_loss":0.0,"gold_gain":50.0,"event_name":"FaceTrader","player_choice":"Touch","floor":3.0,"gold_loss":0.0,"damage_taken":8.0},{"cards_removed":["Strike_R"],"damage_healed":0.0,"max_hp_gain":0.0,"max_hp_loss":0.0,"gold_gain":0.0,"event_name":"Purifier","player_choice":"Purged","floor":5.0,"gold_loss":0.0,"damage_taken":0.0},{"damage_healed":0.0,"max_hp_gain":0.0,"max_hp_loss":0.0,"gold_gain":0.0,"event_name":"The Mausoleum","player_choice":"Ignored","floor":20.0,"gold_loss":0.0,"damage_taken":0.0},{"damage_healed":0.0,"max_hp_gain":0.0,"max_hp_loss":0.0,"gold_gain":0.0,"event_name":"Vampires","player_choice":"Ignored","floor":21.0,"gold_loss":0.0,"damage_taken":0.0},{"damage_healed":0.0,"max_hp_gain":5.0,"max_hp_loss":0.0,"gold_gain":0.0,"event_name":"Forgotten Altar","player_choice":"Shed Blood","floor":22.0,"gold_loss":0.0,"damage_taken":28.0}],"is_beta":false,"boss_relics":[{"not_picked":["Mark of Pain","Tiny House"],"picked":"Black Star"}],"items_purged_floors":[19],"is_endless":false,"potions_floor_spawned":[4,14,16,18,24,27],"killed_by":"Snake Plant","ascension_level":20}}