{"host":"lmshf3swj20gmdor","time":1610583722,"event":{"mods":["2.2 Compatiblity","Aspiration","BaseMod","Conspire","Downfall","Googly Eyes","Hubris","Mad Scientist","Minty Spire (QoL Compilation)","Replay The Spire","Spikes Relics","StSLib","Synergy Search","The Construct"],"gold_per_floor":[115,115,89,18,31,60,60,77,100,100,117,137,137,164,164,262,262,282,295,295,295],"floor_reached":20,"language":"ENG","playtime":424,"items_purged":[],"score":314,"play_id":"c9fdbdc9-b0b1-4257-8663-383a5e3561b7","local_time":"20210114002202","is_ascension_mode":true,"campfire_choices":[{"data":"Defragment","floor":7,"key":"SMITH"},{"data":"Zap","floor":10,"key":"SMITH"},{"data":"Ball Lightning","floor":13,"key":"SMITH"},{"data":"Cold Snap","floor":15,"key":"SMITH"}],"circlet_count":0,"master_deck":["AscendersBane","Strike_B","Strike_B","Strike_B","Strike_B","Defend_B","Defend_B","Defend_B","Defend_B","Zap+1","Dualcast","Cold Snap+1","Ball Lightning+1","Defragment+1","Scrape+1","Sunder+1","Seek"],"relics":["Cracked Core","NeowsBlessing","ReplayTheSpireMod:TigerMarble","Molten Egg 2","Blood Vial","Gremlin Food","Busted Crown"],"acts_visited":["Exordium","TheCity"],"potions_floor_usage":[16],"damage_taken":[{"damage":0,"enemies":"Small Slimes","floor":1,"turns":1},{"damage":0,"enemies":"2 Louse","floor":5,"turns":1},{"damage":0,"enemies":"Lagavulin","floor":6,"turns":1},{"damage":0,"enemies":"Cultist","floor":8,"turns":2},{"damage":23,"enemies":"Lots of Slimes","floor":11,"turns":3},{"damage":18,"enemies":"Large Slime","floor":12,"turns":3},{"damage":14,"enemies":"Gremlin Nob","floor":14,"turns":3},{"damage":20,"enemies":"Hexaghost","floor":16,"turns":8},{"damage":12,"enemies":"Chosen","floor":18,"turns":3},{"damage":30,"enemies":"Shell Parasite","floor":19,"turns":3},{"damage":28,"enemies":"Shelled Parasite and Fungi","floor":20,"turns":2}],"seed_played":"2133558374531945927","potions_obtained":[{"floor":1,"key":"Explosive Potion"},{"floor":6,"key":"Explosive Potion"},{"floor":8,"key":"Swift Potion"}],"is_trial":false,"path_per_floor":["M","?","$","?","M","E","R","M","T","R","M","M","R","E","R","B",null,"M","M","M"],"character_chosen":"DEFECT","items_purchased":["Ball Lightning"],"campfire_rested":0,"item_purchase_floors":[3],"current_hp_per_floor":[68,68,68,68,68,68,68,68,68,68,47,31,31,19,19,1,57,47,19,0,0],"gold":295,"neow_bonus":"THREE_ENEMY_KILL","is_daily":false,"chose_seed":false,"campfire_upgraded":4,"win_rate":0.0,"timestamp":1610583722,"path_taken":["M","?","$","?","M","E","R","?","T","R","M","M","R","E","R","BOSS","M","M","?"],"items_purchased_type":["Card"],"build_version":"2020-12-22","purchased_purges":0,"victory":false,"max_hp_per_floor":[75,75,75,75,75,75,75,75,75,75,75,75,75,75,75,75,75,75,75,75,75],"card_choices":[{"not_picked":["Crystallizer","Hologram"],"picked":"Cold Snap","floor":1},{"not_picked":["Redo","conspire:Rain"],"picked":"Defragment","floor":5},{"not_picked":["Conserve Battery","Heatsinks","Force Field"],"picked":"SKIP","floor":6},{"not_picked":["Steam","Heatsinks"],"picked":"Scrape+1","floor":8},{"not_picked":["Leap","Stack","Reinforced Body"],"picked":"SKIP","floor":11},{"not_picked":["Steam","BasicCrystalCard"],"picked":"Sunder+1","floor":12},{"not_picked":["Conserve Battery","Stack","Panic Button"],"picked":"SKIP","floor":14},{"not_picked":["ReplayTheSpireMod:Omega Cannon+1","Thunder Strike+1"],"picked":"Seek","floor":16},{"not_picked":["Reinforced Body+1"],"picked":"SKIP","floor":18},{"not_picked":["Redo"],"picked":"SKIP","floor":19}],"player_experience":871936,"relics_obtained":[{"floor":6,"key":"Molten Egg 2"},{"floor":9,"key":"Blood Vial"},{"floor":14,"key":"Gremlin Food"}],"event_choices":[{"damage_healed":0,"gold_gain":0,"player_choice":"Paid Gold","damage_taken":0,"relics_obtained":["ReplayTheSpireMod:TigerMarble"],"max_hp_gain":0,"max_hp_loss":0,"event_name":"WeMeetAgain","floor":4,"gold_loss":71}],"is_beta":false,"boss_relics":[{"not_picked":["Runic Pyramid","aspiration:RitualDagger"],"picked":"Busted Crown"}],"items_purged_floors":[],"is_endless":false,"potions_floor_spawned":[1,6,8,12],"killed_by":"Shelled Parasite and Fungi","ascension_level":10}}