{"host":"4ag909k4xupnj24b","time":1610604715,"event":{"mods":["BaseMod","Minty Spire (QoL Compilation)","StSLib"],"gold_per_floor":[113,131,151,151,4,43,43,66,66,141,141,161,6,6,6,101,101,121,135,155,180,180,180,180],"floor_reached":23,"language":"ENG","playtime":1159,"items_purged":["Strike_B"],"score":338,"play_id":"32045348-ef8c-49ec-bae9-0c39f8747218","local_time":"20210113221155","is_ascension_mode":true,"campfire_choices":[{"floor":7,"key":"REST"},{"floor":11,"key":"REST"},{"floor":15,"key":"REST"}],"circlet_count":0,"master_deck":["AscendersBane","Strike_B","Strike_B","Strike_B","Defend_B","Defend_B","Defend_B","Defend_B","Zap","Dualcast","Cold Snap","Gash","Melter","Coolheaded","Skim","Ball Lightning","Loop+1","Seek","Chaos+1","Thunder Strike","Consume"],"relics":["Black Star","Golden Idol","Runic Capacitor","Ornamental Fan","Anchor","InkBottle","Cursed Key","CultistMask"],"acts_visited":["Exordium","TheCity"],"potions_floor_usage":[6,16,16,23],"damage_taken":[{"damage":18,"enemies":"Jaw Worm","floor":1,"turns":4},{"damage":7,"enemies":"Small Slimes","floor":2,"turns":4},{"damage":4,"enemies":"Cultist","floor":3,"turns":3},{"damage":31,"enemies":"3 Sentries","floor":6,"turns":12},{"damage":2,"enemies":"Blue Slaver","floor":8,"turns":4},{"damage":9,"enemies":"Red Slaver","floor":12,"turns":5},{"damage":14,"enemies":"Slime Boss","floor":16,"turns":10},{"damage":18,"enemies":"3 Byrds","floor":18,"turns":5},{"damage":1,"enemies":"Shell Parasite","floor":19,"turns":4},{"damage":9,"enemies":"Centurion and Healer","floor":20,"turns":7},{"damage":13,"enemies":"3 Cultists","floor":21,"turns":5},{"damage":17,"enemies":"Slavers","floor":23,"turns":2}],"seed_played":"6652221128922811720","potions_obtained":[{"floor":1,"key":"Explosive Potion"},{"floor":8,"key":"SkillPotion"},{"floor":12,"key":"LiquidMemories"},{"floor":21,"key":"Fire Potion"}],"is_trial":false,"path_per_floor":["M","M","M","?","$","E","R","M","T","?","R","M","$","?","R","B",null,"M","M","M","M","?","E"],"character_chosen":"DEFECT","items_purchased":["Runic Capacitor","Loop"],"campfire_rested":3,"item_purchase_floors":[5,13],"current_hp_per_floor":[46,39,35,35,35,4,23,21,21,10,29,20,20,20,39,25,54,36,35,26,13,13,0,0],"gold":180,"neow_bonus":"BOSS_RELIC","is_daily":false,"chose_seed":false,"campfire_upgraded":0,"win_rate":0.0,"timestamp":1610604715,"path_taken":["M","M","M","?","$","E","R","M","T","?","R","M","$","?","R","BOSS","M","M","M","M","?","E"],"items_purchased_type":["Relic","Card"],"build_version":"2020-12-22","purchased_purges":1,"victory":false,"max_hp_per_floor":[71,71,71,64,64,64,64,64,64,64,64,64,64,64,64,64,64,64,64,64,64,64,64,64],"card_choices":[{"not_picked":["Capacitor","Double Energy"],"picked":"Cold Snap","floor":1},{"not_picked":["Beam Cell","Storm"],"picked":"Gash","floor":2},{"not_picked":["Undo","Leap"],"picked":"Melter","floor":3},{"not_picked":["Meteor Strike","Turbo"],"picked":"Coolheaded","floor":6},{"not_picked":["Fusion","Storm"],"picked":"Skim","floor":8},{"not_picked":["Steam Power","Cold Snap"],"picked":"Ball Lightning","floor":12},{"not_picked":["Fission","Core Surge"],"picked":"Seek","floor":16},{"not_picked":["Conserve Battery","Capacitor"],"picked":"Chaos+1","floor":18},{"not_picked":["Steam","Coolheaded","Doom and Gloom"],"picked":"SKIP","floor":19},{"not_picked":["Redo","Steam"],"picked":"Thunder Strike","floor":20},{"not_picked":["Loop","Coolheaded"],"picked":"Consume","floor":21}],"player_experience":829253,"relics_obtained":[{"floor":6,"key":"Ornamental Fan"},{"floor":6,"key":"Anchor"},{"floor":9,"key":"InkBottle"}],"event_choices":[{"damage_healed":0,"gold_gain":0,"player_choice":"Lose Max HP","damage_taken":0,"relics_obtained":["Golden Idol"],"max_hp_gain":0,"max_hp_loss":7,"event_name":"Golden Idol","floor":4,"gold_loss":0},{"damage_healed":0,"gold_gain":75,"player_choice":"Gather Gold","damage_taken":11,"max_hp_gain":0,"max_hp_loss":0,"event_name":"World of Goop","floor":10,"gold_loss":0},{"damage_healed":0,"gold_gain":0,"player_choice":"Grow","damage_taken":0,"max_hp_gain":0,"max_hp_loss":0,"event_name":"Living Wall","floor":14,"gold_loss":0,"cards_upgraded":["Loop"]},{"damage_healed":0,"gold_gain":0,"player_choice":"Trade","damage_taken":0,"relics_obtained":["CultistMask"],"max_hp_gain":0,"max_hp_loss":0,"event_name":"FaceTrader","floor":22,"gold_loss":0}],"is_beta":false,"boss_relics":[{"not_picked":["SacredBark","Fusion Hammer"],"picked":"Cursed Key"}],"items_purged_floors":[13],"is_endless":false,"potions_floor_spawned":[1,8,12,21],"killed_by":"Slavers","ascension_level":15}}