{"host":"uceopoba4zvqsgiy","time":1610664527,"event":{"mods":["Act Like it!","BaseMod","Better Skull","Better Third Choice","Elementarium","Evolution","GifTheSpireLib","Hermit","Humility","Infinite Spire","Jorbs\u0027s Wanderer Trilogy","Marked Mod","Minty Spire (QoL Compilation)","Potionbrewer","Replay The Spire","Robot Space Explorer","Shade Mod","Spicy Shops","StSLib","Stuff the Spire","The Blue Laboratory","The Caster","The Cursed","The Dragon Tamer","The Hierophant","The Judge","The Jungle","Wandering Minibosses"],"gold_per_floor":[118,128,128,57,57,106,124,124,124,158,158,158,158],"floor_reached":12,"language":"ENG","playtime":2141,"items_purged":[],"score":145,"play_id":"3bea8381-f3e9-43fb-a8c6-99a11ac2f876","local_time":"20210115091847","is_ascension_mode":true,"campfire_choices":[{"floor":8,"key":"REST"}],"circlet_count":0,"master_deck":["Replay:BluntJabs","Replay:BluntJabs","Replay:BluntJabs","Replay:BluntJabs","Defend_P","Defend_P","Defend_P","Defend_P","Eruption","Vigilance","stsjorbsmod:CULLCard","Strike_B","Perseverance","MarkedMod:GracefulMovements","MarkedMod:GracefulMovements","LikeWater","WordoMod:FoggyMind","WordoMod:Petrified","infinitespire:FutureSight"],"relics":["PureWater","EVO:Axolotl","FaceOfCleric","Replay:Accelerometer","Kunai","infinitespire:Broken Mirror","Potion Belt"],"acts_visited":["Exordium"],"potions_floor_usage":[6],"damage_taken":[{"damage":0,"enemies":"2 Louse","floor":1,"turns":3},{"damage":0,"enemies":"Cultist","floor":2,"turns":2},{"damage":44,"enemies":"3 Sentries","floor":6,"turns":6},{"damage":12,"enemies":"Jaw Worm","floor":7,"turns":3},{"damage":32,"enemies":"Replay:BlueRogue","floor":10,"turns":5},{"damage":30,"enemies":"Gremlin Nob","floor":12,"turns":3}],"seed_played":"-8883608210993144912","potions_obtained":[{"floor":1,"key":"ColorlessPotion"},{"floor":7,"key":"blueLaboratory:BubblePotion"}],"is_trial":false,"path_per_floor":["M","M","?","$","T","E","M","R","T","E","?","E"],"character_chosen":"WATCHER","items_purchased":["MarkedMod:GracefulMovements"],"campfire_rested":1,"item_purchase_floors":[4],"current_hp_per_floor":[86,86,86,86,86,43,32,58,58,27,27,0,0],"gold":158,"neow_bonus":"TWENTY_PERCENT_HP_BONUS","is_daily":false,"chose_seed":false,"campfire_upgraded":0,"win_rate":0.0,"timestamp":1610664527,"path_taken":["M","M","?","$","?","E","M","R","T","E","?","E"],"items_purchased_type":["Card"],"build_version":"2020-12-22","purchased_purges":0,"victory":false,"max_hp_per_floor":[86,86,86,86,86,87,88,88,88,89,89,89,89],"card_choices":[{"not_picked":["CrushJoints","Replay:AtTheReady","FlyingSleeves"],"picked":"SKIP","floor":1},{"not_picked":["Prostrate","Replay:BluntJabs"],"picked":"Perseverance","floor":2},{"not_picked":["Replay:Anticipation","CrushJoints"],"picked":"MarkedMod:GracefulMovements","floor":6},{"not_picked":["CrushJoints","FlyingSleeves","MarkedMod:FirstStrike"],"picked":"SKIP","floor":7},{"not_picked":["MarkedMod:FirstStrike","Replay:ManipulateFuture"],"picked":"LikeWater","floor":10},{"not_picked":["infinitespire:UltimateForm","infinitespire:Execution"],"picked":"infinitespire:FutureSight","floor":11}],"player_experience":1680950,"relics_obtained":[{"floor":5,"key":"Replay:Accelerometer"},{"floor":6,"key":"Kunai"},{"floor":9,"key":"infinitespire:Broken Mirror"},{"floor":10,"key":"Potion Belt"}],"event_choices":[{"damage_healed":0,"gold_gain":0,"player_choice":"Trade","damage_taken":0,"relics_obtained":["FaceOfCleric"],"max_hp_gain":0,"max_hp_loss":0,"event_name":"FaceTrader","floor":3,"gold_loss":0}],"is_beta":false,"boss_relics":[],"items_purged_floors":[],"is_endless":false,"potions_floor_spawned":[1,7],"killed_by":"Gremlin Nob","ascension_level":2}}