{"host":"tnsigirk6wurdark","time":1610608273,"event":{"mods":["BaseMod","Bestiary","Colored Map","Colored Powertips","Curses Come First","DeckTracker","Highlight Path","Minty Spire (QoL Compilation)","Quick Restart","Relic Sorter","StSLib","Synergy Search"],"gold_per_floor":[167,178,197,197,214,243,57,94,94,94,105,105,132,147,147,219,519,531,37,47,47,65,65,65,65],"floor_reached":24,"language":"ENG","playtime":1148,"items_purged":["Strike_G"],"score":378,"play_id":"eddbff32-7656-484b-b3a7-5589e4bd726e","local_time":"20210114071113","is_ascension_mode":true,"campfire_choices":[{"floor":10,"key":"REST"},{"data":"HandOfGreed","floor":12,"key":"SMITH"},{"floor":15,"key":"REST"},{"floor":23,"key":"REST"}],"circlet_count":0,"master_deck":["AscendersBane","Strike_G","Strike_G","Strike_G","Strike_G","Defend_G","Defend_G","Defend_G+1","Defend_G","Defend_G","Survivor","Neutralize","Backflip","Bouncing Flask","Bane","Deadly Poison","Deflect","Dagger Throw","HandOfGreed+1","Dash","Corpse Explosion","Terror","Backflip","Night Terror","CurseOfTheBell","Deadly Poison","Panacea","Backstab","Bouncing Flask"],"relics":["Tiny House","Strawberry","Ninja Scroll","Juzu Bracelet","Shuriken","Calling Bell","Smiling Mask","HornCleat","Old Coin","Pantograph"],"acts_visited":["Exordium","TheCity"],"potions_floor_usage":[6,13,13,16,18,22,22,24],"damage_taken":[{"damage":2.0,"enemies":"Small Slimes","floor":1.0,"turns":6.0},{"damage":3.0,"enemies":"Cultist","floor":2.0,"turns":4.0},{"damage":3.0,"enemies":"Jaw Worm","floor":3.0,"turns":4.0},{"damage":4.0,"enemies":"Looter","floor":5.0,"turns":3.0},{"damage":28,"enemies":"Lagavulin","floor":6,"turns":6},{"damage":9,"enemies":"Large Slime","floor":8,"turns":5},{"damage":5,"enemies":"2 Fungi Beasts","floor":11,"turns":3},{"damage":4,"enemies":"Gremlin Nob","floor":13,"turns":3},{"damage":13,"enemies":"Blue Slaver","floor":14,"turns":3},{"damage":18,"enemies":"Hexaghost","floor":16,"turns":8},{"damage":10,"enemies":"2 Thieves","floor":18,"turns":4},{"damage":12,"enemies":"Chosen","floor":20,"turns":6},{"damage":51,"enemies":"Shelled Parasite and Fungi","floor":22,"turns":7},{"damage":38,"enemies":"Book of Stabbing","floor":24,"turns":5}],"seed_played":"6882291236955069685","potions_obtained":[{"floor":0.0,"key":"SmokeBomb"},{"floor":5.0,"key":"Regen Potion"},{"floor":8,"key":"Fire Potion"},{"floor":11,"key":"PowerPotion"},{"floor":14,"key":"Regen Potion"},{"floor":16,"key":"DuplicationPotion"},{"floor":20,"key":"BlessingOfTheForge"},{"floor":22,"key":"SteroidPotion"}],"is_trial":false,"path_per_floor":["M","M","M","?","M","E","$","M","T","R","M","R","E","M","R","B",null,"M","$","M","$","M","R","E"],"character_chosen":"THE_SILENT","items_purchased":["HandOfGreed","Panacea","Pantograph","Regen Potion"],"campfire_rested":3,"item_purchase_floors":[7,19,19,19],"current_hp_per_floor":[62,59,56,45,41,28,28,19,26,49,44,44,40,27,50,47,70,60,60,48,48,12,35,0,0],"gold":65,"neow_bonus":"BOSS_RELIC","is_daily":false,"chose_seed":false,"campfire_upgraded":1,"win_rate":0.0,"timestamp":1610608273,"path_taken":["M","M","M","?","M","E","$","M","T","R","M","R","E","M","R","BOSS","M","$","M","$","M","R","E"],"items_purchased_type":["Card","Card","Relic","Potion"],"build_version":"2020-12-22","purchased_purges":1,"victory":false,"max_hp_per_floor":[71,71,71,71,71,71,71,71,78,78,78,78,78,78,78,78,78,78,78,78,78,78,78,78,78],"card_choices":[{"not_picked":["Slice","Quick Slash"],"picked":"Backflip","floor":0.0},{"not_picked":["Terror","Acrobatics"],"picked":"Bouncing Flask","floor":1.0},{"not_picked":["Prepared","PiercingWail"],"picked":"Bane","floor":2.0},{"not_picked":["Setup","Outmaneuver"],"picked":"Deadly Poison","floor":3.0},{"not_picked":["Skewer","Calculated Gamble"],"picked":"Deflect","floor":5.0},{"not_picked":["Blade Dance","Infinite Blades"],"picked":"Dagger Throw","floor":6},{"not_picked":["Dodge and Roll","Expertise"],"picked":"Dash","floor":8},{"not_picked":["All Out Attack","Crippling Poison"],"picked":"Corpse Explosion","floor":11},{"not_picked":["Dodge and Roll","Choke"],"picked":"Terror","floor":13},{"not_picked":["Prepared","Distraction"],"picked":"Backflip","floor":14},{"not_picked":["Bullet Time","Glass Knife"],"picked":"Night Terror","floor":16},{"not_picked":["Outmaneuver","Blur"],"picked":"Deadly Poison","floor":18},{"not_picked":["Distraction","Infinite Blades"],"picked":"Backstab","floor":20},{"not_picked":["Bullet Time","Dagger Spray"],"picked":"Bouncing Flask","floor":22}],"player_experience":741537,"relics_obtained":[{"floor":6,"key":"Juzu Bracelet"},{"floor":9,"key":"Strawberry"},{"floor":13,"key":"Shuriken"},{"floor":17,"key":"Smiling Mask"},{"floor":17,"key":"HornCleat"},{"floor":17,"key":"Old Coin"}],"event_choices":[{"damage_healed":0.0,"max_hp_gain":0.0,"max_hp_loss":0.0,"gold_gain":0.0,"event_name":"Scrap Ooze","player_choice":"Success","floor":4.0,"gold_loss":0.0,"damage_taken":11.0,"relics_obtained":["Ninja Scroll"]}],"is_beta":false,"boss_relics":[{"not_picked":["Empty Cage","Runic Dome"],"picked":"Calling Bell"}],"items_purged_floors":[19],"is_endless":false,"potions_floor_spawned":[5,8,11,14,16,20,22],"killed_by":"Book of Stabbing","ascension_level":16}}