{"host":"hc0b6jw6qdhg5ry9","time":1610611013,"event":{"mods":["BaseMod","Colored Map","Friendly Minions","Hermit","Marisa£¨Ùöéë¡¡Øª×âÞÞ£©","Minty Spire (QoL Compilation)","StSLib","SuperFastMode","The Bug Knight","The Poker Player"],"gold_per_floor":[119,194,194,211,226,254,254,265,314,330,137,163,163,58,58,162,162,179,179,179,214,227,256,268,13,13,13,13,26,58,72,72,177,177,189,189,239,255,269,269,279,289,289,300,300,300,300],"floor_reached":45,"language":"KOR","playtime":2389,"items_purged":[],"score":515,"play_id":"0dca1cd3-7fe9-477e-b3e5-c17adad9ca04","local_time":"20210114165653","is_ascension_mode":false,"metric_token":670,"campfire_choices":[{"floor":7,"key":"REST"},{"floor":13,"key":"REST"},{"data":"PokerPlayerMod:FakeSymbols","floor":15,"key":"SMITH"},{"floor":24,"key":"RECALL"},{"floor":27,"key":"REST"},{"floor":32,"key":"REST"},{"floor":40,"key":"REST"}],"circlet_count":0,"master_deck":["PokerPlayerMod:Diamond1","PokerPlayerMod:Diamond2","PokerPlayerMod:Diamond3","PokerPlayerMod:Diamond4","PokerPlayerMod:Diamond5","PokerPlayerMod:Spade1","PokerPlayerMod:Spade2","PokerPlayerMod:Spade3","PokerPlayerMod:Spade4","PokerPlayerMod:Club1","PokerPlayerMod:Club2","PokerPlayerMod:Heart2","PokerPlayerMod:TrumpStrike","PokerPlayerMod:BadJoker","PokerPlayerMod:Mulligan","Madness","PokerPlayerMod:Diamond4","PokerPlayerMod:Club2","PokerPlayerMod:Club3","PokerPlayerMod:Club4","PokerPlayerMod:Club5","PokerPlayerMod:Club6","PokerPlayerMod:DartThrow","PokerPlayerMod:FakeSymbols+1","PokerPlayerMod:Club2","PokerPlayerMod:Spade2","PokerPlayerMod:Diamond6","PokerPlayerMod:Configure","PokerPlayerMod:SpadeStrike","PokerPlayerMod:Diamond5","PokerPlayerMod:ClubShade","PokerPlayerMod:Diamond6","PokerPlayerMod:Club3","PokerPlayerMod:SecretDealer","PokerPlayerMod:DamnStraight+1","PokerPlayerMod:FillThePot","PokerPlayerMod:Diamond3","PokerPlayerMod:FlyingCard","PokerPlayerMod:StackedDeck","PokerPlayerMod:FlyingCard","PokerPlayerMod:HiddenCard","PokerPlayerMod:ThinkingTime","PokerPlayerMod:WasteCollection","PokerPlayerMod:Configure","PokerPlayerMod:ClubsClub","PokerPlayerMod:Promotion","PokerPlayerMod:Raise","PokerPlayerMod:HiddenCard+1","PokerPlayerMod:Diamond4","PokerPlayerMod:Configure+1","PokerPlayerMod:Club4","PokerPlayerMod:Fold+1","PokerPlayerMod:Diamond5"],"relics":["PokerPlayerMod:DeckCase","Eternal Feather","MealTicket","PokerPlayerMod:FairLicense","Fusion Hammer","Red Mask","MawBank","PokerPlayerMod:ClubPass","Ornamental Fan","Sozu","PokerPlayerMod:StuffedPocket","Regal Pillow"],"acts_visited":["Exordium","TheCity","TheBeyond"],"potions_floor_usage":[6],"damage_taken":[{"damage":11,"enemies":"Jaw Worm","floor":1,"turns":3},{"damage":0,"enemies":"2 Louse","floor":4,"turns":2},{"damage":0,"enemies":"Small Slimes","floor":5,"turns":1},{"damage":10,"enemies":"3 Sentries","floor":6,"turns":4},{"damage":1,"enemies":"2 Fungi Beasts","floor":8,"turns":2},{"damage":0,"enemies":"Large Slime","floor":10,"turns":3},{"damage":31,"enemies":"Lagavulin","floor":12,"turns":5},{"damage":21,"enemies":"The Guardian","floor":16,"turns":7},{"damage":14,"enemies":"Shell Parasite","floor":18,"turns":3},{"damage":0,"enemies":"Masked Bandits","floor":21,"turns":3},{"damage":0,"enemies":"Spheric Guardian","floor":22,"turns":2},{"damage":3,"enemies":"HollowMod:Nosk","floor":23,"turns":5},{"damage":6,"enemies":"3 Cultists","floor":29,"turns":4},{"damage":8,"enemies":"Book of Stabbing","floor":30,"turns":4},{"damage":12,"enemies":"Centurion and Healer","floor":31,"turns":6},{"damage":52,"enemies":"Automaton","floor":33,"turns":9},{"damage":14,"enemies":"3 Darklings","floor":35,"turns":3},{"damage":24,"enemies":"Mind Bloom Boss Battle","floor":37,"turns":7},{"damage":6,"enemies":"3 Shapes","floor":38,"turns":3},{"damage":0,"enemies":"Jaw Worm Horde","floor":39,"turns":2},{"damage":31,"enemies":"Maw","floor":41,"turns":7},{"damage":3,"enemies":"Transient","floor":42,"turns":5},{"damage":8,"enemies":"Writhing Mass","floor":44,"turns":4},{"damage":36,"enemies":"4 Shapes","floor":45,"turns":2}],"seed_played":"-359323419295429300","potions_obtained":[{"floor":4,"key":"SmokeBomb"},{"floor":5,"key":"Fire Potion"},{"floor":8,"key":"FairyPotion"},{"floor":10,"key":"EntropicBrew"},{"floor":22,"key":"Energy Potion"},{"floor":31,"key":"BlessingOfTheForge"}],"is_trial":false,"path_per_floor":["M","?","?","M","M","E","R","M","T","M","$","E","R","$","R","B",null,"M","?","?","?","M","E","R","$","T","R","?","M","E","M","R","B",null,"M","?","?","M","M","R","M","M","T","M","M"],"character_chosen":"THE_POKER_PLAYER","items_purchased":["PokerPlayerMod:Configure","PokerPlayerMod:SpadeStrike","PokerPlayerMod:Diamond5","PokerPlayerMod:ClubShade","PokerPlayerMod:CloakAndDiamond","PokerPlayerMod:Club3","PokerPlayerMod:StackedDeck","PokerPlayerMod:FlyingCard","PokerPlayerMod:HiddenCard"],"campfire_rested":5,"item_purchase_floors":[11,11,11,11,14,14,25,25,25],"current_hp_per_floor":[41,30,30,32,32,22,52,51,51,51,52,21,52,52,52,31,52,38,30,30,30,30,27,48,57,57,57,57,51,43,31,57,5,57,43,43,21,19,19,57,26,26,26,18,0,0,0],"gold":300,"neow_bonus":"RANDOM_COLORLESS","is_daily":false,"chose_seed":false,"campfire_upgraded":1,"win_rate":0.0,"timestamp":1610611013,"path_taken":["M","?","?","M","M","E","R","M","T","M","$","E","R","?","R","BOSS","M","?","?","?","M","E","R","$","T","R","?","M","E","?","R","BOSS","M","?","?","M","M","R","M","M","T","M","M"],"items_purchased_type":["Card","Card","Card","Card","Card","Card","Card","Card","Card"],"build_version":"2020-12-22","purchased_purges":0,"victory":false,"max_hp_per_floor":[52,52,52,52,52,52,52,52,52,52,52,52,52,52,52,52,52,52,57,57,57,57,57,57,57,57,57,57,57,57,57,57,57,57,57,57,57,57,57,57,57,57,57,57,57,57,57],"card_choices":[{"not_picked":["Trip","Mind Blast"],"picked":"Madness","floor":0},{"not_picked":["PokerPlayerMod:Diamond1","PokerPlayerMod:Club2"],"picked":"PokerPlayerMod:Diamond4","floor":1},{"not_picked":["PokerPlayerMod:ClubStrike","PokerPlayerMod:Club2"],"picked":"PokerPlayerMod:DartThrow","floor":4},{"not_picked":["PokerPlayerMod:Club3","PokerPlayerMod:Club4"],"picked":"PokerPlayerMod:FakeSymbols","floor":5},{"not_picked":["PokerPlayerMod:Diamond1","PokerPlayerMod:Overdeal"],"picked":"PokerPlayerMod:Club2","floor":6},{"not_picked":["PokerPlayerMod:Sharpen","PokerPlayerMod:Harden"],"picked":"PokerPlayerMod:Spade2","floor":8},{"not_picked":["PokerPlayerMod:Club5","PokerPlayerMod:Diamond1"],"picked":"PokerPlayerMod:Diamond6","floor":10},{"not_picked":["PokerPlayerMod:SpadeStrike","PokerPlayerMod:Diamond4"],"picked":"PokerPlayerMod:Diamond6","floor":12},{"not_picked":["PokerPlayerMod:Diamond10+","PokerPlayerMod:Heart9"],"picked":"PokerPlayerMod:SecretDealer","floor":16},{"not_picked":["PokerPlayerMod:Trickery","PokerPlayerMod:SpadeStrike"],"picked":"PokerPlayerMod:DamnStraight+1","floor":18},{"not_picked":["PokerPlayerMod:MagicTrick+1","PokerPlayerMod:Diamond5"],"picked":"PokerPlayerMod:FillThePot","floor":21},{"not_picked":["PokerPlayerMod:Diamond1","PokerPlayerMod:Club2"],"picked":"PokerPlayerMod:Diamond3","floor":22},{"not_picked":["PokerPlayerMod:CardBurn","PokerPlayerMod:DiamondStrike"],"picked":"PokerPlayerMod:FlyingCard","floor":23},{"not_picked":["PokerPlayerMod:SpadeStrike","PokerPlayerMod:DiamondStrike+1"],"picked":"PokerPlayerMod:WasteCollection","floor":29},{"not_picked":["PokerPlayerMod:Club2","PokerPlayerMod:Diamond2"],"picked":"PokerPlayerMod:Configure","floor":30},{"not_picked":["PokerPlayerMod:DiamondStrike","PokerPlayerMod:CardBurn"],"picked":"PokerPlayerMod:ClubsClub","floor":31},{"not_picked":["PokerPlayerMod:Diamond7","PokerPlayerMod:Heart10+"],"picked":"PokerPlayerMod:Promotion","floor":33},{"not_picked":["PokerPlayerMod:Sharpen+1","PokerPlayerMod:Club3"],"picked":"PokerPlayerMod:Raise","floor":35},{"not_picked":["PokerPlayerMod:DiamondStrike","PokerPlayerMod:Diamond2"],"picked":"PokerPlayerMod:HiddenCard+1","floor":37},{"not_picked":["PokerPlayerMod:Club4","PokerPlayerMod:Configure+1"],"picked":"PokerPlayerMod:Diamond4","floor":38},{"not_picked":["PokerPlayerMod:DartThrow","PokerPlayerMod:Manipulation"],"picked":"PokerPlayerMod:Configure+1","floor":39},{"not_picked":["PokerPlayerMod:Overdeal+1","PokerPlayerMod:Diamond2"],"picked":"PokerPlayerMod:Club4","floor":41},{"not_picked":["PokerPlayerMod:DiamondStrike","PokerPlayerMod:Spade2"],"picked":"PokerPlayerMod:Fold+1","floor":42},{"not_picked":["PokerPlayerMod:Spade4","PokerPlayerMod:SecretDealer"],"picked":"PokerPlayerMod:Diamond5","floor":44}],"player_experience":179332,"relics_obtained":[{"floor":6,"key":"Eternal Feather"},{"floor":9,"key":"MealTicket"},{"floor":12,"key":"PokerPlayerMod:FairLicense"},{"floor":21,"key":"Red Mask"},{"floor":23,"key":"MawBank"},{"floor":26,"key":"PokerPlayerMod:ClubPass"},{"floor":30,"key":"Ornamental Fan"},{"floor":37,"key":"PokerPlayerMod:StuffedPocket"},{"floor":43,"key":"Regal Pillow"}],"event_choices":[{"damage_healed":0,"gold_gain":75,"player_choice":"Gather Gold","damage_taken":11,"max_hp_gain":0,"max_hp_loss":0,"event_name":"World of Goop","floor":2,"gold_loss":0},{"damage_healed":0,"gold_gain":0,"player_choice":"Jackpot","damage_taken":0,"max_hp_gain":0,"max_hp_loss":0,"event_name":"PokerPlayerMod:ExordiumClub","floor":3,"gold_loss":0,"cards_obtained":["PokerPlayerMod:Club2","PokerPlayerMod:Club3","PokerPlayerMod:Club4","PokerPlayerMod:Club5","PokerPlayerMod:Club6"]},{"damage_healed":0,"gold_gain":0,"player_choice":"Jackpot","damage_taken":0,"max_hp_gain":0,"max_hp_loss":0,"event_name":"PokerPlayerMod:ExordiumClub","floor":3,"gold_loss":0,"cards_obtained":["PokerPlayerMod:Club2","PokerPlayerMod:Club3","PokerPlayerMod:Club4","PokerPlayerMod:Club5","PokerPlayerMod:Club6"]},{"damage_healed":0,"gold_gain":0,"player_choice":"Jackpot","damage_taken":0,"max_hp_gain":0,"max_hp_loss":0,"event_name":"PokerPlayerMod:ExordiumClub","floor":3,"gold_loss":0,"cards_obtained":["PokerPlayerMod:Club2","PokerPlayerMod:Club3","PokerPlayerMod:Club4","PokerPlayerMod:Club5","PokerPlayerMod:Club6"]},{"damage_healed":0,"gold_gain":0,"player_choice":"Jackpot","damage_taken":0,"max_hp_gain":0,"max_hp_loss":0,"event_name":"PokerPlayerMod:ExordiumClub","floor":3,"gold_loss":0,"cards_obtained":["PokerPlayerMod:Club2","PokerPlayerMod:Club3","PokerPlayerMod:Club4","PokerPlayerMod:Club5","PokerPlayerMod:Club6"]},{"damage_healed":0,"gold_gain":0,"player_choice":"Jackpot","damage_taken":0,"max_hp_gain":0,"max_hp_loss":0,"event_name":"PokerPlayerMod:ExordiumClub","floor":3,"gold_loss":0,"cards_obtained":["PokerPlayerMod:Club2","PokerPlayerMod:Club3","PokerPlayerMod:Club4","PokerPlayerMod:Club5","PokerPlayerMod:Club6"]},{"damage_healed":0,"gold_gain":0,"player_choice":"Shed Blood","damage_taken":13,"max_hp_gain":5,"max_hp_loss":0,"event_name":"Forgotten Altar","floor":19,"gold_loss":0},{"damage_healed":0,"gold_gain":0,"player_choice":"Ignored","damage_taken":0,"max_hp_gain":0,"max_hp_loss":0,"event_name":"Cursed Tome","floor":20,"gold_loss":0},{"damage_healed":0,"gold_gain":0,"player_choice":"Fought Bandits","damage_taken":0,"max_hp_gain":0,"max_hp_loss":0,"event_name":"Masked Bandits","floor":21,"gold_loss":0},{"damage_healed":0,"gold_gain":0,"player_choice":"Think Hard","damage_taken":0,"max_hp_gain":0,"max_hp_loss":0,"event_name":"PokerPlayerMod:Vampires","floor":28,"gold_loss":0,"cards_obtained":["PokerPlayerMod:ThinkingTime"]},{"cards_removed":["PokerPlayerMod:CloakAndDiamond"],"damage_healed":0,"gold_gain":0,"player_choice":"Removed Skill","damage_taken":0,"max_hp_gain":0,"max_hp_loss":0,"event_name":"Falling","floor":36,"gold_loss":0},{"damage_healed":0,"gold_gain":0,"player_choice":"Fight","damage_taken":0,"max_hp_gain":0,"max_hp_loss":0,"event_name":"MindBloom","floor":37,"gold_loss":0}],"is_beta":false,"boss_relics":[{"not_picked":["Coffee Dripper","Ectoplasm"],"picked":"Fusion Hammer"},{"not_picked":["Runic Dome","SacredBark"],"picked":"Sozu"}],"items_purged_floors":[],"is_endless":false,"potions_floor_spawned":[4,5,8,10,18,22,31,33,38,41,42,44],"killed_by":"4 Shapes","ascension_level":0}}