{"host":"9ndbo4kgsfoemf7y","time":1610616795,"event":{"mods":["AchievementEnabler","BaseMod","Colored Map","DeckTracker","Keyboard Shortcuts","Minty Spire (QoL Compilation)","Permanent Neow","Quick Restart","Relic Stats","StSLib","SuperFastMode"],"gold_per_floor":[368,388,388,404,228,254,264,264,264],"floor_reached":8,"language":"KOR","playtime":449,"items_purged":[],"score":116,"play_id":"4dfb4214-dfe4-498c-802d-3df422fd1041","local_time":"20210114183315","is_ascension_mode":true,"campfire_choices":[],"circlet_count":0,"master_deck":["AscendersBane","Strike_R","Strike_R","Strike_R","Strike_R","Strike_R","Defend_R","Defend_R","Defend_R","Defend_R","Bash","Battle Trance+1","Dark Embrace","Offering","Flex","Second Wind","Uppercut"],"relics":["Burning Blood","Question Card"],"acts_visited":["Exordium"],"potions_floor_usage":[8,8],"damage_taken":[{"damage":6.0,"enemies":"Small Slimes","floor":1.0,"turns":3.0},{"damage":2.0,"enemies":"Cultist","floor":2.0,"turns":4.0},{"damage":9.0,"enemies":"Jaw Worm","floor":4.0,"turns":4.0},{"damage":42.0,"enemies":"Gremlin Nob","floor":6.0,"turns":4.0},{"damage":17.0,"enemies":"Looter","floor":7.0,"turns":4.0},{"damage":31,"enemies":"3 Sentries","floor":8,"turns":5}],"seed_played":"7876095500580044308","potions_obtained":[{"floor":1.0,"key":"ElixirPotion"},{"floor":6.0,"key":"LiquidMemories"},{"floor":7.0,"key":"BloodPotion"}],"is_trial":false,"path_per_floor":["M","M","?","M","$","E","M","E"],"character_chosen":"IRONCLAD","items_purchased":["Offering","Flex"],"campfire_rested":0,"item_purchase_floors":[5,5],"current_hp_per_floor":[68,68,68,65,65,29,18,0,0],"gold":264,"neow_bonus":"TWO_FIFTY_GOLD","is_daily":false,"chose_seed":false,"campfire_upgraded":0,"win_rate":0.0,"timestamp":1610616795,"path_taken":["M","M","?","M","$","E","M","E"],"items_purchased_type":["Card","Card"],"build_version":"2020-12-22","purchased_purges":0,"victory":false,"max_hp_per_floor":[68,68,68,68,68,68,68,68,68],"relic_stats":{"counters":[6,24],"Question Card":1,"obtain_stats":[{"Question Card":6,"Burning Blood":0},{"Question Card":4,"Burning Blood":0},{"Question Card":15,"Burning Blood":0}],"Burning Blood":26},"card_choices":[{"not_picked":["Anger","Sword Boomerang"],"picked":"Battle Trance","floor":1.0},{"not_picked":["Thunderclap","Armaments","Dual Wield"],"picked":"SKIP","floor":2.0},{"not_picked":["Whirlwind","Thunderclap"],"picked":"Dark Embrace","floor":4.0},{"not_picked":["Heavy Blade","Power Through"],"picked":"Second Wind","floor":6.0},{"not_picked":["Pummel","Wild Strike","Body Slam"],"picked":"Uppercut","floor":7.0}],"player_experience":816498,"relics_obtained":[{"floor":6.0,"key":"Question Card"}],"event_choices":[{"damage_healed":0.0,"max_hp_gain":0.0,"max_hp_loss":0.0,"gold_gain":0.0,"event_name":"Upgrade Shrine","player_choice":"Upgraded","floor":3.0,"gold_loss":0.0,"damage_taken":0.0,"cards_upgraded":["Battle Trance"]}],"is_beta":false,"boss_relics":[],"items_purged_floors":[],"is_endless":false,"potions_floor_spawned":[1,6,7],"killed_by":"3 Sentries","ascension_level":20}}