{"host":"zdhcon9z6t4xbcdl","time":1610628504,"event":{"mods":["BaseMod","Minty Spire (QoL Compilation)"],"gold_per_floor":[112,62,62,62,74,74,99,99,99,99,126,141,158,1,1,102,102,119,119,131,148,148,148,179,179,179,179,34,46,61,61,61],"floor_reached":31,"language":"ENG","playtime":1772,"items_purged":["Strike_B","Strike_B"],"score":355,"play_id":"9d19530a-5f60-40f2-9175-62d2dcf1f2bb","local_time":"20210114124824","is_ascension_mode":true,"campfire_choices":[{"data":"Zap","floor":6,"key":"SMITH"},{"data":"Defragment","floor":8,"key":"SMITH"},{"floor":15,"key":"REST"},{"data":"Creative AI","floor":23,"key":"SMITH"},{"data":"Defragment","floor":25,"key":"SMITH"},{"floor":27,"key":"REST"}],"circlet_count":0,"master_deck":["Defend_B","Defend_B+1","Defend_B","Zap+1","Dualcast","Go for the Eyes","Gash","Defragment+1","Melter","Beam Cell","Leap","FTL","Creative AI+1","Capacitor+1","Barrage","Gash","Zap","Finesse","Defragment+1","Beam Cell","Darkness+1","Go for the Eyes+1"],"relics":["Cracked Core","NeowsBlessing","HornCleat","Shuriken","CaptainsWheel","Nuclear Battery","Tiny Chest","Du-Vu Doll"],"acts_visited":["Exordium","TheCity"],"potions_floor_usage":[16,16,21,24,31,31,31],"damage_taken":[{"damage":0,"enemies":"Small Slimes","floor":1,"turns":1},{"damage":0,"enemies":"2 Louse","floor":5,"turns":1},{"damage":0,"enemies":"3 Sentries","floor":7,"turns":1},{"damage":12,"enemies":"Gremlin Nob","floor":11,"turns":4},{"damage":8,"enemies":"Jaw Worm","floor":12,"turns":3},{"damage":4,"enemies":"Blue Slaver","floor":13,"turns":2},{"damage":0,"enemies":"Slime Boss","floor":16,"turns":5},{"damage":1,"enemies":"Shell Parasite","floor":18,"turns":6},{"damage":17,"enemies":"3 Byrds","floor":20,"turns":5},{"damage":27,"enemies":"Snake Plant","floor":21,"turns":5},{"damage":8,"enemies":"Book of Stabbing","floor":24,"turns":5},{"damage":9,"enemies":"Snecko","floor":29,"turns":5},{"damage":30,"enemies":"Centurion and Healer","floor":30,"turns":6},{"damage":16,"enemies":"Slavers","floor":31,"turns":1}],"seed_played":"1620145536152013746","potions_obtained":[{"floor":1,"key":"Weak Potion"},{"floor":13,"key":"EssenceOfDarkness"},{"floor":16,"key":"FearPotion"},{"floor":21,"key":"EntropicBrew"},{"floor":24,"key":"ColorlessPotion"},{"floor":30,"key":"SkillPotion"}],"is_trial":false,"path_per_floor":["M","?","?","?","M","R","E","R","T","?","E","M","M","$","R","B",null,"M","?","M","M","?","R","E","R","T","R","$","M","M","E"],"character_chosen":"DEFECT","items_purchased":["FTL","Beam Cell"],"campfire_rested":2,"item_purchase_floors":[14,28],"current_hp_per_floor":[75,75,60,42,42,42,42,42,42,42,30,22,18,18,40,40,75,74,74,57,30,30,30,22,22,22,44,44,35,5,0,0],"gold":61,"neow_bonus":"THREE_ENEMY_KILL","is_daily":false,"chose_seed":false,"campfire_upgraded":4,"win_rate":0.0,"timestamp":1610628504,"path_taken":["M","?","?","?","?","R","E","R","T","?","E","M","M","$","R","BOSS","M","?","M","?","?","R","E","R","T","R","$","M","?","E"],"items_purchased_type":["Card","Card"],"build_version":"2020-12-22","purchased_purges":2,"victory":false,"max_hp_per_floor":[75,75,75,75,75,75,75,75,75,75,75,75,75,75,75,75,75,75,75,75,75,75,75,75,75,75,75,75,75,75,75,75],"card_choices":[{"not_picked":["Doom and Gloom","Fusion"],"picked":"Go for the Eyes","floor":1},{"not_picked":["Cold Snap","Hello World"],"picked":"Gash","floor":5},{"not_picked":["Ball Lightning","Melter"],"picked":"Defragment","floor":7},{"not_picked":["Consume","Leap"],"picked":"Melter","floor":11},{"not_picked":["Blizzard","Loop"],"picked":"Beam Cell","floor":12},{"not_picked":["Compile Driver","Conserve Battery"],"picked":"Leap","floor":13},{"not_picked":["Machine Learning","Rainbow"],"picked":"Creative AI","floor":16},{"not_picked":["Steam","Conserve Battery"],"picked":"Capacitor+1","floor":18},{"not_picked":["Undo+1","Force Field"],"picked":"Barrage","floor":20},{"not_picked":["Coolheaded","Heatsinks"],"picked":"Gash","floor":21},{"not_picked":["Sweeping Beam","Darkness"],"picked":"Defragment","floor":24},{"not_picked":["Beam Cell","Rebound"],"picked":"Darkness+1","floor":29},{"not_picked":["Force Field+1","Sweeping Beam"],"picked":"Go for the Eyes+1","floor":30}],"player_experience":45827,"relics_obtained":[{"floor":7,"key":"Shuriken"},{"floor":11,"key":"CaptainsWheel"},{"floor":24,"key":"Tiny Chest"},{"floor":26,"key":"Du-Vu Doll"}],"event_choices":[{"cards_removed":["Strike_B"],"damage_healed":0,"gold_gain":0,"player_choice":"Card Removal","damage_taken":0,"max_hp_gain":0,"max_hp_loss":0,"event_name":"The Cleric","floor":2,"gold_loss":50},{"damage_healed":0,"gold_gain":0,"player_choice":"Entered Light","damage_taken":15,"max_hp_gain":0,"max_hp_loss":0,"event_name":"Shining Light","floor":3,"gold_loss":0,"cards_upgraded":["Defend_B","Defend_B"]},{"damage_healed":0,"gold_gain":0,"player_choice":"Success","damage_taken":18,"relics_obtained":["HornCleat"],"max_hp_gain":0,"max_hp_loss":0,"event_name":"Scrap Ooze","floor":4,"gold_loss":0},{"cards_removed":["Strike_B"],"damage_healed":0,"gold_gain":0,"player_choice":"Forget","damage_taken":0,"max_hp_gain":0,"max_hp_loss":0,"event_name":"Living Wall","floor":10,"gold_loss":0},{"cards_removed":["Defend_B"],"damage_healed":0,"gold_gain":0,"player_choice":"Offered Basic","damage_taken":0,"max_hp_gain":0,"max_hp_loss":0,"event_name":"Bonfire Elementals","floor":19,"gold_loss":0},{"damage_healed":0,"gold_gain":0,"player_choice":"2 cards matched","damage_taken":0,"max_hp_gain":0,"max_hp_loss":0,"event_name":"Match and Keep!","floor":22,"gold_loss":0,"cards_obtained":["Zap","Finesse"]}],"is_beta":false,"boss_relics":[{"not_picked":["Calling Bell","SlaversCollar"],"picked":"Nuclear Battery"}],"items_purged_floors":[14,28],"is_endless":false,"potions_floor_spawned":[1,13,16,21,24,30],"killed_by":"Slavers","ascension_level":1}}