{"host":"tom9euzqew4po1rs","time":1610635445,"event":{"mods":["BaseMod","Curses Come First","Downfall","Minty Spire (QoL Compilation)","Quick Restart","Rare Cards Sparkle","Replay The Spire","StSLib","The Cursed"],"gold_per_floor":[112,131,13,30,30,360,380,380,380,380,555,585,39,39,39,39,39],"floor_reached":16,"language":"ENG","playtime":682,"items_purged":[],"score":119,"play_id":"646bb5d0-fd60-44d2-a24d-ac739e531b76","local_time":"20210114094405","is_ascension_mode":true,"campfire_choices":[{"data":"Storm","floor":8,"key":"SMITH"},{"floor":10,"key":"REST"},{"floor":15,"key":"RECALL"}],"circlet_count":0,"master_deck":["Strike_B","Strike_B","Strike_B","Strike_B","Defend_B","Defend_B","Defend_B","Defend_B","Zap","Dualcast","ReplayTheSpireMod:Omega Cannon","Aggregate+1","Storm+1","Seek+1","Panic Button","Conserve Battery","Doubt","Buffer","Turbo","Go for the Eyes+1"],"relics":["Cracked Core","Old Coin","Replay:Accelerometer","Membership Card","Girya","Darkstone Periapt","Prayer Wheel"],"acts_visited":["Exordium"],"potions_floor_usage":[4,7,12],"damage_taken":[{"damage":0,"enemies":"Small Slimes","floor":1,"turns":1},{"damage":0,"enemies":"2 Louse","floor":2,"turns":1},{"damage":7,"enemies":"Jaw Worm","floor":4,"turns":2},{"damage":22,"enemies":"Gremlin Nob","floor":6,"turns":3},{"damage":2,"enemies":"2 Fungi Beasts","floor":7,"turns":2},{"damage":7,"enemies":"Lagavulin","floor":12,"turns":6},{"damage":76,"enemies":"Fading Forest","floor":16,"turns":11}],"seed_played":"9118478411996439980","potions_obtained":[{"floor":1,"key":"CultistPotion"},{"floor":4,"key":"Guardian:BlockOnCardUsePotion"},{"floor":6,"key":"DuplicationPotion"}],"is_trial":false,"path_per_floor":["M","M","$","M","?","E","M","R","T","R","?","E","$","?","R","B"],"character_chosen":"DEFECT","items_purchased":["Seek+1","Membership Card","Girya","Buffer","Turbo","Go for the Eyes+1","Darkstone Periapt"],"campfire_rested":1,"item_purchase_floors":[3,13,13,13,13,13,13],"current_hp_per_floor":[75,75,75,68,73,51,49,49,49,73,73,66,66,66,66,0,0],"gold":39,"neow_bonus":"ONE_RANDOM_RARE_CARD","is_daily":false,"chose_seed":false,"campfire_upgraded":1,"win_rate":0.0,"timestamp":1610635445,"path_taken":["M","M","$","M","?","E","M","R","T","R","?","E","$","?","R","BOSS"],"items_purchased_type":["Card","Relic","Relic","Card","Card","Card","Relic"],"build_version":"2020-12-22","purchased_purges":0,"victory":false,"max_hp_per_floor":[75,75,75,75,80,80,80,80,80,80,80,80,80,80,80,80,80],"card_choices":[{"not_picked":["Glacier","Go for the Eyes"],"picked":"Aggregate","floor":1},{"not_picked":["Turbo","Panic Button"],"picked":"Storm","floor":2},{"not_picked":["Ball Lightning","Go for the Eyes"],"picked":"Panic Button","floor":4},{"not_picked":["Blizzard","Streamline","Chaos"],"picked":"SKIP","floor":6},{"not_picked":["Blizzard","Turbo"],"picked":"Conserve Battery","floor":7},{"not_picked":["ReplayTheSpireMod:Repulse","Glacier"],"picked":"ReplayTheSpireMod:Fabricate Wheel","floor":12}],"player_experience":130476,"relics_obtained":[{"floor":6,"key":"Old Coin"},{"floor":12,"key":"Replay:Accelerometer"}],"event_choices":[{"damage_healed":0,"gold_gain":0,"player_choice":"Donut","damage_taken":0,"max_hp_gain":5,"max_hp_loss":0,"event_name":"Big Fish","floor":5,"gold_loss":0},{"damage_healed":0,"gold_gain":175,"player_choice":"AGREE","damage_taken":0,"max_hp_gain":0,"max_hp_loss":0,"event_name":"Liars Game","floor":11,"gold_loss":0,"cards_obtained":["Doubt"]},{"damage_healed":0,"gold_gain":0,"player_choice":"Grow","damage_taken":0,"max_hp_gain":0,"max_hp_loss":0,"event_name":"Living Wall","floor":14,"gold_loss":0,"cards_upgraded":["Aggregate"]}],"is_beta":false,"boss_relics":[],"items_purged_floors":[],"is_endless":false,"potions_floor_spawned":[1,4,6],"killed_by":"Fading Forest","ascension_level":2}}