{"host":"97k3n5kp0psabqmo","time":1610652384,"event":{"mods":["BaseMod","Colored Powertips","Hubris","Minty Spire (QoL Compilation)","Replay The Spire","StSLib"],"gold_per_floor":[118,137,137,157,4,16,16,16,16,48,62,80,80,92,92,192,192,208,7,7,20,20,20,20],"floor_reached":23,"language":"ENG","playtime":1890,"items_purged":["Strike_G"],"score":255,"play_id":"73d59f29-b793-4dca-8980-d75ff287a3cd","local_time":"20210114142624","is_ascension_mode":true,"campfire_choices":[{"data":"Neutralize","floor":7,"key":"SMITH"},{"data":"hubris:Sniper","floor":15,"key":"SMITH"}],"circlet_count":0,"master_deck":["Strike_G","Strike_G","Strike_G","Defend_G","Defend_G","Defend_G","Defend_G","Defend_G","Survivor","Neutralize+1","Slice","Acrobatics","Flying Knee","Underhanded Strike","Escape Plan","Masterful Stab+1","Bouncing Flask","hubris:Sniper+1","Dagger Throw+1","After Image","Cloak And Dagger","Accuracy","Terror","Terror","Storm of Steel","Shame"],"relics":["Ring of the Snake","Juzu Bracelet","Molten Egg 2","Replay:Mystery Machine","hubris:Reverence","Philosopher\u0027s Stone","Nloth\u0027s Gift","hubris:SphereOfDissonance"],"acts_visited":["Exordium","TheCity"],"potions_floor_usage":[16,16,16,16,16,23],"damage_taken":[{"damage":0,"enemies":"Small Slimes","floor":1,"turns":4},{"damage":0,"enemies":"Cultist","floor":2,"turns":3},{"damage":0,"enemies":"Jaw Worm","floor":4,"turns":4},{"damage":3,"enemies":"Red Slaver","floor":6,"turns":3},{"damage":21,"enemies":"3 Sentries","floor":10,"turns":10},{"damage":2,"enemies":"Exordium Thugs","floor":11,"turns":3},{"damage":2,"enemies":"Looter","floor":12,"turns":3},{"damage":3,"enemies":"Exordium Wildlife","floor":14,"turns":4},{"damage":0,"enemies":"Fading Forest","floor":16,"turns":11},{"damage":11,"enemies":"Shell Parasite","floor":18,"turns":4},{"damage":47,"enemies":"3 Byrds","floor":21,"turns":8},{"damage":36,"enemies":"Book of Stabbing","floor":23,"turns":6}],"seed_played":"-1607670762230276997","potions_obtained":[{"floor":1,"key":"Milkshake"},{"floor":10,"key":"Adrenaline Potion"},{"floor":14,"key":"EntropicBrew"},{"floor":16,"key":"FairyPotion"},{"floor":21,"key":"FearPotion"}],"is_trial":false,"path_per_floor":["M","M","?","M","$","M","R","$","T","E","M","M","T","M","R","B",null,"M","$","?","M","?","E"],"character_chosen":"THE_SILENT","items_purchased":["Juzu Bracelet","Accuracy","Terror"],"campfire_rested":0,"item_purchase_floors":[5,19,19],"current_hp_per_floor":[70,70,70,70,70,67,67,67,67,46,44,42,42,39,39,39,70,59,59,59,12,12,0,0],"gold":20,"neow_bonus":"RANDOM_COMMON_RELIC","is_daily":false,"chose_seed":false,"campfire_upgraded":2,"win_rate":0.0,"timestamp":1610652384,"path_taken":["M","M","?","?","$","M","R","$","T","E","M","M","?","M","R","BOSS","M","$","?","M","?","E"],"items_purchased_type":["Relic","Card","Card"],"build_version":"2020-12-22","purchased_purges":1,"victory":false,"max_hp_per_floor":[70,70,70,70,70,70,70,70,70,70,70,70,70,70,70,70,70,70,70,70,70,70,70,70],"card_choices":[{"not_picked":["ReplayTheSpireMod:Exploit Weakness","Hidden Blade"],"picked":"Slice","floor":1},{"not_picked":["Dodge and Roll","Dagger Throw"],"picked":"Acrobatics","floor":2},{"not_picked":["hubris:SlightOfHand","Dagger Throw"],"picked":"Underhanded Strike","floor":4},{"not_picked":["Dagger Spray","Backflip"],"picked":"Escape Plan","floor":6},{"not_picked":["Reflex","Dagger Spray+1"],"picked":"Masterful Stab+1","floor":10},{"not_picked":["Poisoned Stab+1","ReplayTheSpireMod:Necrosis"],"picked":"Bouncing Flask","floor":11},{"not_picked":["Dagger Spray+1","Dagger Throw+1"],"picked":"hubris:Sniper","floor":12},{"not_picked":["Sucker Punch+1","Replay:Poison Smokescreen"],"picked":"Dagger Throw+1","floor":14},{"not_picked":["Bullet Time","Phantasmal Killer"],"picked":"After Image","floor":16},{"not_picked":["Hidden Blade","Dagger Spray+1"],"picked":"Cloak And Dagger","floor":18},{"not_picked":["Sucker Punch+1","PiercingWail"],"picked":"Storm of Steel","floor":21}],"player_experience":29259,"relics_obtained":[{"floor":9,"key":"Molten Egg 2"},{"floor":10,"key":"Replay:Mystery Machine"},{"floor":13,"key":"hubris:Reverence"}],"event_choices":[{"damage_healed":0,"gold_gain":0,"cards_transformed":["Strike_G"],"player_choice":"Transformed","damage_taken":0,"max_hp_gain":0,"max_hp_loss":0,"event_name":"Transmorgrifier","floor":3,"gold_loss":0,"cards_obtained":["Flying Knee"]},{"damage_healed":0,"gold_gain":0,"player_choice":"Traded Relic","damage_taken":0,"relics_obtained":["Nloth\u0027s Gift"],"max_hp_gain":0,"max_hp_loss":0,"event_name":"N\u0027loth","floor":20,"relics_lost":["Pet Ghost"],"gold_loss":0},{"damage_healed":0,"gold_gain":0,"player_choice":"Stole Relic","damage_taken":0,"relics_obtained":["hubris:SphereOfDissonance"],"max_hp_gain":0,"max_hp_loss":0,"event_name":"Addict","floor":22,"gold_loss":0,"cards_obtained":["Shame"]}],"is_beta":false,"boss_relics":[{"not_picked":["hubris:HollowSoul","Black Star"],"picked":"Philosopher\u0027s Stone"}],"items_purged_floors":[19],"is_endless":false,"potions_floor_spawned":[1,10,14,16,21],"killed_by":"Book of Stabbing","ascension_level":1}}