{"host":"bbjnqymry46jz0fa","time":1610632148,"event":{"mods":["BaseMod","DeckTracker","Minty Spire (QoL Compilation)","Quick Restart","StSLib","SuperFastMode"],"gold_per_floor":[114,126,141,141,155,170,170,170],"floor_reached":7,"language":"KOR","playtime":256,"items_purged":[],"score":79,"play_id":"1df9b989-227e-4f18-b982-8c370c520b93","local_time":"20210114224908","is_ascension_mode":true,"campfire_choices":[],"circlet_count":0,"master_deck":["AscendersBane","Strike_P","Strike_P","Strike_P","Strike_P","Defend_P","Defend_P","Defend_P","Defend_P","Eruption","Vigilance","SandsOfTime","Judgement","Adaptation"],"relics":["PureWater"],"acts_visited":["Exordium"],"potions_floor_usage":[7],"damage_taken":[{"damage":4.0,"enemies":"2 Louse","floor":1.0,"turns":4.0},{"damage":4.0,"enemies":"Jaw Worm","floor":2.0,"turns":4.0},{"damage":5.0,"enemies":"Small Slimes","floor":3.0,"turns":4.0},{"damage":13.0,"enemies":"Exordium Wildlife","floor":5.0,"turns":5.0},{"damage":32.0,"enemies":"Gremlin Gang","floor":6.0,"turns":5.0},{"damage":10,"enemies":"Gremlin Nob","floor":7,"turns":3}],"seed_played":"-7771373574011263504","potions_obtained":[{"floor":3.0,"key":"BottledMiracle"},{"floor":6.0,"key":"AttackPotion"}],"is_trial":false,"path_per_floor":["M","M","M","?","M","M","E"],"character_chosen":"WATCHER","items_purchased":[],"campfire_rested":0,"item_purchase_floors":[],"current_hp_per_floor":[51,47,42,68,55,23,13,13],"gold":170,"neow_bonus":"TWENTY_PERCENT_HP_BONUS","is_daily":false,"chose_seed":false,"campfire_upgraded":0,"win_rate":0.0,"timestamp":1610632148,"path_taken":["M","M","M","?","M","M","E"],"items_purchased_type":[],"build_version":"2020-12-22","purchased_purges":0,"victory":false,"max_hp_per_floor":[80,80,80,80,80,80,80,80],"card_choices":[{"not_picked":["PathToVictory","JustLucky","Evaluate"],"picked":"SKIP","floor":1.0},{"not_picked":["Protect","SashWhip","FlurryOfBlows"],"picked":"SKIP","floor":2.0},{"not_picked":["EmptyBody","Perseverance"],"picked":"SandsOfTime","floor":3.0},{"not_picked":["ThirdEye","SashWhip"],"picked":"Judgement","floor":5.0},{"not_picked":["EmptyBody","PathToVictory"],"picked":"Adaptation","floor":6.0}],"player_experience":733102,"relics_obtained":[],"event_choices":[{"damage_healed":26.0,"max_hp_gain":0.0,"max_hp_loss":0.0,"gold_gain":0.0,"event_name":"Big Fish","player_choice":"Banana","floor":4.0,"gold_loss":0.0,"damage_taken":0.0}],"is_beta":false,"boss_relics":[],"items_purged_floors":[],"is_endless":false,"potions_floor_spawned":[3,6],"killed_by":"Gremlin Nob","ascension_level":15}}