{"host":"xnrw1j8ho83czkv7","time":1610651439,"event":{"mods":["AchievementEnabler","BaseMod","Colored Map","Colored Powertips","Minty Spire (QoL Compilation)","Quick Restart","StSLib"],"gold_per_floor":[119,21,21,33,50,50,84,84,111,139,139,64,64,64,64,160,160,177,177,26,26,43,43,43,43,69,69,86,96,129,129,129,226,226,242,242,253,528,538,566,566,566,636,636,649,649,649,662,662,662,662,662,356,388,388],"floor_reached":56,"language":"ENG","playtime":3187,"items_purged":["Strike_R","Sword Boomerang"],"score":1371,"play_id":"72d20767-12ab-4422-9269-59cb27e4ee94","local_time":"20210114191039","is_ascension_mode":true,"campfire_choices":[{"data":"Body Slam","floor":6,"key":"SMITH"},{"data":"Shrug It Off","floor":8,"key":"SMITH"},{"data":"Shrug It Off","floor":11,"key":"SMITH"},{"data":"Bash","floor":13,"key":"SMITH"},{"floor":15,"key":"REST"},{"data":"Barricade","floor":23,"key":"SMITH"},{"data":"Panache","floor":27,"key":"SMITH"},{"data":"Metallicize","floor":32,"key":"SMITH"},{"floor":44,"key":"RECALL"},{"floor":49,"key":"REST"},{"floor":52,"key":"REST"}],"circlet_count":0,"master_deck":["Defend_R+1","Defend_R+1","Defend_R+1","Defend_R+1","Bash+1","Panache+1","Body Slam+1","Flash of Steel","Shrug It Off+1","Shrug It Off+1","Barricade+1","Inflame","Metallicize+1","Armaments","Evolve+1","Madness","Madness","Juggernaut","Body Slam+1"],"relics":["Burning Blood","Regal Pillow","Omamori","Anchor","Sozu","Membership Card","Bag of Preparation","Vajra","Enchiridion","Fusion Hammer","Pear","Bottled Flame","Paper Frog","Self Forming Clay","Du-Vu Doll"],"acts_visited":["Exordium","TheCity","TheBeyond","TheEnding"],"potions_floor_usage":[4,7,55],"damage_taken":[{"damage":6,"enemies":"2 Louse","floor":1,"turns":4},{"damage":1,"enemies":"Cultist","floor":4,"turns":3},{"damage":10,"enemies":"Jaw Worm","floor":5,"turns":4},{"damage":13,"enemies":"3 Sentries","floor":7,"turns":11},{"damage":20,"enemies":"Gremlin Nob","floor":10,"turns":4},{"damage":32,"enemies":"Hexaghost","floor":16,"turns":11},{"damage":8,"enemies":"3 Byrds","floor":18,"turns":4},{"damage":18,"enemies":"Spheric Guardian","floor":22,"turns":6},{"damage":0,"enemies":"Cultist and Chosen","floor":28,"turns":6},{"damage":3,"enemies":"Centurion and Healer","floor":29,"turns":6},{"damage":16,"enemies":"Slavers","floor":30,"turns":5},{"damage":0,"enemies":"Champ","floor":33,"turns":7},{"damage":0,"enemies":"3 Shapes","floor":35,"turns":4},{"damage":0,"enemies":"3 Darklings","floor":37,"turns":5},{"damage":0,"enemies":"Sphere and 2 Shapes","floor":39,"turns":4},{"damage":4,"enemies":"Nemesis","floor":40,"turns":5},{"damage":12,"enemies":"Spire Growth","floor":45,"turns":5},{"damage":0,"enemies":"Maw","floor":48,"turns":5},{"damage":8,"enemies":"Donu and Deca","floor":50,"turns":6},{"damage":18,"enemies":"Shield and Spear","floor":54,"turns":4},{"damage":47,"enemies":"The Heart","floor":55,"turns":6}],"seed_played":"-8072869089684848928","potions_obtained":[{"floor":1,"key":"Fire Potion"},{"floor":5,"key":"Fire Potion"},{"floor":10,"key":"Regen Potion"}],"is_trial":false,"path_per_floor":["M","$","?","M","M","R","E","R","T","E","R","$","R","?","R","B",null,"M","?","$","?","M","R","$","?","T","R","M","M","E","?","R","B",null,"M","?","M","?","M","E","?","?","T","R","M","?","T","M","R","B",null,"R","$","E","B",null],"character_chosen":"IRONCLAD","items_purchased":["Flash of Steel","Membership Card","Paper Frog","Self Forming Clay"],"campfire_rested":3,"item_purchase_floors":[2,20,53,53],"current_hp_per_floor":[56,56,56,61,57,57,50,50,50,36,36,36,36,28,67,41,80,78,78,78,78,66,66,66,66,66,66,72,75,65,49,49,55,80,80,80,80,80,80,90,79,79,79,79,73,73,73,79,90,88,90,90,90,78,51],"gold":388,"neow_bonus":"RANDOM_COLORLESS_2","is_daily":false,"chose_seed":false,"campfire_upgraded":7,"win_rate":0.0,"timestamp":1610651439,"path_taken":["M","$","?","?","M","R","E","R","T","E","R","?","R","?","R","BOSS","M","?","$","?","M","R","$","?","T","R","M","M","E","?","R","BOSS","M","?","M","?","?","E","?","?","T","R","M","?","?","M","R","BOSS","R","$","E","BOSS"],"items_purchased_type":["Card","Relic","Relic","Relic"],"build_version":"2020-12-22","purchased_purges":2,"victory":true,"max_hp_per_floor":[80,80,80,80,80,80,80,80,80,80,80,80,80,80,80,80,80,80,80,80,80,80,80,80,80,80,80,80,80,80,80,80,80,80,80,80,80,80,80,90,90,90,90,90,90,90,90,90,90,90,90,90,90,90,90],"card_choices":[{"not_picked":["Thinking Ahead","Chrysalis"],"picked":"Panache","floor":0},{"not_picked":["Cleave","Whirlwind"],"picked":"Body Slam","floor":1},{"not_picked":["Body Slam","Clothesline"],"picked":"Shrug It Off","floor":4},{"not_picked":["Burning Pact","Power Through"],"picked":"Shrug It Off","floor":5},{"not_picked":["Hemokinesis","Thunderclap","Anger"],"picked":"SKIP","floor":7},{"not_picked":["Feel No Pain","Rupture","Ghostly Armor"],"picked":"SKIP","floor":10},{"not_picked":["Juggernaut","Offering"],"picked":"Barricade","floor":16},{"not_picked":["Thunderclap+1","Perfected Strike"],"picked":"Inflame","floor":18},{"not_picked":["Headbutt","Sword Boomerang","Wild Strike+1"],"picked":"SKIP","floor":22},{"not_picked":["Spot Weakness+1","Seeing Red","Power Through"],"picked":"SKIP","floor":28},{"not_picked":["Power Through","Twin Strike+1"],"picked":"Evolve+1","floor":29},{"not_picked":["True Grit+1","Thunderclap","Warcry"],"picked":"SKIP","floor":30},{"not_picked":["True Grit+1","Thunderclap","Warcry"],"picked":"SKIP","floor":30},{"not_picked":["True Grit+1","Thunderclap","Warcry"],"picked":"SKIP","floor":30},{"not_picked":["Searing Blow+1","Disarm+1","Clash+1"],"picked":"SKIP","floor":35},{"not_picked":["Twin Strike+1","Iron Wave+1","Spot Weakness"],"picked":"SKIP","floor":37},{"not_picked":["Evolve","Heavy Blade","Pommel Strike+1"],"picked":"SKIP","floor":39},{"not_picked":["Headbutt","Metallicize","Cleave"],"picked":"SKIP","floor":40},{"not_picked":["Feel No Pain","Wild Strike+1"],"picked":"Juggernaut","floor":45},{"not_picked":["Hemokinesis+1","Anger"],"picked":"Body Slam+1","floor":48},{"not_picked":["Limit Break","Iron Wave+1","Clothesline+1"],"picked":"SKIP","floor":54}],"player_experience":41309,"relics_obtained":[{"floor":7,"key":"Regal Pillow"},{"floor":9,"key":"Omamori"},{"floor":10,"key":"Anchor"},{"floor":26,"key":"Bag of Preparation"},{"floor":30,"key":"Vajra"},{"floor":31,"key":"Enchiridion"},{"floor":40,"key":"Pear"},{"floor":47,"key":"Bottled Flame"},{"floor":54,"key":"Du-Vu Doll"}],"event_choices":[{"cards_removed":["Strike_R"],"damage_healed":0,"gold_gain":0,"player_choice":"Offered Basic","damage_taken":0,"max_hp_gain":0,"max_hp_loss":0,"event_name":"Bonfire Elementals","floor":3,"gold_loss":0},{"damage_healed":0,"gold_gain":0,"player_choice":"Damaged","damage_taken":8,"max_hp_gain":0,"max_hp_loss":0,"event_name":"Wheel of Change","floor":14,"gold_loss":0},{"damage_healed":0,"gold_gain":0,"player_choice":"Read","damage_taken":0,"max_hp_gain":0,"max_hp_loss":0,"event_name":"The Library","floor":19,"gold_loss":0,"cards_obtained":["Metallicize"]},{"damage_healed":0,"gold_gain":0,"cards_transformed":["Strike_R","Strike_R"],"player_choice":"Became Test Subject","damage_taken":0,"max_hp_gain":0,"max_hp_loss":0,"event_name":"Drug Dealer","floor":21,"gold_loss":0,"cards_obtained":["Sword Boomerang","Armaments"]},{"damage_healed":0,"gold_gain":0,"player_choice":"Simplicity","damage_taken":0,"max_hp_gain":0,"max_hp_loss":0,"event_name":"Back to Basics","floor":25,"gold_loss":0,"cards_upgraded":["Strike_R","Defend_R","Defend_R","Defend_R","Defend_R"]},{"damage_healed":0,"gold_gain":0,"player_choice":"Obtained Book","damage_taken":16,"max_hp_gain":0,"max_hp_loss":0,"event_name":"Cursed Tome","floor":31,"gold_loss":0},{"damage_healed":0,"gold_gain":0,"player_choice":"Memory 1","damage_taken":0,"max_hp_gain":0,"max_hp_loss":0,"event_name":"SensoryStone","floor":36,"gold_loss":0},{"damage_healed":0,"gold_gain":275,"player_choice":"Desecrate","damage_taken":0,"max_hp_gain":0,"max_hp_loss":0,"event_name":"Golden Shrine","floor":38,"gold_loss":0,"cards_obtained":["Regret"]},{"damage_healed":0,"gold_gain":0,"player_choice":"Embrace Madness","damage_taken":11,"max_hp_gain":0,"max_hp_loss":0,"event_name":"Winding Halls","floor":41,"gold_loss":0,"cards_obtained":["Madness","Madness"]},{"cards_removed":["Strike_R"],"damage_healed":0,"gold_gain":0,"player_choice":"Removed Attack","damage_taken":0,"max_hp_gain":0,"max_hp_loss":0,"event_name":"Falling","floor":42,"gold_loss":0},{"damage_healed":0,"gold_gain":0,"player_choice":"Ignored","damage_taken":0,"max_hp_gain":0,"max_hp_loss":0,"event_name":"Tomb of Lord Red Mask","floor":46,"gold_loss":0}],"is_beta":false,"boss_relics":[{"not_picked":["Runic Cube","Empty Cage"],"picked":"Sozu"},{"not_picked":["Runic Pyramid","Velvet Choker"],"picked":"Fusion Hammer"}],"items_purged_floors":[12,53],"is_endless":false,"potions_floor_spawned":[1,5,10,28,29,30,40,48],"ascension_level":2}}