{"host":"gsu59bb6ixcbb7gk","time":1610595137,"event":{"mods":["BaseMod","Colored Powertips","Downfall","Googly Eyes","Infinite Spire","Minty Spire (QoL Compilation)","Replay The Spire","StSLib"],"gold_per_floor":[117,42,42,60,79,112,127,160,186,186,206,5,22,22,22,118,118,131,131,131,131,149,149,149],"floor_reached":23,"language":"ENG","playtime":1117,"items_purged":["Defend_G"],"score":211,"play_id":"79204664-599c-4011-b8a4-ea2d2ebb18ef","local_time":"20210113223217","is_ascension_mode":true,"campfire_choices":[{"floor":10,"key":"REST"},{"floor":15,"key":"REST"}],"circlet_count":0,"master_deck":["Strike_G","Strike_G","Strike_G","Strike_G","Defend_G","Defend_G+1","Defend_G","Defend_G","Survivor","Neutralize","Prepared","Slice","Slice","Infinite Blades+1","Fluid Movement+1","Finisher","Finisher","Blade Dance+1","Blade Dance","Adrenaline","Hidden Blade+1","Blade Dance"],"relics":["Ring of the Snake","NeowsBlessing","Frozen Egg 2","Dream Catcher","Regal Pillow","War Paint","Painkiller Herb"],"acts_visited":["Exordium","TheCity"],"potions_floor_usage":[16,23],"damage_taken":[{"damage":0,"enemies":"2 Louse","floor":1,"turns":1},{"damage":0,"enemies":"Cultist","floor":4,"turns":1},{"damage":0,"enemies":"Jaw Worm","floor":5,"turns":1},{"damage":32,"enemies":"Gremlin Nob","floor":6,"turns":5},{"damage":3,"enemies":"Exordium Wildlife","floor":7,"turns":4},{"damage":24,"enemies":"Lagavulin","floor":8,"turns":8},{"damage":9,"enemies":"Red Slaver","floor":11,"turns":2},{"damage":0,"enemies":"Looter","floor":13,"turns":2},{"damage":61,"enemies":"The Guardian","floor":16,"turns":9},{"damage":2,"enemies":"Chosen","floor":18,"turns":2},{"damage":0,"enemies":"3 Byrds","floor":22,"turns":4},{"damage":59,"enemies":"Nightmare","floor":23,"turns":7}],"seed_played":"-2166285388726361312","potions_obtained":[{"floor":4,"key":"SmokeBomb"},{"floor":5,"key":"SteroidPotion"},{"floor":8,"key":"Elixir"},{"floor":22,"key":"Block Potion"}],"is_trial":false,"path_per_floor":["M","$","?","M","M","E","M","E","T","R","M","$","M","$","R","B",null,"?","?","?","T","?","NM"],"character_chosen":"THE_SILENT","items_purchased":["War Paint","Blade Dance"],"campfire_rested":2,"item_purchase_floors":[12,12],"current_hp_per_floor":[70,70,70,70,70,38,35,11,11,47,38,38,38,38,70,9,70,68,68,55,55,55,0,0],"gold":149,"neow_bonus":"THREE_ENEMY_KILL","is_daily":false,"chose_seed":false,"campfire_upgraded":0,"win_rate":0.0,"timestamp":1610595137,"path_taken":["M","$","?","M","M","E","?","E","T","R","M","?","M","$","R","BOSS","?","?","?","?","?","NM"],"items_purchased_type":["Relic","Card"],"build_version":"2020-12-22","purchased_purges":1,"victory":false,"max_hp_per_floor":[70,70,70,70,70,70,70,70,70,70,70,70,70,70,70,70,70,70,70,75,75,75,75,75],"card_choices":[{"not_picked":["Tactician","Slice"],"picked":"Prepared","floor":1},{"not_picked":["Skewer","Dagger Throw"],"picked":"Slice","floor":4},{"not_picked":["Deadly Poison","Prepared"],"picked":"Slice","floor":5},{"not_picked":["Poisoned Stab","Escape Plan"],"picked":"Infinite Blades+1","floor":6},{"not_picked":["Draining Mist","Poison Darts"],"picked":"Fluid Movement+1","floor":7},{"not_picked":["PiercingWail","Acrobatics"],"picked":"Finisher","floor":8},{"not_picked":["Backflip","Outmaneuver"],"picked":"Finisher","floor":10},{"not_picked":["Escape Plan","Dagger Spray"],"picked":"Blade Dance","floor":11},{"not_picked":["Flying Knee","Masterful Stab","Underhanded Strike"],"picked":"SKIP","floor":13},{"not_picked":["Bullet Time","Tools of the Trade+1"],"picked":"Adrenaline","floor":16},{"not_picked":["Eviscerate","Underhanded Strike+1"],"picked":"Hidden Blade+1","floor":18},{"not_picked":["Dagger Spray+1","Slice"],"picked":"Blade Dance","floor":22}],"player_experience":219147,"relics_obtained":[{"floor":6,"key":"Frozen Egg 2"},{"floor":8,"key":"Dream Catcher"},{"floor":9,"key":"Regal Pillow"}],"event_choices":[{"cards_removed":["Strike_G"],"damage_healed":0,"gold_gain":0,"player_choice":"Purged","damage_taken":0,"max_hp_gain":0,"max_hp_loss":0,"event_name":"Purifier","floor":3,"gold_loss":0},{"damage_healed":0,"gold_gain":0,"player_choice":"Ignored","damage_taken":0,"max_hp_gain":0,"max_hp_loss":0,"event_name":"Cursed Tome","floor":19,"gold_loss":0},{"damage_healed":0,"gold_gain":0,"player_choice":"Shed Blood","damage_taken":18,"max_hp_gain":5,"max_hp_loss":0,"event_name":"Forgotten Altar","floor":20,"gold_loss":0}],"is_beta":false,"boss_relics":[{"not_picked":["Velvet Choker","Pandora\u0027s Box"],"picked":"Painkiller Herb"}],"items_purged_floors":[2],"is_endless":false,"potions_floor_spawned":[4,5,8,22],"killed_by":"Nightmare","ascension_level":1}}