{"host":"vje6bedaj0fhalec","time":1610615143,"event":{"mods":["Act Like it!","BaseMod","Minty Spire (QoL Compilation)","Quick Restart","StSLib"],"gold_per_floor":[113,125,139,157,157,187,187,187,232,247,263,263,276,303,303,398,398,416,416,416,429,198,528,528,559,559,579,56,73,93,112,112,212,212,222,71,82,97,107,135,146,164,164,175,175,175,191,222,222,222],"floor_reached":51,"language":"ZHS","playtime":4381,"items_purged":["Defend_R","Strike_R","Defend_R"],"score":892,"play_id":"1100abe6-b1df-4d24-83d5-7102094446a3","local_time":"20210114170543","is_ascension_mode":false,"campfire_choices":[{"data":"Limit Break","floor":12.0,"key":"SMITH"},{"data":"Inflame","floor":15.0,"key":"SMITH"},{"data":"Double Tap","floor":24.0,"key":"SMITH"},{"data":"1","floor":32.0,"key":"LIFT"},{"floor":45.0,"key":"REST"},{"data":"2","floor":49,"key":"LIFT"}],"circlet_count":0,"master_deck":["Strike_R+1","Bash","Flash of Steel","Ghostly Armor","Iron Wave","Whirlwind+1","Clothesline","Limit Break+1","Carnage","Warcry","Inflame+1","Feed+1","Double Tap+1","Offering","Inflame","J.A.X.","Pommel Strike","Shrug It Off","Flex","Headbutt","Secret Technique","Reaper","Demon Form","Iron Wave+1","Hemokinesis+1","Flame Barrier+1","Flex+1","Heavy Blade","Armaments+1","Heavy Blade","Seeing Red","Flex+1","Intimidate","Heavy Blade+1","Flex"],"relics":["Burning Blood","Question Card","Lantern","Whetstone","Black Star","Toy Ornithopter","Sling","Old Coin","Bottled Flame","Omamori","Bottled Lightning","Girya","Eternal Feather","Astrolabe","Pantograph","Juzu Bracelet","Bag of Preparation","Mercury Hourglass","Charon\u0027s Ashes"],"acts_visited":["Exordium","TheCity","TheBeyond"],"potions_floor_usage":[50,50],"damage_taken":[{"damage":6.0,"enemies":"Cultist","floor":1.0,"turns":3.0},{"damage":6.0,"enemies":"2 Louse","floor":2.0,"turns":3.0},{"damage":6.0,"enemies":"Jaw Worm","floor":3.0,"turns":3.0},{"damage":1.0,"enemies":"3 Louse","floor":4.0,"turns":4.0},{"damage":12.0,"enemies":"Gremlin Nob","floor":6.0,"turns":4.0},{"damage":13.0,"enemies":"Exordium Thugs","floor":10.0,"turns":2.0},{"damage":6.0,"enemies":"Lots of Slimes","floor":11.0,"turns":3.0},{"damage":0.0,"enemies":"Gremlin Gang","floor":13.0,"turns":1.0},{"damage":21.0,"enemies":"Lagavulin","floor":14.0,"turns":5.0},{"damage":25.0,"enemies":"Hexaghost","floor":16.0,"turns":9.0},{"damage":16.0,"enemies":"3 Byrds","floor":18.0,"turns":3.0},{"damage":6.0,"enemies":"Shell Parasite","floor":21.0,"turns":2.0},{"damage":10.0,"enemies":"Gremlin Leader","floor":23.0,"turns":4.0},{"damage":0.0,"enemies":"Slavers","floor":25.0,"turns":1.0},{"damage":17.0,"enemies":"Chosen and Byrds","floor":27.0,"turns":5.0},{"damage":10.0,"enemies":"Cultist and Chosen","floor":29.0,"turns":2.0},{"damage":6.0,"enemies":"Sentry and Sphere","floor":30.0,"turns":3.0},{"damage":19.0,"enemies":"Chosen and Byrds","floor":31.0,"turns":3.0},{"damage":34.0,"enemies":"Automaton","floor":33.0,"turns":6.0},{"damage":0.0,"enemies":"3 Darklings","floor":35.0,"turns":1.0},{"damage":8.0,"enemies":"Orb Walker","floor":37.0,"turns":3.0},{"damage":35.0,"enemies":"Maw","floor":38.0,"turns":5.0},{"damage":27.0,"enemies":"3 Darklings","floor":39.0,"turns":4.0},{"damage":46.0,"enemies":"Nemesis","floor":40.0,"turns":3.0},{"damage":30.0,"enemies":"4 Shapes","floor":41.0,"turns":4.0},{"damage":6.0,"enemies":"Sphere and 2 Shapes","floor":42.0,"turns":3.0},{"damage":0.0,"enemies":"Jaw Worm Horde","floor":44.0,"turns":1.0},{"damage":16,"enemies":"Writhing Mass","floor":47,"turns":4},{"damage":18,"enemies":"Giant Head","floor":48,"turns":3},{"damage":63,"enemies":"Awakened One","floor":50,"turns":5}],"seed_played":"-6144688850990274447","potions_obtained":[{"floor":1.0,"key":"ColorlessPotion"},{"floor":2.0,"key":"Energy Potion"},{"floor":11.0,"key":"Regen Potion"},{"floor":14.0,"key":"HeartOfIron"},{"floor":21.0,"key":"AttackPotion"},{"floor":23.0,"key":"SteroidPotion"},{"floor":31.0,"key":"BlessingOfTheForge"},{"floor":33.0,"key":"SneckoOil"},{"floor":44.0,"key":"SkillPotion"},{"floor":47,"key":"BlessingOfTheForge"},{"floor":48,"key":"SkillPotion"}],"is_trial":false,"path_per_floor":["M","M","M","M","?","E","?","?","T","M","M","R","M","E","R","B",null,"M","?","?","M","$","E","R","E","T","M","$","M","M","M","R","B",null,"M","$","M","M","M","E","M","M","T","M","R","?","M","E","R","B",null],"character_chosen":"IRONCLAD","items_purchased":["Sling","Secret Technique","Eternal Feather","Heavy Blade"],"campfire_rested":1,"item_purchase_floors":[22,28,28,36],"current_hp_per_floor":[80,80,80,80,80,74,67,67,67,60,60,60,66,68,68,53,87,81,81,81,85,85,85,85,96,96,89,89,89,89,76,91,85,107,107,107,105,76,76,51,32,36,36,42,93,93,83,71,92,75],"gold":222,"neow_bonus":"RANDOM_COLORLESS","is_daily":false,"chose_seed":false,"campfire_upgraded":3,"win_rate":0.0,"timestamp":1610615143,"path_taken":["M","M","?","M","?","E","?","?","T","M","M","R","M","E","R","BOSS","M","?","?","M","$","E","R","E","T","M","$","M","?","M","R","BOSS","M","$","M","M","M","E","M","M","T","M","R","?","M","E","R","BOSS"],"items_purchased_type":["Relic","Card","Relic","Card"],"build_version":"2020-12-22","purchased_purges":3,"victory":true,"max_hp_per_floor":[80,80,80,80,80,80,80,80,80,80,80,80,80,83,83,87,87,91,91,91,95,95,99,99,99,99,103,103,107,107,107,107,107,107,107,107,107,107,107,107,107,111,111,111,111,111,111,111,111,111],"card_choices":[{"not_picked":["Finesse","Deep Breath"],"picked":"Flash of Steel","floor":0.0},{"not_picked":["Dark Embrace","Pommel Strike"],"picked":"Ghostly Armor","floor":1.0},{"not_picked":["Twin Strike","Perfected Strike"],"picked":"Iron Wave","floor":2.0},{"not_picked":["Battle Trance","Dark Embrace"],"picked":"Whirlwind","floor":3.0},{"not_picked":["Sword Boomerang","Twin Strike"],"picked":"Clothesline","floor":4.0},{"not_picked":["Double Tap","Clothesline"],"picked":"Limit Break","floor":6.0},{"not_picked":["Disarm","Clash","Clothesline"],"picked":"Warcry","floor":10.0},{"not_picked":["Metallicize","Warcry","True Grit"],"picked":"Inflame","floor":11.0},{"not_picked":["Cleave","Metallicize","Blood for Blood"],"picked":"Feed","floor":13.0},{"not_picked":["Hemokinesis","Flex","Clothesline"],"picked":"Double Tap","floor":14.0},{"not_picked":["Double Tap","Brutality","Fiend Fire"],"picked":"Offering","floor":16.0},{"not_picked":["Body Slam","Clash","Entrench"],"picked":"Inflame","floor":18.0},{"not_picked":["True Grit","Shrug It Off","Iron Wave"],"picked":"Pommel Strike","floor":21.0},{"not_picked":["Sever Soul","Iron Wave","Carnage"],"picked":"Shrug It Off","floor":23.0},{"not_picked":["Carnage","Burning Pact","Iron Wave"],"picked":"Flex","floor":25.0},{"not_picked":["Cleave","Perfected Strike","Clothesline"],"picked":"Headbutt","floor":27.0},{"not_picked":["Rage+1","Body Slam","Cleave+1"],"picked":"Reaper","floor":29.0},{"not_picked":["Clash","Second Wind","Ghostly Armor","Searing Blow"],"picked":"SKIP","floor":30.0},{"not_picked":["Clothesline","Perfected Strike+1","Sword Boomerang","Carnage"],"picked":"SKIP","floor":31.0},{"not_picked":["Bludgeon","Fiend Fire","Reaper"],"picked":"Demon Form","floor":33.0},{"not_picked":["Clothesline","Ghostly Armor+1","Pummel"],"picked":"Flex+1","floor":35.0},{"not_picked":["Clothesline+1","Searing Blow","Body Slam+1"],"picked":"Armaments+1","floor":37.0},{"not_picked":["Iron Wave","Twin Strike+1","Juggernaut"],"picked":"Heavy Blade","floor":38.0},{"not_picked":["Second Wind+1","Headbutt+1","Combust"],"picked":"Seeing Red","floor":39.0},{"not_picked":["Body Slam","Headbutt+1","Clash+1","Perfected Strike"],"picked":"SKIP","floor":40.0},{"not_picked":["Headbutt+1","Reaper","Twin Strike+1"],"picked":"Flex+1","floor":41.0},{"not_picked":["Armaments+1","Body Slam","Blood for Blood+1"],"picked":"Intimidate","floor":42.0},{"not_picked":["Spot Weakness","Thunderclap+1","Metallicize"],"picked":"Heavy Blade+1","floor":44.0},{"not_picked":["Reckless Charge","Rampage+1","Cleave"],"picked":"Flex","floor":47},{"not_picked":["Dual Wield","Carnage+1","Whirlwind","Pommel Strike+1"],"picked":"SKIP","floor":48}],"player_experience":64140,"relics_obtained":[{"floor":6.0,"key":"Question Card"},{"floor":9.0,"key":"Lantern"},{"floor":14.0,"key":"Whetstone"},{"floor":23.0,"key":"Old Coin"},{"floor":23.0,"key":"Bottled Flame"},{"floor":25.0,"key":"Omamori"},{"floor":25.0,"key":"Bottled Lightning"},{"floor":26.0,"key":"Girya"},{"floor":40.0,"key":"Pantograph"},{"floor":40.0,"key":"Juzu Bracelet"},{"floor":43.0,"key":"Bag of Preparation"},{"floor":48,"key":"Mercury Hourglass"},{"floor":48,"key":"Charon\u0027s Ashes"}],"event_choices":[{"damage_healed":0.0,"max_hp_gain":0.0,"max_hp_loss":0.0,"gold_gain":0.0,"event_name":"Living Wall","player_choice":"Grow","floor":5.0,"gold_loss":0.0,"damage_taken":0.0,"cards_upgraded":["Whirlwind"]},{"cards_removed":["Strike_R"],"damage_healed":0.0,"max_hp_gain":0.0,"max_hp_loss":0.0,"gold_gain":0.0,"event_name":"Golden Wing","player_choice":"Card Removal","floor":7.0,"gold_loss":0.0,"damage_taken":7.0},{"damage_healed":0.0,"max_hp_gain":0.0,"max_hp_loss":0.0,"gold_gain":0.0,"cards_transformed":["Strike_R"],"event_name":"Transmorgrifier","player_choice":"Transformed","floor":8.0,"gold_loss":0.0,"damage_taken":0.0,"cards_obtained":["Carnage"]},{"damage_healed":0.0,"max_hp_gain":0.0,"max_hp_loss":0.0,"gold_gain":0.0,"event_name":"Drug Dealer","player_choice":"Obtain J.A.X.","floor":19.0,"gold_loss":0.0,"damage_taken":0.0,"cards_obtained":["J.A.X."]},{"damage_healed":0.0,"max_hp_gain":0.0,"max_hp_loss":0.0,"gold_gain":0.0,"event_name":"WeMeetAgain","player_choice":"Gave Potion","floor":20.0,"gold_loss":0.0,"damage_taken":0.0,"relics_obtained":["Toy Ornithopter"]},{"damage_healed":0,"gold_gain":0,"player_choice":"Ignored","damage_taken":0,"max_hp_gain":0,"max_hp_loss":0,"event_name":"Mysterious Sphere","floor":46,"gold_loss":0}],"is_beta":false,"boss_relics":[{"not_picked":["SacredBark","SlaversCollar"],"picked":"Black Star"},{"not_picked":["Snecko Eye","Runic Cube"],"picked":"Astrolabe"}],"items_purged_floors":[22,28,36],"is_endless":false,"potions_floor_spawned":[1,2,11,13,14,21,23,31,33,37,38,44,47,48],"ascension_level":0}}