{"host":"mmro3auxcbu5pwad","time":1610618106,"event":{"mods":["Aspiration","BaseMod","Conspire","Energized Spire","Halation","Hubris","Infinite Spire","Minty Spire (QoL Compilation)","Permanent Neow","Replay The Spire","StSLib","vexMod"],"gold_per_floor":[114,114,114,125,137,137,137,149,149,160,37,52,70,84,184,184,184],"floor_reached":16,"language":"ENG","playtime":589,"items_purged":["Strike_G"],"score":96,"play_id":"c2659f30-2377-4d8c-accc-5106f8fbb20c","local_time":"20210114105506","is_ascension_mode":false,"campfire_choices":[{"data":"Noxious Fumes","floor":6,"key":"SMITH"},{"floor":15,"key":"DIG"}],"circlet_count":0,"master_deck":["Strike_G","Strike_G","Strike_G","Defend_G","Defend_G","Defend_G","Defend_G","Survivor","Neutralize","Outmaneuver","Noxious Fumes+1","Expertise","Deflect","Poisoned Stab","Poisoned Stab","Poisoned Stab"],"relics":["Ring of the Snake","aspiration:Nostalgia","PureWater","Onion Ring","hubris:MobiusCoin"],"acts_visited":["Exordium"],"potions_floor_usage":[16,16],"damage_taken":[{"damage":6,"enemies":"Jaw Worm","floor":1,"turns":6},{"damage":5,"enemies":"Small Slimes","floor":4,"turns":4},{"damage":0,"enemies":"Cultist","floor":5,"turns":3},{"damage":11,"enemies":"Gremlin Gang","floor":8,"turns":4},{"damage":3,"enemies":"3 Louse","floor":10,"turns":3},{"damage":2,"enemies":"Blue Slaver","floor":12,"turns":4},{"damage":2,"enemies":"Exordium Thugs","floor":13,"turns":5},{"damage":4,"enemies":"3 Louse","floor":14,"turns":3},{"damage":32,"enemies":"Slime Boss","floor":16,"turns":9}],"seed_played":"3587627907026249617","potions_obtained":[{"floor":4,"key":"SpeedPotion"},{"floor":10,"key":"Venom Potion"},{"floor":12,"key":"SpeedPotion"},{"floor":13,"key":"PowerPotion"}],"is_trial":false,"path_per_floor":["M","?","?","M","M","R","?","M","T","M","$","M","M","M","R","B"],"character_chosen":"THE_SILENT","items_purchased":["Poisoned Stab"],"campfire_rested":0,"item_purchase_floors":[11],"current_hp_per_floor":[64,57,57,52,52,52,52,41,41,38,38,36,34,30,30,0,0],"gold":184,"neow_bonus":"NOSTALGIA","is_daily":false,"chose_seed":false,"campfire_upgraded":1,"win_rate":0.0,"timestamp":1610618106,"path_taken":["M","?","?","M","M","R","?","M","T","M","$","M","?","?","R","BOSS"],"items_purchased_type":["Card"],"build_version":"2020-12-22","purchased_purges":1,"victory":false,"max_hp_per_floor":[70,70,70,70,70,70,70,70,70,70,70,70,70,70,70,70,70],"card_choices":[{"not_picked":["Backflip","Dagger Spray"],"picked":"Outmaneuver","floor":1},{"not_picked":["Eviscerate","Dash","PiercingWail"],"picked":"SKIP","floor":4},{"not_picked":["Underhanded Strike","Deadly Poison"],"picked":"Noxious Fumes","floor":5},{"not_picked":["Hidden Blade","Calculated Gamble","Riddle With Holes"],"picked":"SKIP","floor":8},{"not_picked":["Acrobatics","Outmaneuver"],"picked":"Deflect","floor":10},{"not_picked":["Atom Bomb","Deadly Poison"],"picked":"Poisoned Stab","floor":12},{"not_picked":["Sucker Punch","Backflip","Quick Slash"],"picked":"SKIP","floor":13},{"not_picked":["Skewer","Die Die Die"],"picked":"Poisoned Stab","floor":14}],"player_experience":35334,"relics_obtained":[{"floor":9,"key":"Onion Ring"},{"floor":15,"key":"hubris:MobiusCoin"}],"event_choices":[{"cards_removed":["Defend_G"],"damage_healed":0,"gold_gain":0,"player_choice":"Card Removal","damage_taken":7,"max_hp_gain":0,"max_hp_loss":0,"event_name":"Golden Wing","floor":2,"gold_loss":0},{"damage_healed":0,"gold_gain":0,"cards_transformed":["Strike_G"],"player_choice":"Transformed","damage_taken":0,"max_hp_gain":0,"max_hp_loss":0,"event_name":"Transmorgrifier","floor":7,"gold_loss":0,"cards_obtained":["Expertise"]}],"is_beta":false,"boss_relics":[],"items_purged_floors":[11],"is_endless":false,"potions_floor_spawned":[4,10,12,13,14],"killed_by":"Slime Boss","ascension_level":0}}