{"host":"56d873i5r3uhle0q","time":1610601503,"event":{"mods":["100% Spire Juice","Act Like it!","BaseMod","Block Reminder","Conspire","Gensokyo","Marisa????????","Minty Spire (QoL Compilation)","Replay The Spire","StSLib","The Animator","The Jungle","The Marked","The Servant 0.9.4","Wandering Minibosses","everything is the same but u backflip on backflip"],"gold_per_floor":[119,119,119,119,139,24,412,412,412,426,445,664,676,676,676,676,676],"floor_reached":16,"language":"ENG","playtime":696,"items_purged":[],"score":94,"play_id":"1565e232-2c10-442c-aa55-0bef975aa167","local_time":"20210113221823","is_ascension_mode":false,"campfire_choices":[{"floor":8,"key":"REST"},{"floor":15,"key":"DIG"}],"circlet_count":0,"master_deck":["Strike_MRS+1","Strike_MRS","Strike_MRS","Strike_MRS","Defend_MRS","Defend_MRS","Defend_MRS","Defend_MRS","MasterSpark","UpSweep+1","SprinkleStarSeal","SprinkleStarSeal","OrrerysSun"],"relics":["MiniHakkero","NeowsBlessing","Gensokyo:OccultBall","Replay:Accelerometer","Replay:Arrowhead","Whetstone"],"acts_visited":["Gensokyo:Gensokyo"],"potions_floor_usage":[16],"damage_taken":[{"damage":0,"enemies":"Gensokyo:2_Kodama","floor":1,"turns":1},{"damage":0,"enemies":"Gensokyo:Gryphon","floor":5,"turns":1},{"damage":37,"enemies":"Gensokyo:Python","floor":7,"turns":1},{"damage":2,"enemies":"Gensokyo:CorruptedTreant","floor":10,"turns":5},{"damage":6,"enemies":"Gensokyo:Kitsune","floor":11,"turns":4},{"damage":6,"enemies":"Gensokyo:Gryphon_and_Rabbit","floor":12,"turns":5},{"damage":6,"enemies":"Gensokyo:2_Rabbits","floor":13,"turns":6},{"damage":48,"enemies":"Gensokyo:Kokoro","floor":16,"turns":14}],"seed_played":"-7539963438671491032","potions_obtained":[{"floor":1,"key":"Dexterity Potion"},{"floor":12,"key":"Regen Potion"},{"floor":13,"key":"SpeedPotion"}],"is_trial":false,"path_per_floor":["M","?","?","$","M","COS","M","R","T","M","M","M","M","?","R","B"],"character_chosen":"MARISA","items_purchased":[],"campfire_rested":1,"item_purchase_floors":[],"current_hp_per_floor":[75,75,75,75,75,75,38,60,60,58,52,46,40,40,40,0,0],"gold":676,"neow_bonus":"THREE_ENEMY_KILL","is_daily":false,"chose_seed":false,"campfire_upgraded":0,"win_rate":0.0,"timestamp":1610601503,"path_taken":["M","?","?","$","M","COS","M","R","T","M","M","?","?","?","R","BOSS"],"items_purchased_type":[],"build_version":"2020-12-22","purchased_purges":0,"victory":false,"max_hp_per_floor":[75,75,75,75,75,75,75,75,75,75,75,75,75,75,75,75,75],"card_choices":[{"not_picked":["SprinkleStarSeal","AsteroidBelt"],"picked":"EnergyFlow","floor":1},{"not_picked":["GrandCross","WitchOfGreed","PowerUp"],"picked":"SKIP","floor":5},{"not_picked":["AsteroidBelt","UnstableBomb","Acceleration"],"picked":"SKIP","floor":7},{"not_picked":["6A","PowerUp","AsteroidBelt"],"picked":"SKIP","floor":10},{"not_picked":["GravityBeat","Acceleration"],"picked":"SprinkleStarSeal","floor":11},{"not_picked":["EarthLightRay","NonDirectionalLaser"],"picked":"SprinkleStarSeal","floor":12},{"not_picked":["WitchOfGreed","BlazingStar"],"picked":"OrrerysSun","floor":13}],"player_experience":518715,"relics_obtained":[{"floor":9,"key":"Replay:Accelerometer"},{"floor":15,"key":"Whetstone"}],"event_choices":[],"is_beta":false,"boss_relics":[],"items_purged_floors":[],"is_endless":false,"potions_floor_spawned":[1,12,13],"killed_by":"Gensokyo:Kokoro","ascension_level":0}}