{"host":"2lvuisjyit3p3u01","time":1610646557,"event":{"mods":["Act Like it!","BaseMod","Bestiary","Better Synergies","CapriCore","Colored Map","Colored Powertips","Duelist Mod","Fox Events","GifTheSpireLib","Minty Spire (QoL Compilation)","Quick Restart","Replay The Spire","StSLib"],"gold_per_floor":[141,154,166,177,177,177,207,207,207,207,232,258,258,278,293,44,44,140,340,355,355,9,24,24,24,24,24,48,48,58,68,68,85,85,85,85],"floor_reached":35,"language":"ENG","playtime":1292,"items_purged":["theDuelist:CastleWalls"],"score":267,"play_id":"70d60bf9-ed9e-4609-bbd0-6a2afc798a39","local_time":"20210114194917","is_ascension_mode":false,"campfire_choices":[{"data":"theDuelist:BattleWarrior","floor":6.0,"key":"SMITH"},{"data":"theDuelist:SuperheavySoulbuster","floor":8,"key":"SMITH"},{"floor":13,"key":"REST"},{"data":"theDuelist:GravekeeperCurse","floor":17,"key":"PURGE"},{"data":"theDuelist:SwordsConcealing","floor":25,"key":"SMITH"},{"data":"theDuelist:CommandKnight","floor":29,"key":"SMITH"},{"floor":32,"key":"REST"},{"floor":34,"key":"REST"}],"circlet_count":0,"master_deck":["theDuelist:CastleWalls","theDuelist:Sparks","theDuelist:Sparks","theDuelist:SuperheavySoulbuster+1","theDuelist:BattleWarrior+1","CommonCold","theDuelist:SwordsConcealing+1","CurseOfTheBell","theDuelist:ComboMaster+1","theDuelist:MightyWarrior+1","theDuelist:ColossalFighter","theDuelist:CommandKnight+1","theDuelist:FeedbackWarrior","theDuelist:FeedbackWarrior","theDuelist:FeedbackWarrior","theDuelist:GoyoKing","theDuelist:CyberRaider","theDuelist:GoyoEmperor+1","theDuelist:FlameSwordsman+1","theDuelist:DarkBurningAttack"],"relics":["theDuelist:MillenniumPuzzle","theDuelist:CardPoolRelic","theDuelist:CardPoolBasicRelic","theDuelist:BoosterPackPoolRelic","theDuelist:CardPoolAddRelic","theDuelist:CardPoolMinusRelic","theDuelist:CardPoolSaveRelic","theDuelist:CardPoolOptionsRelic","ReplayTheSpireMod:Spearhead","theDuelist:MillenniumScale","Strawberry","Bronze Scales","Anchor","ReplayTheSpireMod:CursedCoin","Oddly Smooth Stone","Molten Egg 2","Calling Bell","Dream Catcher","theDuelist:ElectricBurst","theDuelist:MillenniumCoin","Membership Card","Golden Egg","theDuelist:MillenniumRing","Blue Doll"],"acts_visited":["Exordium","TheCity"],"potions_floor_usage":[7,7,18,23,31,35,35],"damage_taken":[{"damage":0.0,"enemies":"Cultist","floor":1.0,"turns":3.0},{"damage":0.0,"enemies":"2 Louse","floor":2.0,"turns":1.0},{"damage":0.0,"enemies":"Jaw Worm","floor":3.0,"turns":2.0},{"damage":0.0,"enemies":"Large Slime","floor":4.0,"turns":2.0},{"damage":11,"enemies":"Gremlin Nob","floor":7,"turns":3},{"damage":27,"enemies":"Replay:BlueRogue","floor":12,"turns":4},{"damage":2,"enemies":"Exordium Wildlife","floor":14,"turns":2},{"damage":0,"enemies":"2 Fungi Beasts","floor":15,"turns":2},{"damage":8,"enemies":"Hexaghost","floor":18,"turns":9},{"damage":10,"enemies":"3 Byrds","floor":20,"turns":4},{"damage":10,"enemies":"2 Thieves","floor":23,"turns":3},{"damage":19,"enemies":"Cultist and Chosen","floor":30,"turns":7},{"damage":29,"enemies":"Centurion and Healer","floor":31,"turns":4},{"damage":0,"enemies":"Snake Plant","floor":33,"turns":5},{"damage":107,"enemies":"Automaton","floor":35,"turns":6}],"seed_played":"-486791505352061737","potions_obtained":[{"floor":1.0,"key":"SkillPotion"},{"floor":2.0,"key":"PowerPotion"},{"floor":3.0,"key":"Explosive Potion"},{"floor":4.0,"key":"theDuelist:BarricadePotion"},{"floor":12,"key":"FearPotion"},{"floor":20,"key":"theDuelist:SealedPack"},{"floor":23,"key":"theDuelist:BurningPotion"}],"is_trial":false,"path_per_floor":["M","M","M","M","?","R","E","R","PTL","PTL","T","E","R","M","M","$","R_BF","B",null,"M","?","$","M","?","R","?","$","T","R","M","M","R","M","R_BF","B"],"character_chosen":"THE_DUELIST","items_purchased":["ReplayTheSpireMod:CursedCoin","Oddly Smooth Stone","Molten Egg 2","Membership Card","Golden Egg","theDuelist:TokenPotion"],"campfire_rested":3,"item_purchase_floors":[16,16,16,22,22,22],"current_hp_per_floor":[80,80,80,80,80,80,76,76,76,76,76,49,75,73,73,73,73,65,87,77,77,77,67,67,67,67,67,67,67,48,19,45,45,71,0,0],"gold":85,"neow_bonus":"RANDOM_COMMON_RELIC","is_daily":false,"chose_seed":false,"campfire_upgraded":4,"win_rate":0.0,"timestamp":1610646557,"path_taken":["M","M","M","M","?","R","E","R","PTL","PTL","T","E","R","?","?","$","R_BF","BOSS","M","?","?","M","?","R","?","?","T","R","?","M","R","M","R_BF","BOSS"],"items_purchased_type":["Relic","Relic","Relic","Relic","Relic","Potion"],"build_version":"2020-12-22","purchased_purges":1,"victory":false,"max_hp_per_floor":[80,80,80,80,80,80,87,87,87,87,87,87,87,87,87,87,87,87,87,87,87,87,87,87,87,87,87,87,87,87,87,87,87,87,87,87],"card_choices":[{"not_picked":["theDuelist:BlueBloodedOni","theDuelist:GreyGreedOni","theDuelist:PurplePainOni","theDuelist:RainbowOverdragon","theDuelist:RedHeadedOni"],"picked":"SKIP","floor":1.0},{"not_picked":["theDuelist:WormKing","theDuelist:PotDichotomy","theDuelist:WeepingIdol","theDuelist:ElectromagneticShield","theDuelist:Sangan"],"picked":"SKIP","floor":2.0},{"not_picked":["theDuelist:AlphaMagnet","theDuelist:GoyoDefender","theDuelist:AgainstTheWind","theDuelist:AssaultArmor"],"picked":"theDuelist:BattleWarrior","floor":3.0},{"not_picked":["theDuelist:Sangan","theDuelist:WormKing","theDuelist:FeatherPho","theDuelist:MillenniumScorpion","theDuelist:DummyGolem"],"picked":"SKIP","floor":4.0},{"not_picked":["theDuelist:BladeKnight","theDuelist:AgainstTheWind","theDuelist:CyberRaider","theDuelist:CommanderSwords","theDuelist:DeltaAttacker"],"picked":"SKIP","floor":7},{"not_picked":["theDuelist:GoyoChaser","theDuelist:CelticGuardian","theDuelist:CombinationAttack","theDuelist:SoldierLady"],"picked":"theDuelist:FeedbackWarrior","floor":12},{"not_picked":["theDuelist:BladeArmorNinja","theDuelist:SteamTrainKing"],"picked":"theDuelist:GoyoKing","floor":14},{"not_picked":["theDuelist:WarriorReturningAlive","theDuelist:EgoBoost","theDuelist:AdvanceForce","theDuelist:Mudballman"],"picked":"theDuelist:CyberRaider","floor":15},{"not_picked":["theDuelist:FightingSpirit","theDuelist:HeroRing","theDuelist:CrystalTree","theDuelist:BladeArmorNinja+1"],"picked":"theDuelist:SwordsConcealing","floor":18},{"not_picked":["theDuelist:BattleguardRage","theDuelist:PurplePainOni","theDuelist:CircleFireKings","theDuelist:SpiritForce"],"picked":"theDuelist:ComboMaster+1","floor":20},{"not_picked":["theDuelist:DarklordSuperbia+1","theDuelist:EvilswarmHeliotrope+1","theDuelist:LightningDarts+1","theDuelist:LightningVortex+1","theDuelist:AttackTheMoon+1"],"picked":"SKIP","floor":23},{"not_picked":["theDuelist:BattleOx+1","theDuelist:BlackPendant","theDuelist:GilfordLegend+1","theDuelist:PotDichotomy+1","theDuelist:PreventRat"],"picked":"SKIP","floor":30},{"not_picked":["theDuelist:GoyoKing+1","theDuelist:ComboMaster+1","theDuelist:HeartUnderdog+1","theDuelist:SwordsConcealing"],"picked":"theDuelist:GoyoEmperor","floor":31},{"not_picked":["theDuelist:MeteorDestruction+1","theDuelist:MightyWarrior+1","theDuelist:OnslaughtFireKings","theDuelist:GoyoDefender"],"picked":"theDuelist:FlameSwordsman+1","floor":33},{"not_picked":["theDuelist:AgainstTheWind+1","theDuelist:Mudballman"],"picked":"theDuelist:DarkBurningAttack","floor":34}],"player_experience":303481,"relics_obtained":[{"floor":7,"key":"Strawberry"},{"floor":11,"key":"Bronze Scales"},{"floor":12,"key":"Anchor"},{"floor":19,"key":"Dream Catcher"},{"floor":19,"key":"theDuelist:ElectricBurst"},{"floor":19,"key":"theDuelist:MillenniumCoin"},{"floor":28,"key":"Blue Doll"}],"event_choices":[{"damage_healed":0.0,"max_hp_gain":0.0,"max_hp_loss":0.0,"gold_gain":0.0,"event_name":"Millennium Items","player_choice":"Took item - Received: Millennium Scale","duelist":true,"floor":5.0,"gold_loss":0.0,"damage_taken":0.0},{"damage_healed":0,"gold_gain":0,"player_choice":"Ignored","damage_taken":0,"max_hp_gain":0,"max_hp_loss":0,"event_name":"N\u0027loth","floor":21,"gold_loss":0},{"damage_healed":0,"gold_gain":0,"player_choice":"Took item - Received: Millennium Ring","duelist":true,"damage_taken":0,"max_hp_gain":0,"max_hp_loss":0,"event_name":"Millennium Items","floor":24,"gold_loss":0},{"cards_removed":["theDuelist:SummoningCurse"],"damage_healed":0,"gold_gain":0,"player_choice":"Elegance","damage_taken":0,"max_hp_gain":0,"max_hp_loss":0,"event_name":"Back to Basics","floor":26,"gold_loss":0}],"is_beta":false,"boss_relics":[{"not_picked":["Philosopher\u0027s Stone","ChewingGum"],"picked":"Calling Bell"}],"items_purged_floors":[22],"is_endless":false,"potions_floor_spawned":[1,2,3,4,12,20,23],"killed_by":"Automaton","ascension_level":0}}