{"host":"3pvh99l9qedhoxgj","time":1610607638,"event":{"mods":["Alarm Clock","BaseMod","Colored Map","Colored Powertips","Conspire","Highlight Path","Infinite Spire","Minty Spire (QoL Compilation)","Relic Stats","Replay The Spire","StSLib","The Bug Knight","[功能]商店购物价格优惠80%","【遗物卡牌】REMEMod"],"gold_per_floor":[117,117,117,292,310,344,373,282,282,296,312,327,340,151,151,254,254,266,266,277,231,269,281,281],"floor_reached":23,"language":"ZHS","playtime":1466,"items_purged":["Doubt","conspire:PoisonWeapons","HollowMod:QuickDashStart","HollowMod:QuickDashStart","HollowMod:PogoStrike","HollowMod:SlysStrikes","HollowMod:NailStrikeStart"],"score":268,"play_id":"82672f6c-ea6e-40a0-8d96-4a5e038d4ab9","local_time":"20210114150038","is_ascension_mode":false,"campfire_choices":[{"floor":15,"key":"REST"}],"circlet_count":0,"master_deck":["HollowMod:NailStrikeStart","HollowMod:NailStrikeStart","HollowMod:NailStrikeStart","HollowMod:QuickDashStart","HollowMod:QuickDashStart","HollowMod:FocusHealStart","Midas Touch","Inflame","HollowMod:DesolateDive","Replay:Dark Deal","HollowMod:AwokenDreamNail","HollowMod:SoulStrike","Deep Breath","HollowMod:CycloneSlash","REME_ACTH","HollowMod:DoubleDash+1","Self Repair+1"],"relics":["Blood Vial","Golden Idol","Strawberry","PureWater","Peace Pipe","ReplayTheSpireMod:Spearhead","HollowMod:JonisBlessing","HollowMod:VesselMask","Damaru","Sizzling Blood","Replay:PocketPolymizer","Ring of Greed","Chemical X","infinitespire:DarkRift","infinitespire:Chaos","Blue Doll","Replay:Bandana"],"acts_visited":["Exordium","TheCity"],"potions_floor_usage":[11,13,14,16,22,22,22,23],"damage_taken":[{"damage":16.0,"enemies":"Small Slimes","floor":1.0,"turns":3.0},{"damage":11.0,"enemies":"Jaw Worm","floor":5.0,"turns":3.0},{"damage":34.0,"enemies":"3 Sentries","floor":6.0,"turns":8.0},{"damage":25.0,"enemies":"The Mushroom Lair","floor":7.0,"turns":5.0},{"damage":0.0,"enemies":"Cultist","floor":10.0,"turns":3.0},{"damage":0,"enemies":"Lots of Slimes","floor":11,"turns":1},{"damage":19,"enemies":"3 Louse","floor":12,"turns":4},{"damage":7,"enemies":"2 Fungi Beasts","floor":13,"turns":3},{"damage":0,"enemies":"Slime Boss","floor":16,"turns":6},{"damage":10,"enemies":"Spheric Guardian","floor":18,"turns":3},{"damage":20,"enemies":"2 Thieves","floor":20,"turns":3},{"damage":20,"enemies":"Shelled Parasite and Fungi","floor":22,"turns":5},{"damage":45,"enemies":"Slavers","floor":23,"turns":4}],"seed_played":"-4008244507855806591","potions_obtained":[{"floor":1.0,"key":"GamblersBrew"},{"floor":5.0,"key":"REME_GoldPotion"},{"floor":5.0,"key":"Adrenaline Potion"},{"floor":6.0,"key":"PowerPotion"},{"floor":11,"key":"BlessingOfTheForge"},{"floor":12,"key":"Explosive Potion"},{"floor":13,"key":"FearPotion"},{"floor":16,"key":"Languid Potion"},{"floor":18,"key":"PowerPotion"},{"floor":20,"key":"LiquidMemories"},{"floor":22,"key":"Energy Potion"},{"floor":22,"key":"DistilledChaos"}],"is_trial":false,"path_per_floor":["M","?","?","?","M","E","?","$","T","M","M","M","M","$","R","B",null,"M","?","M","$","M","E"],"character_chosen":"THE_BUGKNIGHT","items_purchased":["InkBottle","BargainBundle","Replay:Dark Deal","HollowMod:AwokenDreamNail","HollowMod:SoulStrike","HollowMod:SlysStrikes","Deep Breath","DuplicationPotion","Weak Potion","SmokeBomb","Ice Cream","Toolbox","REME_HourglassOfDeath","REME_GoldPotion","FearPotion","MealTicket","Bag of Marbles","infinitespire:Chaos"],"campfire_rested":1,"item_purchase_floors":[8,8,8,8,8,8,8,8,8,8,14,14,14,14,14,21,21,21],"current_hp_per_floor":[72,60,82,82,71,57,38,38,38,38,38,25,24,24,48,54,82,72,72,52,63,43,0,0],"gold":281,"neow_bonus":"TEN_PERCENT_HP_BONUS","is_daily":false,"chose_seed":false,"campfire_upgraded":0,"win_rate":0.0,"timestamp":1610607638,"path_taken":["M","?","?","?","M","E","?","$","T","?","?","M","M","?","R","BOSS","M","?","M","$","M","E"],"items_purchased_type":["Relic","Relic","Card","Card","Card","Card","Card","Potion","Potion","Potion","Relic","Relic","Relic","Potion","Potion","Relic","Relic","Relic"],"build_version":"2020-12-22","purchased_purges":7,"victory":false,"max_hp_per_floor":[82,82,82,82,82,82,82,82,82,82,82,82,82,82,82,82,82,82,82,82,93,93,93,93],"relic_stats":{"Blood Vial":0,"Peace Pipe":0,"counters":[13,51],"Golden Idol":3,"Chemical X":[0],"obtain_stats":[{"Ice Cream":14,"Replay:PocketPolymizer":21,"REME_ChargedStone":17,"HollowMod:VesselMask":0,"Blue Doll":21,"Sizzling Blood":21,"Blood Vial":21,"Replay:Bandana":21,"Strawberry":21,"Toolbox":14,"MealTicket":21,"Chemical X":21,"HollowMod:MantisClawRelic":6,"infinitespire:Chaos":21,"InkBottle":8,"BargainBundle":8,"Golden Idol":21,"infinitespire:EmptyRelic":21,"HollowMod:JonisBlessing":21,"Damaru":21,"PreservedInsect":9,"Ring of Greed":21,"Odd Mushroom":7,"Peace Pipe":21,"ReplayTheSpireMod:Spearhead":21,"infinitespire:DarkRift":21,"REME_HourglassOfDeath":14,"Art of War":2,"Bag of Marbles":21,"PureWater":21,"REME_ComplimentaryCards":0},{"Ice Cream":8,"Replay:PocketPolymizer":11,"REME_ChargedStone":9,"HollowMod:VesselMask":0,"Blue Doll":11,"Sizzling Blood":11,"Blood Vial":11,"Replay:Bandana":11,"Strawberry":11,"Toolbox":8,"MealTicket":11,"Chemical X":11,"HollowMod:MantisClawRelic":3,"infinitespire:Chaos":11,"InkBottle":4,"BargainBundle":4,"Golden Idol":11,"infinitespire:EmptyRelic":11,"HollowMod:JonisBlessing":11,"Damaru":11,"PreservedInsect":4,"Ring of Greed":11,"Odd Mushroom":4,"Peace Pipe":11,"ReplayTheSpireMod:Spearhead":11,"infinitespire:DarkRift":11,"REME_HourglassOfDeath":8,"Art of War":1,"Bag of Marbles":11,"PureWater":11,"REME_ComplimentaryCards":0},{"Ice Cream":30,"Replay:PocketPolymizer":42,"REME_ChargedStone":36,"HollowMod:VesselMask":0,"Blue Doll":42,"Sizzling Blood":42,"Blood Vial":42,"Replay:Bandana":42,"Strawberry":42,"Toolbox":30,"MealTicket":42,"Chemical X":42,"HollowMod:MantisClawRelic":14,"infinitespire:Chaos":42,"InkBottle":19,"BargainBundle":19,"Golden Idol":42,"infinitespire:EmptyRelic":42,"HollowMod:JonisBlessing":42,"Damaru":42,"PreservedInsect":19,"Ring of Greed":42,"Odd Mushroom":19,"Peace Pipe":42,"ReplayTheSpireMod:Spearhead":42,"infinitespire:DarkRift":42,"REME_HourglassOfDeath":30,"Art of War":3,"Bag of Marbles":42,"PureWater":42,"REME_ComplimentaryCards":0}]},"card_choices":[{"not_picked":["Bane","Headbutt"],"picked":"Inflame","floor":1.0},{"not_picked":["ReplayTheSpireMod:Corrosion Curse","HollowMod:SharpenedShadows"],"picked":"HollowMod:DesolateDive","floor":5.0},{"not_picked":["Barrage","REME_GreenPollution","Armaments"],"picked":"SKIP","floor":6.0},{"not_picked":["HollowMod:QuirrelsAssistance","Conserve Battery"],"picked":"conspire:PoisonWeapons","floor":7.0},{"not_picked":["Havoc","Glacier"],"picked":"HollowMod:CycloneSlash","floor":10.0},{"not_picked":["Second Wind","Thunderclap","Clothesline"],"picked":"SKIP","floor":11},{"not_picked":["Cloak And Dagger","ReplayTheSpireMod:Stacked","ReplayRNGCard"],"picked":"SKIP","floor":12},{"not_picked":["Perfected Strike","HollowMod:WraithStrike","Noxious Fumes"],"picked":"SKIP","floor":13},{"not_picked":["Offering","HollowMod:PureVessel"],"picked":"REME_ACTH","floor":16},{"not_picked":["HollowMod:InfectedAttack+1","Perfected Strike"],"picked":"HollowMod:DoubleDash+1","floor":18},{"not_picked":["Endless Agony+1","Perfected Strike","Bane"],"picked":"SKIP","floor":20},{"not_picked":["Wild Strike+1","Hologram"],"picked":"Self Repair+1","floor":22}],"player_experience":95781,"relics_obtained":[{"floor":6.0,"key":"HollowMod:MantisClawRelic"},{"floor":7.0,"key":"Odd Mushroom"},{"floor":9.0,"key":"PreservedInsect"},{"floor":21,"key":"Blue Doll"},{"floor":21,"key":"Replay:Bandana"}],"event_choices":[{"damage_healed":0.0,"max_hp_gain":0.0,"max_hp_loss":0.0,"gold_gain":0.0,"event_name":"Scrap Ooze","player_choice":"Success","floor":2.0,"gold_loss":0.0,"damage_taken":12.0,"relics_obtained":["Art of War"]},{"damage_healed":0.0,"max_hp_gain":0.0,"max_hp_loss":0.0,"gold_gain":175.0,"event_name":"Liars Game","player_choice":"AGREE","floor":4.0,"gold_loss":0.0,"damage_taken":0.0,"cards_obtained":["Doubt"]},{"damage_healed":0.0,"max_hp_gain":0.0,"max_hp_loss":0.0,"gold_gain":0.0,"event_name":"Mushrooms","player_choice":"Fought Mushrooms","floor":7.0,"gold_loss":0.0,"damage_taken":0.0},{"damage_healed":0,"gold_gain":0,"player_choice":"Bought 0 Potions","damage_taken":0,"max_hp_gain":0,"max_hp_loss":0,"event_name":"The Woman in Blue","floor":19,"gold_loss":0}],"is_beta":false,"boss_relics":[{"not_picked":["Replay:Grab Bag","Velvet Choker"],"picked":"REME_ChargedStone"}],"items_purged_floors":[8,14,14,14,14,14,21],"is_endless":false,"potions_floor_spawned":[1,5,5,6,11,12,13,16,18,20,22,22],"killed_by":"Slavers","ascension_level":0}}