{"host":"vhrbb9mxb8fcxsba","time":1610603325,"event":{"mods":["2.2 Compatiblity","Act Like it!","Aspiration","BaseMod","Downfall","GungeonMod","Infinite Spire","Minty Spire (QoL Compilation)","Quick Restart","Replay The Spire","StSLib","The Disciple","Wandering Minibosses"],"gold_per_floor":[99,149,161,170,294,353,365,302,352,359,390,401,433,445,480,625,637,674,720,732,594,606,670,682,716,795,839,851,863,579,579,611,739,739,739,739],"floor_reached":35,"language":"ENG","playtime":1916,"items_purged":["sneckomod:Strike"],"score":556,"play_id":"485c25ad-ccd8-4b30-885a-b86c19c8db5a","local_time":"20210114184845","is_ascension_mode":false,"campfire_choices":[{"data":"sneckomod:SnekBite","floor":1,"key":"SMITH"},{"floor":8,"key":"RECALL"},{"data":"Replay:Fractal Strike","floor":29,"key":"SMITH"}],"circlet_count":0,"master_deck":["sneckomod:Strike","sneckomod:Strike","sneckomod:Defend+1","sneckomod:Defend+1","sneckomod:TailWhip+1","sneckomod:SnekBite+1","sneckomod:Unknown","sneckomod:Unknown","sneckomod:SoulDraw+1","CommonCold","sneckomod:MasterEye","sneckomod:UnknownClassPURPLE","sneckomod:UnknownUncommonPower","Writhe","sneckomod:UnknownUncommonAttack","Parasite","sneckomod:UnknownRarePower","infinitespire:Pacifist","sneckomod:Restock","sneckomod:QuickBite","Spreading Infection","sneckomod:QuickBite","Ghostly","Replay:Fractal Strike+1","Flash of Steel","Spreading Infection","Replay:SS_forest_6","Spreading Infection","expansioncontent:DefensiveStance+1","Slimebound:Grow","Pain","Replay:UnknownCurse","ReplayTheSpireMod:Restless Dread","sneckomod:DangerNoodle","sneckomod:DangerNoodle","Replay:Sssssssssstrike","Allegro","hexamod:Haunted"],"relics":["sneckomod:SneckoSoul","Ring of Misfortune","Ring of Greed","Replay:Bandana","MawBank","infinitespire:Lychee Nut","downfall:HeartBlessingGreen","infinitespire:Broken Mirror","Cursed Key","downfall:HeartBlessingRed","PrismaticShard","Blue Doll","infinitespire:CheckeredPen","downfall:RedIOU","Divine Protection","Dream Catcher","Philosopher\u0027s Stone","downfall:TeleportStone"],"acts_visited":["Exordium","TheCity","TheBeyond"],"potions_floor_usage":[16,16,30,33],"damage_taken":[{"damage":0,"enemies":"downfall:FleeingMerchant","floor":4,"turns":4},{"damage":56,"enemies":"downfall:Heads","floor":5,"turns":8},{"damage":17,"enemies":"3 Sentries","floor":6,"turns":10},{"damage":13,"enemies":"Gremlin Nob","floor":9,"turns":5},{"damage":0,"enemies":"downfall:FleeingMerchant","floor":10,"turns":4},{"damage":0,"enemies":"Jaw Worm","floor":11,"turns":2},{"damage":16,"enemies":"downfall:FleeingMerchant","floor":12,"turns":4},{"damage":0,"enemies":"2 Louse","floor":13,"turns":1},{"damage":1,"enemies":"Small Slimes","floor":15,"turns":4},{"damage":7,"enemies":"downfall:Silent","floor":16,"turns":12},{"damage":8,"enemies":"3 Byrds","floor":19,"turns":4},{"damage":0,"enemies":"Nightmare","floor":23,"turns":6},{"damage":0,"enemies":"Chosen","floor":25,"turns":2},{"damage":0,"enemies":"Snecko","floor":26,"turns":4},{"damage":0,"enemies":"Cultist and Chosen","floor":27,"turns":5},{"damage":6,"enemies":"downfall:FleeingMerchant","floor":30,"turns":4},{"damage":0,"enemies":"Centurion and Healer","floor":32,"turns":4},{"damage":32,"enemies":"downfall:Ironclad","floor":33,"turns":6}],"seed_played":"-1801732583518349879","potions_obtained":[{"floor":5,"key":"LifebloodPotion"},{"floor":13,"key":"Swift Potion"},{"floor":15,"key":"Explosive Potion"},{"floor":22,"key":"CultistPotion"},{"floor":25,"key":"LiquidBronze"},{"floor":26,"key":"SteroidPotion"},{"floor":32,"key":"LiquidBronze"}],"is_trial":false,"path_per_floor":["R","?","?","$","?","E","T","R","E","$","M","$","M","?","M","B",null,"R","M","?","?","?","NM","T","M","M","M","?","R","$","?","M","B",null,"R"],"character_chosen":"THE_SNECKO","items_purchased":["Divine Protection","sneckomod:DangerNoodle","Dream Catcher","Replay:Sssssssssstrike"],"campfire_rested":0,"item_purchase_floors":[30,30,30,30],"current_hp_per_floor":[99,99,99,99,44,28,28,28,29,35,42,36,40,45,50,49,82,82,77,69,69,69,77,77,80,82,82,82,82,77,77,83,52,83,83,83],"gold":739,"neow_bonus":"TEN_PERCENT_HP_BONUS","is_daily":false,"chose_seed":false,"campfire_upgraded":2,"win_rate":0.0,"timestamp":1610603325,"path_taken":["R","?","?","$","?","E","T","R","E","$","M","?","M","?","M","BOSS","R","M","?","?","?","NM","T","M","M","?","?","R","?","?","M","BOSS","R"],"items_purchased_type":["Relic","Card","Relic","Card"],"build_version":"2020-12-22","purchased_purges":1,"victory":false,"max_hp_per_floor":[99,99,99,99,100,101,75,75,76,76,76,76,77,82,82,82,82,82,82,82,82,82,82,82,82,82,82,82,82,83,83,83,83,83,83,83],"card_choices":[{"not_picked":["sneckomod:UnknownStrike","sneckomod:DiceBlock"],"picked":"sneckomod:SoulDraw","floor":4},{"not_picked":["sneckomod:UnknownBlock","sneckomod:DiceBlock"],"picked":"sneckomod:UnknownClassPURPLE","floor":5},{"not_picked":["sneckomod:RainOfDice","sneckomod:UnknownVulnerable"],"picked":"sneckomod:UnknownUncommonPower","floor":6},{"not_picked":["sneckomod:QuickMove","sneckomod:UnknownCommonSkill"],"picked":"sneckomod:UnknownUncommonAttack","floor":9},{"not_picked":["sneckomod:DiceCrush","sneckomod:UnknownClassRED","sneckomod:UnknownCommonAttack"],"picked":"SKIP","floor":10},{"not_picked":["sneckomod:UnknownVulnerable","sneckomod:Nope","sneckomod:UnknownClassTHE_CHAMP_GRAY"],"picked":"SKIP","floor":11},{"not_picked":["sneckomod:UnknownWeak","sneckomod:UnknownClassGUARDIAN","sneckomod:DiceBlock"],"picked":"SKIP","floor":12},{"not_picked":["sneckomod:QuickBite","sneckomod:RainOfDice"],"picked":"sneckomod:UnknownRarePower","floor":13},{"not_picked":["sneckomod:IronFang","sneckomod:DiceBlock","sneckomod:UnknownStrike"],"picked":"SKIP","floor":15},{"not_picked":["sneckomod:Unknown3Cost","sneckomod:MorePower"],"picked":"sneckomod:Restock","floor":16},{"not_picked":["sneckomod:DiceCrush","sneckomod:QuickMove"],"picked":"sneckomod:QuickBite","floor":19},{"not_picked":["sneckomod:RainOfDice","sneckomod:UnknownVulnerable"],"picked":"sneckomod:QuickBite","floor":20},{"not_picked":["infinitespire:TheBestDefense","infinitespire:SealOfDarkness+"],"picked":"Replay:Fractal Strike","floor":23},{"not_picked":["DemoMod:Ejector","FlurryOfBlows"],"picked":"Flash of Steel","floor":23},{"not_picked":["Guardian:Incinerate","Setup"],"picked":"Replay:SS_forest_6","floor":25},{"not_picked":["Guardian:Gem_Cyan","Acrobatics"],"picked":"expansioncontent:DefensiveStance+1","floor":26},{"not_picked":["Power Through","sneckomod:ImprovisedAttack"],"picked":"Slimebound:Grow","floor":27},{"not_picked":["Panacea+1","Finesse","Guardian:Orbwalk"],"picked":"SKIP","floor":30},{"not_picked":["DemoMod:Ejector+1","champ:BerserkersShout","Slimebound:SplitLeeching"],"picked":"SKIP","floor":32}],"player_experience":170404,"relics_obtained":[{"floor":2,"key":"Ring of Misfortune"},{"floor":2,"key":"Ring of Greed"},{"floor":2,"key":"Replay:Bandana"},{"floor":2,"key":"MawBank"},{"floor":6,"key":"DemoMod:PoisonVial"},{"floor":7,"key":"infinitespire:Lychee Nut"},{"floor":9,"key":"infinitespire:Broken Mirror"},{"floor":20,"key":"PrismaticShard"},{"floor":23,"key":"Blue Doll"},{"floor":24,"key":"infinitespire:CheckeredPen"}],"event_choices":[{"damage_healed":0,"gold_gain":0,"player_choice":"Donut","damage_taken":0,"max_hp_gain":5,"max_hp_loss":0,"event_name":"Big Fish","floor":14,"gold_loss":0},{"damage_healed":0,"gold_gain":0,"player_choice":"Ignored","damage_taken":0,"max_hp_gain":0,"max_hp_loss":0,"event_name":"NoteForYourself","floor":31,"gold_loss":0}],"is_beta":false,"boss_relics":[{"not_picked":["aspiration:DefectSkillbook","Tiny House"],"picked":"Cursed Key"},{"not_picked":["Ring of Chaos","Black Star"],"picked":"Philosopher\u0027s Stone"}],"items_purged_floors":[30],"is_endless":false,"potions_floor_spawned":[5,13,15,25,26,27,32],"ascension_level":0}}