{"host":"dw8ij7emqco3quom","time":1610665335,"event":{"mods":["BaseMod","Minty Spire (QoL Compilation)"],"gold_per_floor":[119,138,152,77,77,77,94,94,117,117,147,117,128,163,163,268,268,285,384,395,395,395],"floor_reached":21,"language":"FRA","playtime":1113,"items_purged":["Defend_P"],"score":235,"play_id":"801a8d0f-4a92-470e-9522-6c68b49b09c9","local_time":"20210115000215","is_ascension_mode":true,"campfire_choices":[{"data":"Perseverance","floor":6,"key":"SMITH"},{"data":"Meditate","floor":8,"key":"SMITH"},{"floor":15,"key":"REST"}],"circlet_count":0,"master_deck":["Strike_P","Strike_P","Strike_P","Strike_P","Defend_P","Defend_P","Eruption+1","Vigilance","ReachHeaven","ClearTheMind","Perseverance+1","Meditate+1","Conclude","CutThroughFate","Devotion","MasterReality","Prostrate"],"relics":["PureWater","Orichalcum","Anchor","Black Star"],"acts_visited":["Exordium","TheCity"],"potions_floor_usage":[16,16,20,21],"damage_taken":[{"damage":5,"enemies":"2 Louse","floor":1,"turns":3},{"damage":0,"enemies":"Small Slimes","floor":2,"turns":2},{"damage":0,"enemies":"Cultist","floor":3,"turns":3},{"damage":7,"enemies":"2 Fungi Beasts","floor":7,"turns":2},{"damage":0,"enemies":"Gremlin Nob","floor":11,"turns":2},{"damage":0,"enemies":"Large Slime","floor":13,"turns":3},{"damage":13,"enemies":"3 Sentries","floor":14,"turns":3},{"damage":32,"enemies":"Hexaghost","floor":16,"turns":6},{"damage":10,"enemies":"Chosen","floor":18,"turns":6},{"damage":36,"enemies":"3 Byrds","floor":20,"turns":5},{"damage":27,"enemies":"Snake Plant","floor":21,"turns":2}],"seed_played":"-3261352017238034718","potions_obtained":[{"floor":3,"key":"EssenceOfSteel"},{"floor":7,"key":"ColorlessPotion"},{"floor":12,"key":"PowerPotion"},{"floor":12,"key":"SkillPotion"},{"floor":16,"key":"StancePotion"},{"floor":18,"key":"Ambrosia"},{"floor":20,"key":"Strength Potion"}],"is_trial":false,"path_per_floor":["M","M","M","$","?","R","M","R","T","?","E","?","M","E","R","B",null,"M","?","M","M"],"character_chosen":"WATCHER","items_purchased":[],"campfire_rested":1,"item_purchase_floors":[],"current_hp_per_floor":[67,67,67,67,67,67,60,60,60,60,60,60,60,47,68,36,72,62,62,26,0,0],"gold":395,"neow_bonus":"REMOVE_CARD","is_daily":false,"chose_seed":false,"campfire_upgraded":2,"win_rate":0.0,"timestamp":1610665335,"path_taken":["M","M","M","$","?","R","M","R","T","?","E","?","?","E","R","BOSS","M","?","M","M"],"items_purchased_type":[],"build_version":"2020-12-22","purchased_purges":1,"victory":false,"max_hp_per_floor":[72,72,72,72,72,72,72,72,72,72,72,72,72,72,72,72,72,72,72,72,72,72],"card_choices":[{"not_picked":["ClearTheMind","Vengeance"],"picked":"ReachHeaven","floor":1},{"not_picked":["SignatureMove","WheelKick"],"picked":"ClearTheMind","floor":2},{"not_picked":["SashWhip","EmptyFist"],"picked":"Perseverance","floor":3},{"not_picked":["Fasting2","EmptyBody"],"picked":"Meditate","floor":7},{"not_picked":["WindmillStrike","JustLucky"],"picked":"Conclude","floor":11},{"not_picked":["SignatureMove","FlyingSleeves"],"picked":"CutThroughFate","floor":13},{"not_picked":["EmptyBody","Perseverance"],"picked":"Devotion","floor":14},{"not_picked":["ConjureBlade","Blasphemy"],"picked":"MasterReality","floor":16},{"not_picked":["Protect","ClearTheMind"],"picked":"Prostrate","floor":18},{"not_picked":["ForeignInfluence","PathToVictory","SashWhip"],"picked":"SKIP","floor":20}],"player_experience":657739,"relics_obtained":[{"floor":11,"key":"Orichalcum"},{"floor":14,"key":"Anchor"}],"event_choices":[{"damage_healed":0,"gold_gain":0,"player_choice":"Grow","damage_taken":0,"max_hp_gain":0,"max_hp_loss":0,"event_name":"Living Wall","floor":5,"gold_loss":0,"cards_upgraded":["Eruption"]},{"damage_healed":0,"gold_gain":0,"player_choice":"Ignored","damage_taken":0,"max_hp_gain":0,"max_hp_loss":0,"event_name":"Liars Game","floor":10,"gold_loss":0},{"damage_healed":0,"gold_gain":0,"player_choice":"Bought 2 Potions","damage_taken":0,"max_hp_gain":0,"max_hp_loss":0,"event_name":"The Woman in Blue","floor":12,"gold_loss":0},{"damage_healed":0,"gold_gain":99,"player_choice":"Stole From Cult","damage_taken":0,"max_hp_gain":0,"max_hp_loss":0,"event_name":"Nest","floor":19,"gold_loss":0}],"is_beta":false,"boss_relics":[{"not_picked":["Coffee Dripper","Empty Cage"],"picked":"Black Star"}],"items_purged_floors":[4],"is_endless":false,"potions_floor_spawned":[3,7,14,16,18,20],"killed_by":"Snake Plant","ascension_level":2}}