{"host":"s1vy8rtdj748rey3","time":1610624567,"event":{"mods":["Aspiration","BaseMod","Beaked The Cultist","BetterRewards","Block Reminder","Conspire","Downfall","Fiend Mod","Friendly Minions","GifTheSpireLib","Halation","Hermit","Hubris","Infinite Spire","Jorbs\u0027s Wanderer Trilogy","Minty Spire (QoL Compilation)","Rare Cards Sparkle","Replay The Spire","Small Relic Pack","StSLib","Stuff the Spire","The Hierophant","Transform Curses","Waifu the Spire","vexMod"],"gold_per_floor":[119,19,19,19,134,134,152,226,226,226,251,251,262,31,31,134,134,144,144,32,95,23,23,23,87,87,87,165,185,185,195,195,344,344,409,319,426,440,473,484,484,499,524,524,524,669,669,683,683,786,786,785,791,797,111,151,167,167,178,178,178,185,185,244,262,262,346,346,342,343,343,343,332,332,327,327,402,402,402,405,405,390,390,468,468,468,24,22,0,10,31,31,31,56,57,65,65,65,65,65,142,142,142],"floor_reached":102,"language":"RUS","playtime":7350,"items_purged":[],"score":2398,"play_id":"2442dfa5-0617-4e75-9eae-f63cfcba6869","local_time":"20210114154246","is_ascension_mode":true,"campfire_choices":[{"data":"Ghostly","floor":6,"key":"SMITH"},{"data":"hermit:Determination","floor":10,"key":"SMITH"},{"floor":15,"key":"REST"},{"floor":23,"key":"REST"},{"data":"hermit:RoundhouseKick","floor":27,"key":"SMITH"},{"data":"hermit:Shortfuse","floor":32,"key":"SMITH"},{"floor":41,"key":"REST"},{"data":"hermit:Gambit","floor":45,"key":"SMITH"},{"floor":47,"key":"REST"},{"data":"hermit:Determination+1","floor":49,"key":"PURGE"},{"floor":58,"key":"REST"},{"data":"hermit:GoldenBullet","floor":61,"key":"SMITH"},{"floor":66,"key":"REST"},{"floor":74,"key":"REST"},{"data":"stsjorbsmod:BlackTentacles_Cull","floor":76,"key":"SMITH"},{"data":"Devotion+1","floor":78,"key":"SMITH"},{"floor":83,"key":"REST"},{"floor":92,"key":"REST"},{"floor":98,"key":"REST"},{"floor":100,"key":"REST"}],"circlet_count":0,"master_deck":["hermit:Strike_Hermit+1","hermit:Strike_Hermit+1","hermit:Strike_Hermit","hermit:Strike_Hermit","hermit:Defend_Hermit","hermit:Defend_Hermit","hermit:Defend_Hermit","hermit:Defend_Hermit","hermit:Snapshot","hermit:Covet","hermit:GoldenBullet+1","hermit:BigShot","hermit:HoleUp+1","Ghostly+1","hermit:ItchyTrigger","hermit:HoleUp","hermit:TrackingShot+1","hermit:HeroicBravado","hermit:Horror","hermit:Determination+1","hermit:RoundhouseKick+1","hermit:Brawl+1","Languid","hermit:ShadowCloak+1","hermit:Deadeye","hermit:GhostlyPresence+1","hermit:Determination+1","hermit:Strike_Hermit+1","hermit:Strike_Hermit","hermit:Strike_Hermit","hermit:Strike_Hermit+1","hermit:Defend_Hermit","hermit:Defend_Hermit","hermit:Defend_Hermit","hermit:Defend_Hermit+1","hermit:Snapshot","hermit:Covet","hermit:Determination+1","hermit:GoldenBullet+2","hermit:CalledShot","hermit:BigShot+1","hermit:HoleUp+1","Ghostly+1","hermit:ItchyTrigger","hermit:HoleUp+1","hermit:TrackingShot","hermit:HeroicBravado","hermit:Horror","hermit:Determination+1","hermit:RoundhouseKick+1","hermit:Brawl+1","Languid","hermit:ShadowCloak+1","hermit:Deadeye","hermit:GhostlyPresence+1","hermit:Determination+1","hermit:Shortfuse+1","hermit:Spite","hermit:EyeOfTheStorm+1","hermit:TakeAim+1","hermit:Gambit+1","stsjorbsmod:Withering","beaked:Ceremony+1","hermit:EternalForm+1","Replay:BasicMightCard+1","infinitespire:Starlight","hermit:EternalForm+1","hermit:GoldenBullet+1","hermit:CalledShot+1","hermit:GhostlyPresence","hermit:Desperado","hermit:ShadowCloak+1","Slimebound:Icky","ReplayTheSpireMod:Compounding Headache","ReplayTheSpireMod:Chaos Vortex+1","infinitespire:DeathsTouch","hermit:Scavenge","hermit:Headshot","hermit:FromBeyond","hermit:Roulette","Replay:ManipulateFuture","hermit:Ricochet","Panache+1","Replay:Hum","hermit:TrackingShot","hermit:OverwhelmingPower+1","hermit:Brawl+1","BattleHymn+1","Regret","Fasting2+1","hermit:HighCaliber","Devotion+2","TalkToTheHand","hermit:WideOpen+1","hermit:Deadeye","stsjorbsmod:BlackTentacles_Cull+1","hexamod:SixthSeal","GremboGang+1","hexamod:ChargedBarrage+1","hubris:InfiniteBlow","stsjorbsmod:Melt+1","Atom Bomb","Fiend:FiendExecute+1","Slimebound:RollThrough+1","Slice","Cleave","hierophant:Glossolalia+1","Cleave+1","Metamorphosis","Madness","expansioncontent:Flail","FlyingSleeves","WheelKick","Establishment+1"],"relics":["hermit:Momento","Bird Faced Urn","StuffTheSpire:RubySignet","halation:LostSnail","hubris:Icosahedron","Frozen Egg 2","aspiration:ChemicalBlood","Ornamental Fan","halation:PinkSoulGem","hubris:HollowSoul","ReplayTheSpireMod:Ring of Addiction","ReplayTheSpireMod:Ring of Challenge","hubris:EmptyBottle","SacredBark","Mango","halation:AfternoonTea","vexMod:BarristanHead","ReplayTheSpireMod:SealedPack","infinitespire:BottledMercury","infinitespire:Satchel","Replay:Rubber Ducky","vexMod:CardConverter","aspiration:WatcherSkillbook","conspire:InfiniteJournal","PreservedInsect","hubris:Zylophone","Bottled Flame","infinitespire:Eraser","StuffTheSpire:MayFlowers","Calipers","hubris:TerracottaHorce","PrismaticShard","Matryoshka","aspiration:SecretTechniqueScroll","Replay:Bottled Eggs","vexMod:ImprovementManual","relicPack:WeightedSword","hubris:CuriousFeather","Red Mask","StuffTheSpire:GrapeVine","halation:BottledLove","ReplayTheSpireMod:TigerMarble","Pen Nib","hubris:ScarierMask"],"acts_visited":["Exordium","TheCity","TheBeyond","Exordium","TheCity","TheBeyond","Exordium"],"potions_floor_usage":[11,11,16,16,16,18,21,21,25,25,25,25,25,25,28,28,28,28,28,29,29,31,31,31,33,33,33,33,33,35,37,37,37,37,37,37,37,38,38,38,38,39,39,39,39,40,40,42,42,46,46,46,46,46,46,46,46,46,46,46,46,46,46,46,46,46,48,48,48,48,50,50,53,53,54,54,54,56,56,56,57,57,59,59,62,64,64,65,65,67,67,67,67,67,67,69,69,69,69,73,73,73,73,75,75,80,80,80,80,80,80,84,84,86,86,88,88,90,90,91,91,93,93,95,95,95,95,96,96,101,101,101],"damage_taken":[{"damage":6,"enemies":"Cultist","floor":1,"turns":4},{"damage":11,"enemies":"Jaw Worm","floor":5,"turns":4},{"damage":0,"enemies":"2 Louse","floor":7,"turns":4},{"damage":29,"enemies":"Gremlin Nob","floor":11,"turns":5},{"damage":0,"enemies":"Looter","floor":13,"turns":4},{"damage":14,"enemies":"Fading Forest","floor":16,"turns":11},{"damage":29,"enemies":"conspire:FuzzyDice","floor":18,"turns":6},{"damage":30,"enemies":"Chosen","floor":21,"turns":2},{"damage":1,"enemies":"Shelled Parasite and Fungi","floor":25,"turns":4},{"damage":56,"enemies":"Book of Stabbing","floor":28,"turns":5},{"damage":0,"enemies":"3 Cultists","floor":29,"turns":4},{"damage":27,"enemies":"conspire:HollyBat","floor":31,"turns":8},{"damage":2,"enemies":"Collector","floor":33,"turns":8},{"damage":19,"enemies":"Orb Walker","floor":35,"turns":3},{"damage":17,"enemies":"3 Darklings","floor":37,"turns":3},{"damage":22,"enemies":"Jaw Worm Horde","floor":38,"turns":4},{"damage":0,"enemies":"conspire:MimicChest","floor":39,"turns":2},{"damage":11,"enemies":"Writhing Mass","floor":40,"turns":5},{"damage":24,"enemies":"4 Shapes","floor":42,"turns":7},{"damage":40,"enemies":"infinitespire:Three Voidlings","floor":46,"turns":4},{"damage":50,"enemies":"Nightmare_Alpha","floor":46,"turns":5},{"damage":0,"enemies":"Maw","floor":48,"turns":8},{"damage":31,"enemies":"Donu and Deca","floor":50,"turns":6},{"damage":0,"enemies":"Small Slimes","floor":52,"turns":4},{"damage":16,"enemies":"2 Louse","floor":53,"turns":2},{"damage":12,"enemies":"Jaw Worm","floor":54,"turns":2},{"damage":71,"enemies":"Large Slime","floor":56,"turns":5},{"damage":1,"enemies":"Gremlin Nob","floor":57,"turns":4},{"damage":10,"enemies":"Looter","floor":59,"turns":3},{"damage":31,"enemies":"Red Slaver","floor":62,"turns":3},{"damage":0,"enemies":"Lagavulin Event","floor":64,"turns":2},{"damage":51,"enemies":"3 Sentries","floor":65,"turns":3},{"damage":107,"enemies":"Hexaghost","floor":67,"turns":4},{"damage":47,"enemies":"Shell Parasite","floor":69,"turns":4},{"damage":18,"enemies":"Chosen","floor":70,"turns":4},{"damage":58,"enemies":"Centurion and Healer","floor":73,"turns":5},{"damage":4,"enemies":"3 Cultists","floor":75,"turns":5},{"damage":18,"enemies":"Shelled Parasite and Fungi","floor":80,"turns":2},{"damage":44,"enemies":"Centurion and Healer","floor":82,"turns":5},{"damage":1,"enemies":"Collector","floor":84,"turns":4},{"damage":34,"enemies":"3 Shapes","floor":86,"turns":3},{"damage":3,"enemies":"3 Darklings","floor":88,"turns":2},{"damage":24,"enemies":"4 Shapes","floor":90,"turns":3},{"damage":20,"enemies":"Nemesis","floor":91,"turns":3},{"damage":28,"enemies":"beaked:SuperParasite","floor":93,"turns":4},{"damage":63,"enemies":"Jaw Worm Horde","floor":95,"turns":2},{"damage":12,"enemies":"Writhing Mass","floor":96,"turns":3},{"damage":86,"enemies":"Donu and Deca","floor":101,"turns":2}],"seed_played":"5355022452571529757","potions_obtained":[{"floor":7,"key":"Energy Potion"},{"floor":11,"key":"LiquidMemories"},{"floor":13,"key":"Energy Potion"},{"floor":18,"key":"Weak Potion"},{"floor":19,"key":"Milkshake"},{"floor":19,"key":"infinitespire:BlackPotion"},{"floor":19,"key":"Guardian:BlockOnCardUsePotion"},{"floor":21,"key":"Block Potion"},{"floor":25,"key":"LiquidBronze"},{"floor":28,"key":"LifebloodPotion"},{"floor":29,"key":"Regen Potion"},{"floor":31,"key":"AttackPotion"},{"floor":37,"key":"Toxic Potion"},{"floor":37,"key":"Milkshake"},{"floor":37,"key":"Strength Potion"},{"floor":40,"key":"EssenceOfSteel"},{"floor":42,"key":"EntropicBrew"},{"floor":46,"key":"LiquidBronze"},{"floor":52,"key":"SpeedPotion"},{"floor":53,"key":"Strength Potion"},{"floor":54,"key":"GamblersBrew"},{"floor":64,"key":"sneckomod:MuddlingPotion"},{"floor":65,"key":"FairyPotion"},{"floor":67,"key":"sneckomod:MuddlingPotion"},{"floor":70,"key":"Dexterity Potion"},{"floor":75,"key":"ColorlessPotion"},{"floor":82,"key":"hermit:Tonic"},{"floor":84,"key":"Adrenaline Potion"},{"floor":88,"key":"Block Potion"},{"floor":91,"key":"PowerPotion"},{"floor":93,"key":"Strength Potion"},{"floor":101,"key":"AttackPotion"}],"is_trial":false,"path_per_floor":["M","?","?","?","M","R","M","T","T","R","E","?","M","$","R","B",null,"M","?","$","M","$","R","?","M","T","R","E","M","?","M","R","B",null,"M","?","M","M","?","M","R","M","T","?","R","?","R","M","R","B",null,"M","M","M","$","M","E","R","M","T","R","M","?","?","E","R","B",null,"M","M","?","?","M","R","M","R","T","R","?","M","AVR","M","R","B",null,"M","$","M","?","M","E","R","E","T","M","M","?","R","?","R","B",null],"character_chosen":"HERMIT","items_purchased":["hermit:Determination","hermit:GoldenBullet","StuffTheSpire:RubySignet","hermit:CalledShot","hermit:BigShot","halation:LostSnail","hermit:Determination+1","Gremlin Food","hermit:ShadowCloak+1","hermit:Deadeye","hermit:Determination+1","conspire:InfiniteJournal","PreservedInsect","Panache+1","Replay:Hum","relicPack:WeightedSword","hubris:CuriousFeather"],"campfire_rested":11,"item_purchase_floors":[0,0,0,0,0,0,14,14,20,20,22,55,55,55,55,87,87],"current_hp_per_floor":[70,70,70,70,61,61,63,63,63,63,40,40,42,42,64,74,75,52,52,52,26,26,48,48,63,77,77,31,41,24,92,92,90,92,73,73,46,34,46,51,78,89,89,89,89,22,49,94,94,83,96,98,88,88,92,47,62,95,108,108,108,89,91,97,58,94,29,99,68,64,58,58,20,58,90,90,90,90,92,86,88,60,100,131,135,108,108,117,117,111,103,144,127,127,80,76,72,118,122,156,82,139,139],"gold":142,"neow_bonus":"","is_daily":false,"chose_seed":false,"campfire_upgraded":8,"win_rate":0.0,"timestamp":1610624566,"path_taken":["M","?","?","?","M","R","M","?","T","R","E","?","M","$","R","BOSS","M","?","?","?","$","R","?","?","T","R","E","M","?","M","R","BOSS","M","?","?","M","?","?","R","M","T","?","R","?","R","M","R","BOSS","M","M","M","$","M","E","R","M","T","R","M","?","?","E","R","BOSS","M","M","?","?","?","R","M","R","T","R","?","M","AVR","M","R","BOSS","M","$","M","?","M","E","R","E","T","M","M","?","R","?","R","BOSS"],"items_purchased_type":["Card","Card","Relic","Card","Card","Relic","Card","Relic","Card","Card","Card","Relic","Relic","Card","Card","Relic","Relic"],"build_version":"2020-12-22","purchased_purges":0,"victory":false,"max_hp_per_floor":[75,75,75,75,75,75,75,75,75,75,75,75,75,75,75,75,75,75,75,75,75,75,75,75,73,87,87,87,87,92,92,92,92,92,92,92,92,92,92,92,92,92,92,92,92,92,92,94,94,96,96,98,100,102,106,108,110,110,112,112,112,114,116,118,120,120,122,122,124,126,128,128,128,128,130,130,130,130,130,132,134,136,136,136,136,138,138,140,140,142,144,144,144,144,146,148,154,154,158,156,158,158,158],"card_choices":[{"not_picked":["hermit:Coalescence","hermit:Snipe"],"picked":"hermit:HoleUp","floor":1},{"not_picked":["hermit:SprayPray","hermit:FullyLoaded"],"picked":"hermit:HoleUp","floor":5},{"not_picked":["hermit:Roulette","hermit:BodyArmor"],"picked":"hermit:TrackingShot","floor":7},{"not_picked":["hermit:Feint","hermit:ItchyTrigger"],"picked":"hermit:HeroicBravado","floor":11},{"not_picked":["hermit:SprayPray","hermit:HoleUp"],"picked":"hermit:Horror","floor":13},{"not_picked":["hermit:Adapt+1","hermit:DeadOrAlive"],"picked":"hermit:RoundhouseKick","floor":16},{"not_picked":["hermit:Manifest","hermit:Coalescence"],"picked":"hermit:Brawl+1","floor":18},{"not_picked":["hermit:Desperado+1","hermit:Roulette"],"picked":"hermit:GhostlyPresence+1","floor":21},{"not_picked":["hermit:Malice+1","hermit:TakeCover"],"picked":"hermit:Shortfuse","floor":25},{"not_picked":["hermit:FinalCanter","hermit:ItchyTrigger"],"picked":"hermit:Spite","floor":28},{"not_picked":["hermit:Ricochet","hermit:Desperado"],"picked":"hermit:EyeOfTheStorm+1","floor":29},{"not_picked":["hermit:Dissolve","hermit:Horror+1"],"picked":"hermit:TakeAim+1","floor":31},{"not_picked":["hermit:Adapt+1","hermit:Dissolve"],"picked":"hermit:Gambit","floor":33},{"not_picked":["Guardian:CurlUp","Slimebound:CorrosiveSpit"],"picked":"beaked:Ceremony","floor":34},{"not_picked":["hermit:Magnum","hermit:OverwhelmingPower"],"picked":"hermit:EternalForm","floor":34},{"not_picked":["StuffTheSpire:PlasmaPulse","Panacea"],"picked":"Replay:BasicMightCard","floor":34},{"not_picked":["infinitespire:Menacing","infinitespire:Fortify"],"picked":"infinitespire:Starlight","floor":34},{"not_picked":["hermit:CalledShot","hermit:DeadMansHand+1"],"picked":"hermit:EternalForm+1","floor":35},{"not_picked":["hermit:Glare","hermit:Desperado"],"picked":"hermit:GoldenBullet+1","floor":37},{"not_picked":["hermit:LoneWolf+1","hermit:Snipe"],"picked":"hermit:CalledShot+1","floor":38},{"not_picked":["hermit:FinalCanter","hermit:LoneWolf+1"],"picked":"hermit:GhostlyPresence","floor":39},{"not_picked":["hermit:Shortfuse+1","hermit:Midnight"],"picked":"hermit:Desperado","floor":40},{"not_picked":["hermit:Maintenance","hermit:SprayPray"],"picked":"hermit:ShadowCloak+1","floor":42},{"not_picked":["infinitespire:Oblivion","infinitespire:Menacing"],"picked":"ReplayTheSpireMod:Chaos Vortex","floor":44},{"not_picked":["hubris:InfiniteBlow","ReplayTheSpireMod:Haul"],"picked":"infinitespire:DeathsTouch","floor":46},{"not_picked":["hermit:Gestalt","hermit:SprayPray"],"picked":"hermit:Scavenge","floor":46},{"not_picked":["hermit:ItchyTrigger+1","hermit:Maintenance+1"],"picked":"hermit:Headshot","floor":48},{"not_picked":["hermit:Adapt+1","hermit:DeadOrAlive"],"picked":"hermit:FromBeyond","floor":50},{"not_picked":["Wireheading+1","hermit:LowProfile","hermit:Snipe"],"picked":"hermit:Roulette","floor":52},{"not_picked":["hermit:Ricochet","ReachHeaven","hermit:ItchyTrigger"],"picked":"Replay:ManipulateFuture","floor":53},{"not_picked":["Replay:AtTheReady","LikeWater+1","Replay:BluntJabs"],"picked":"hermit:Ricochet","floor":54},{"not_picked":["hermit:SprayPray","Omniscience","hermit:Coalescence"],"picked":"hermit:TrackingShot","floor":56},{"not_picked":["Replay:ManipulateFuture","hermit:BodyArmor","Consecrate"],"picked":"hermit:OverwhelmingPower+1","floor":57},{"not_picked":["hermit:Quickdraw","ClearTheMind","EmptyBody"],"picked":"hermit:Brawl+1","floor":59},{"not_picked":["FlurryOfBlows","hermit:Glare","hermit:Virtue"],"picked":"BattleHymn+1","floor":62},{"not_picked":["hermit:Glare","hermit:CalledShot","SashWhip"],"picked":"Fasting2+1","floor":64},{"not_picked":["hermit:LoneWolf","Protect","hermit:WideOpen"],"picked":"hermit:HighCaliber","floor":65},{"not_picked":["hermit:Roughhouse","Blasphemy","hermit:OverwhelmingPower+1"],"picked":"Devotion+1","floor":67},{"not_picked":["Prostrate","Crescendo+1","FlurryOfBlows"],"picked":"TalkToTheHand","floor":69},{"not_picked":["Protect","CrushJoints","Replay:DivineShield"],"picked":"hermit:WideOpen+1","floor":70},{"not_picked":["hermit:LowProfile+1","hermit:Snipe","ThirdEye"],"picked":"hermit:Deadeye","floor":71},{"not_picked":["StuffTheSpire:Resist+1","champ:Backstep","Slimebound:SlimeSpikes"],"picked":"stsjorbsmod:BlackTentacles_Cull","floor":73},{"not_picked":["Backstab","Heatsinks+1","True Grit"],"picked":"hexamod:SixthSeal","floor":75},{"not_picked":["Guardian:BronzeOrb","Armaments","CrushJoints"],"picked":"hexamod:ChargedBarrage+1","floor":80},{"not_picked":["Twin Strike+1","beaked:Evade+1","Double Energy+1"],"picked":"stsjorbsmod:Melt+1","floor":82},{"not_picked":["beaked:ShadowFade","champ:VampiricStrike","Wraith Form v2+1"],"picked":"Atom Bomb","floor":84},{"not_picked":["Wild Strike","stsjorbsmod:Abjure","Perfected Strike"],"picked":"Fiend:FiendExecute+1","floor":86},{"not_picked":["Fiend:FiendMeatPaste+1","stsjorbsmod:Inferno+1","Deadly Poison+1"],"picked":"Slimebound:RollThrough+1","floor":88},{"not_picked":["hexamod:ChargedBarrage","hermit:HighCaliber+1","hermit:Gambit"],"picked":"Slice","floor":90},{"not_picked":["Beam Cell+1","Guardian:Gem_Purple","hermit:TrackingShot"],"picked":"Cleave","floor":91},{"not_picked":["Slimebound:SplitLeeching","Fiend:FiendCancer+1","hierophant:Sermon","Slimebound:MegaLick"],"picked":"SKIP","floor":93},{"not_picked":["Fiend:FiendHarden+1","sneckomod:SerpentIdol","Guardian:PrismaticBarrier+1"],"picked":"hierophant:Glossolalia+1","floor":95},{"not_picked":["SashWhip+1","Capacitor+1","Bane"],"picked":"Cleave+1","floor":96},{"not_picked":["Replay:SS_fish_3","StuffTheSpire:FreeRealEstate","StuffTheSpire:Recharge"],"picked":"Metamorphosis","floor":97},{"not_picked":["Replay:Bootleg Shield Generator","Secret Technique","Panacea"],"picked":"Madness","floor":97},{"not_picked":["Midas Touch","Trip","Chrysalis"],"picked":"expansioncontent:Flail","floor":97},{"not_picked":["hermit:HeroicBravado","Fiend:FiendHealBurst","stsjorbsmod:ArcaneForm+1"],"picked":"Establishment+1","floor":101}],"player_experience":269419,"relics_obtained":[{"floor":8,"key":"Frozen Egg 2"},{"floor":9,"key":"aspiration:ChemicalBlood"},{"floor":11,"key":"Ornamental Fan"},{"floor":19,"key":"ReplayTheSpireMod:Ring of Addiction"},{"floor":19,"key":"ReplayTheSpireMod:Ring of Challenge"},{"floor":19,"key":"hubris:EmptyBottle"},{"floor":19,"key":"SacredBark"},{"floor":26,"key":"Mango"},{"floor":28,"key":"halation:AfternoonTea"},{"floor":33,"key":"vexMod:BarristanHead"},{"floor":37,"key":"infinitespire:BottledMercury"},{"floor":39,"key":"infinitespire:Satchel"},{"floor":43,"key":"Replay:Rubber Ducky"},{"floor":46,"key":"vexMod:CardConverter"},{"floor":57,"key":"hubris:Zylophone"},{"floor":60,"key":"Bottled Flame"},{"floor":64,"key":"StuffTheSpire:MayFlowers"},{"floor":65,"key":"Calipers"},{"floor":71,"key":"PrismaticShard"},{"floor":77,"key":"Matryoshka"},{"floor":91,"key":"StuffTheSpire:GrapeVine"},{"floor":93,"key":"halation:BottledLove"},{"floor":94,"key":"ReplayTheSpireMod:TigerMarble"},{"floor":94,"key":"Pen Nib"}],"event_choices":[{"damage_healed":0,"gold_gain":0,"player_choice":"Argue","damage_taken":0,"max_hp_gain":0,"max_hp_loss":0,"event_name":"conspire:LoneGhost","floor":2,"gold_loss":0},{"damage_healed":0,"gold_gain":0,"player_choice":"Shed Blood","damage_taken":22,"max_hp_gain":5,"max_hp_loss":0,"event_name":"Forgotten Altar","floor":30,"gold_loss":0},{"cards_removed":["hermit:CalledShot"],"damage_healed":0,"gold_gain":0,"player_choice":"Upgrade and Remove","damage_taken":0,"max_hp_gain":0,"max_hp_loss":0,"event_name":"Designer","floor":36,"gold_loss":90,"cards_upgraded":["hermit:Strike_Hermit"]},{"damage_healed":0,"gold_gain":0,"player_choice":"Box","damage_taken":0,"relics_obtained":["infinitespire:Eraser"],"max_hp_gain":0,"max_hp_loss":0,"event_name":"Big Fish","floor":63,"gold_loss":0,"cards_obtained":["Regret"]},{"damage_healed":0,"gold_gain":0,"player_choice":"Searched \u00271\u0027 times","damage_taken":0,"max_hp_gain":0,"max_hp_loss":0,"event_name":"Dead Adventurer","floor":64,"gold_loss":0},{"damage_healed":0,"gold_gain":0,"player_choice":"Bought 0 Potions","damage_taken":0,"max_hp_gain":0,"max_hp_loss":0,"event_name":"The Woman in Blue","floor":72,"gold_loss":0},{"damage_healed":0,"gold_gain":0,"player_choice":"Paid","damage_taken":0,"relics_obtained":["Red Mask"],"max_hp_gain":0,"max_hp_loss":0,"event_name":"Tomb of Lord Red Mask","floor":89,"gold_loss":22},{"damage_healed":0,"gold_gain":0,"player_choice":"Memory 3","damage_taken":10,"max_hp_gain":0,"max_hp_loss":0,"event_name":"SensoryStone","floor":97,"gold_loss":0},{"damage_healed":0,"gold_gain":0,"player_choice":"2 cards matched","damage_taken":0,"max_hp_gain":0,"max_hp_loss":0,"event_name":"Match and Keep!","floor":99,"gold_loss":0,"cards_obtained":["FlyingSleeves","WheelKick"]}],"is_beta":false,"boss_relics":[{"not_picked":["beaked:SacredDeck","conspire:SpecialSausage"],"picked":"hubris:HollowSoul"},{"not_picked":["aspiration:DefectSkillbook","conspire:SeveredTorchhead"],"picked":"ReplayTheSpireMod:SealedPack"},{"not_picked":["halation:SmartPhone","aspiration:RunicSpoon"],"picked":"aspiration:WatcherSkillbook"},{"not_picked":["Replay:Bronze Core","Black Star"],"picked":"hubris:TerracottaHorce"},{"not_picked":["conspire:RunicOctahedron","halation:PlatinumPhoenix"],"picked":"vexMod:ImprovementManual"},{"not_picked":["halation:Prosthetics","Fusion Hammer"],"picked":"hubris:ScarierMask"}],"items_purged_floors":[],"is_endless":true,"potions_floor_spawned":[7,11,13,18,25,28,29,37,40,42,46,52,53,64,65,67,70,75,82,84,88,91,93],"ascension_level":3}}