{"host":"vyjryxuuuxkt43k4","time":1610630656,"event":{"mods":["BaseMod","Colored Map","DeckTracker","Minty Spire (QoL Compilation)","Permanent Neow","Quick Restart","StSLib","SuperFastMode","everything is the same but u backflip on backflip"],"gold_per_floor":[111,124,142,155,168,199,199,230,230,260,260,271,286,298,298,395,395,405,420,440,57,73,99,114,114,114,146,162,261,293,310,310,414,414,433,453,471,145,156,186,186,215,215,266,282,607,620,637,637,637,637,637,101,133,133,133],"floor_reached":55,"language":"KOR","playtime":3763,"items_purged":["Strike_G","Defend_G","Strike_G"],"score":864,"play_id":"75d967fd-d6e4-428e-8a4b-04d9047d1d41","local_time":"20210114222416","is_ascension_mode":true,"campfire_choices":[{"data":"Cloak And Dagger","floor":7.0,"key":"SMITH"},{"data":"Dodge and Roll","floor":11.0,"key":"SMITH"},{"data":"Infinite Blades","floor":15.0,"key":"SMITH"},{"data":"A Thousand Cuts","floor":25.0,"key":"SMITH"},{"data":"Accuracy","floor":32.0,"key":"SMITH"},{"data":"Storm of Steel","floor":41.0,"key":"SMITH"},{"floor":49.0,"key":"RECALL"},{"data":"Blade Dance","floor":52.0,"key":"SMITH"}],"circlet_count":0,"master_deck":["Strike_G","Strike_G","Strike_G","Defend_G+1","Defend_G","Defend_G","Defend_G","Survivor","Neutralize+1","Cloak And Dagger+1","Poisoned Stab","Blade Dance+1","Leg Sweep","PiercingWail+1","Dagger Spray","Dodge and Roll+1","Skewer","Infinite Blades+1","PiercingWail","A Thousand Cuts+1","Accuracy+1","Storm of Steel+1","Outmaneuver+1","Acrobatics+1","Finisher","Parasite","PiercingWail+1","Blur+1","Choke+1","Venomology"],"relics":["Ring of the Snake","Lantern","InkBottle","Kunai","WristBlade","Meat on the Bone","Pantograph","HornCleat","Tough Bandages","Du-Vu Doll","Philosopher\u0027s Stone","Medical Kit","Calipers","Dream Catcher","Ninja Scroll","Ginger","Old Coin","Bronze Scales","Sling","War Paint"],"acts_visited":["Exordium","TheCity","TheBeyond","TheEnding"],"potions_floor_usage":[55,55,55],"damage_taken":[{"damage":0.0,"enemies":"Small Slimes","floor":1.0,"turns":3.0},{"damage":1.0,"enemies":"Jaw Worm","floor":2.0,"turns":5.0},{"damage":0.0,"enemies":"2 Louse","floor":3.0,"turns":3.0},{"damage":0.0,"enemies":"Looter","floor":4.0,"turns":3.0},{"damage":8.0,"enemies":"Lots of Slimes","floor":5.0,"turns":5.0},{"damage":27.0,"enemies":"3 Sentries","floor":6.0,"turns":10.0},{"damage":4.0,"enemies":"Lagavulin","floor":8.0,"turns":8.0},{"damage":16.0,"enemies":"Gremlin Nob","floor":10.0,"turns":5.0},{"damage":0.0,"enemies":"Gremlin Gang","floor":12.0,"turns":4.0},{"damage":0.0,"enemies":"Looter","floor":13.0,"turns":3.0},{"damage":0.0,"enemies":"Lots of Slimes","floor":14.0,"turns":3.0},{"damage":3.0,"enemies":"The Guardian","floor":16.0,"turns":12.0},{"damage":1.0,"enemies":"2 Thieves","floor":18.0,"turns":3.0},{"damage":12.0,"enemies":"Shell Parasite","floor":19.0,"turns":6.0},{"damage":3.0,"enemies":"Centurion and Healer","floor":20.0,"turns":7.0},{"damage":5.0,"enemies":"Snecko","floor":22.0,"turns":4.0},{"damage":19.0,"enemies":"Slavers","floor":23.0,"turns":6.0},{"damage":13.0,"enemies":"Sentry and Sphere","floor":24.0,"turns":5.0},{"damage":6.0,"enemies":"Gremlin Leader","floor":27.0,"turns":7.0},{"damage":13.0,"enemies":"Cultist and Chosen","floor":28.0,"turns":5.0},{"damage":13.0,"enemies":"Slavers","floor":30.0,"turns":6.0},{"damage":1.0,"enemies":"3 Cultists","floor":31.0,"turns":4.0},{"damage":23.0,"enemies":"Automaton","floor":33.0,"turns":11.0},{"damage":6.0,"enemies":"3 Darklings","floor":35.0,"turns":3.0},{"damage":1.0,"enemies":"Orb Walker","floor":36.0,"turns":3.0},{"damage":20.0,"enemies":"Spire Growth","floor":37.0,"turns":4.0},{"damage":12.0,"enemies":"Writhing Mass","floor":39.0,"turns":6.0},{"damage":21.0,"enemies":"Reptomancer","floor":40.0,"turns":5.0},{"damage":9.0,"enemies":"Giant Head","floor":42.0,"turns":8.0},{"damage":8.0,"enemies":"2 Orb Walkers","floor":44.0,"turns":4.0},{"damage":0.0,"enemies":"3 Darklings","floor":45.0,"turns":3.0},{"damage":17.0,"enemies":"Reptomancer","floor":46.0,"turns":5.0},{"damage":0.0,"enemies":"Maw","floor":47.0,"turns":5.0},{"damage":0.0,"enemies":"4 Shapes","floor":48.0,"turns":4.0},{"damage":30.0,"enemies":"Donu and Deca","floor":50.0,"turns":7.0},{"damage":40,"enemies":"Shield and Spear","floor":54,"turns":8},{"damage":71,"enemies":"The Heart","floor":55,"turns":6}],"seed_played":"-6757951303088959524","potions_obtained":[{"floor":2.0,"key":"DistilledChaos"},{"floor":3.0,"key":"Regen Potion"},{"floor":8.0,"key":"CultistPotion"},{"floor":10.0,"key":"CunningPotion"},{"floor":14.0,"key":"Block Potion"},{"floor":22.0,"key":"GhostInAJar"},{"floor":23.0,"key":"Energy Potion"},{"floor":28.0,"key":"Strength Potion"},{"floor":30.0,"key":"FearPotion"},{"floor":35.0,"key":"BlessingOfTheForge"},{"floor":37.0,"key":"GamblersBrew"},{"floor":40.0,"key":"EssenceOfSteel"},{"floor":44.0,"key":"Swift Potion"},{"floor":48.0,"key":"BlessingOfTheForge"}],"is_trial":false,"path_per_floor":["M","M","M","M","M","E","R","E","T","E","R","M","M","M","R","B",null,"M","M","M","$","M","E","M","R","T","E","M","?","E","M","R","B",null,"M","M","M","$","M","E","R","E","T","?","M","E","M","M","R","B",null,"R","$","E","B"],"character_chosen":"THE_SILENT","items_purchased":["Meat on the Bone","Accuracy","Finisher","Medical Kit","Bronze Scales","Sling","Dexterity Potion","Strength Potion"],"campfire_rested":0,"item_purchase_floors":[21,21,38,38,53,53,53,53],"current_hp_per_floor":[70,69,69,69,61,49,49,45,45,29,29,29,29,29,29,26,70,69,57,54,54,49,42,41,41,41,47,46,46,45,44,44,46,70,64,63,43,43,43,34,34,37,37,41,41,36,36,36,36,43,70,70,70,42,0,0],"gold":133,"neow_bonus":"UPGRADE_CARD","is_daily":false,"chose_seed":false,"campfire_upgraded":7,"win_rate":0.0,"timestamp":1610630656,"path_taken":["M","M","M","M","M","E","R","E","T","E","R","M","M","M","R","BOSS","M","M","M","$","M","E","M","R","T","E","M","?","E","M","R","BOSS","M","M","M","$","M","E","R","E","T","?","M","E","M","M","R","BOSS","R","$","E","BOSS"],"items_purchased_type":["Relic","Card","Card","Relic","Relic","Relic","Potion","Potion"],"build_version":"2020-12-22","purchased_purges":3,"victory":false,"max_hp_per_floor":[70,70,70,70,70,70,70,70,70,70,70,70,70,70,70,70,70,70,70,70,70,70,70,70,70,70,70,70,70,70,70,70,70,70,70,70,70,70,70,70,70,70,70,70,70,70,70,70,70,70,70,70,70,70,70,70],"card_choices":[{"not_picked":["Prepared","Accuracy"],"picked":"Cloak And Dagger","floor":1.0},{"not_picked":["Cloak And Dagger","PiercingWail"],"picked":"Poisoned Stab","floor":2.0},{"not_picked":["Underhanded Strike","Slice"],"picked":"Blade Dance","floor":3.0},{"not_picked":["Bane","PiercingWail"],"picked":"Leg Sweep","floor":4.0},{"not_picked":["Sucker Punch","Prepared"],"picked":"PiercingWail","floor":5.0},{"not_picked":["Flechettes","Malaise"],"picked":"Dagger Spray","floor":6.0},{"not_picked":["A Thousand Cuts","Choke"],"picked":"Dodge and Roll","floor":8.0},{"not_picked":["Underhanded Strike","Bane"],"picked":"Skewer","floor":10.0},{"not_picked":["Slice","Flying Knee","Poisoned Stab"],"picked":"SKIP","floor":12.0},{"not_picked":["Skewer","Sucker Punch"],"picked":"Infinite Blades","floor":13.0},{"not_picked":["Concentrate","Setup"],"picked":"PiercingWail","floor":14.0},{"not_picked":["Phantasmal Killer","Corpse Explosion"],"picked":"A Thousand Cuts","floor":16.0},{"not_picked":["Blade Dance","Underhanded Strike","All Out Attack"],"picked":"SKIP","floor":18.0},{"not_picked":["Blade Dance","Underhanded Strike","All Out Attack"],"picked":"SKIP","floor":18.0},{"not_picked":["Cloak And Dagger+1","Bouncing Flask","Distraction"],"picked":"SKIP","floor":19.0},{"not_picked":["Prepared","Acrobatics","PiercingWail"],"picked":"SKIP","floor":20.0},{"not_picked":["Caltrops","Bane","Deadly Poison"],"picked":"SKIP","floor":22.0},{"not_picked":["Predator","Masterful Stab","Concentrate"],"picked":"SKIP","floor":23.0},{"not_picked":["Deflect","Slice+1","Expertise"],"picked":"SKIP","floor":24.0},{"not_picked":["Dodge and Roll","A Thousand Cuts","Dagger Spray+1"],"picked":"SKIP","floor":27.0},{"not_picked":["Setup","Masterful Stab","Sucker Punch"],"picked":"SKIP","floor":28.0},{"not_picked":["Leg Sweep","Sucker Punch","Acrobatics"],"picked":"SKIP","floor":30.0},{"not_picked":["Cloak And Dagger+1","Sucker Punch","Deflect"],"picked":"SKIP","floor":31.0},{"not_picked":["Glass Knife","Venomology"],"picked":"Storm of Steel","floor":33.0},{"not_picked":["Expertise","Quick Slash"],"picked":"Outmaneuver+1","floor":35.0},{"not_picked":["Underhanded Strike+1","Dagger Spray"],"picked":"Acrobatics+1","floor":36.0},{"not_picked":["Cloak And Dagger","Prepared","Burst"],"picked":"SKIP","floor":37.0},{"not_picked":["Flying Knee","Poisoned Stab+1","Prepared"],"picked":"SKIP","floor":39.0},{"not_picked":["PiercingWail","Slice+1","Outmaneuver+1"],"picked":"SKIP","floor":40.0},{"not_picked":["Flying Knee+1","Slice+1","Wraith Form v2"],"picked":"SKIP","floor":42.0},{"not_picked":["Blur","Accuracy+1"],"picked":"PiercingWail+1","floor":44.0},{"not_picked":["Escape Plan","Slice","Noxious Fumes+1"],"picked":"SKIP","floor":45.0},{"not_picked":["Dagger Throw","Bane"],"picked":"Blur+1","floor":46.0},{"not_picked":["Dagger Spray","Setup+1","Slice+1"],"picked":"SKIP","floor":47.0},{"not_picked":["Backflip+1","Footwork"],"picked":"Choke+1","floor":48.0},{"not_picked":["Corpse Explosion","Calculated Gamble+1"],"picked":"Venomology","floor":54}],"player_experience":294760,"relics_obtained":[{"floor":6.0,"key":"Lantern"},{"floor":8.0,"key":"InkBottle"},{"floor":10.0,"key":"Kunai"},{"floor":23.0,"key":"Pantograph"},{"floor":26.0,"key":"HornCleat"},{"floor":27.0,"key":"Tough Bandages"},{"floor":30.0,"key":"Du-Vu Doll"},{"floor":40.0,"key":"Calipers"},{"floor":42.0,"key":"Dream Catcher"},{"floor":43.0,"key":"Ninja Scroll"},{"floor":44.0,"key":"Ginger"},{"floor":46.0,"key":"Old Coin"},{"floor":54,"key":"War Paint"}],"event_choices":[{"damage_healed":0.0,"max_hp_gain":0.0,"max_hp_loss":0.0,"gold_gain":99.0,"event_name":"Nest","player_choice":"Stole From Cult","floor":29.0,"gold_loss":0.0,"damage_taken":0.0},{"damage_healed":0.0,"max_hp_gain":0.0,"max_hp_loss":0.0,"gold_gain":0.0,"event_name":"Mysterious Sphere","player_choice":"Fight","floor":44.0,"gold_loss":0.0,"damage_taken":0.0}],"is_beta":false,"boss_relics":[{"not_picked":["Busted Crown","Calling Bell"],"picked":"WristBlade"},{"not_picked":["Black Star","Velvet Choker"],"picked":"Philosopher\u0027s Stone"}],"items_purged_floors":[21,38,53],"is_endless":false,"potions_floor_spawned":[2,3,8,10,14,22,23,28,30,31,35,37,40,44,48],"killed_by":"The Heart","ascension_level":1}}