{"host":"d85gwtocd8go8gx0","time":1610597170,"event":{"mods":["BaseMod","Highlight Path","Minty Spire (QoL Compilation)","Permanent Neow","Quick Restart"],"gold_per_floor":[14,14,33,48,67,101,101,131,131,131,131,131],"floor_reached":11,"language":"ENG","playtime":487,"items_purged":[],"score":166,"play_id":"372f3c7a-bf06-4cc5-8df0-4403df1e29f7","local_time":"20210113200610","is_ascension_mode":true,"campfire_choices":[{"floor":7.0,"key":"REST"}],"circlet_count":0,"master_deck":["AscendersBane","Strike_R","Strike_R","Strike_R","Strike_R","Strike_R","Defend_R","Defend_R","Defend_R","Defend_R","Bash","Spot Weakness","Decay","Heavy Blade","Heavy Blade","Anger","Pommel Strike","Flex"],"relics":["Burning Blood","Champion Belt","MealTicket","White Beast Statue","Pear","Pantograph"],"acts_visited":["Exordium"],"potions_floor_usage":[11],"damage_taken":[{"damage":1.0,"enemies":"Cultist","floor":1.0,"turns":3.0},{"damage":12.0,"enemies":"Small Slimes","floor":3.0,"turns":4.0},{"damage":2.0,"enemies":"Jaw Worm","floor":4.0,"turns":3.0},{"damage":15.0,"enemies":"Large Slime","floor":5.0,"turns":5.0},{"damage":38.0,"enemies":"Gremlin Nob","floor":6.0,"turns":4.0},{"damage":44.0,"enemies":"3 Sentries","floor":8.0,"turns":6.0},{"damage":5,"enemies":"Lagavulin","floor":11,"turns":5}],"seed_played":"-6123761878708804473","potions_obtained":[{"floor":5.0,"key":"Swift Potion"},{"floor":8.0,"key":"Regen Potion"}],"is_trial":false,"path_per_floor":["M","?","M","M","M","E","R","E","T","?","E"],"character_chosen":"IRONCLAD","items_purchased":[],"campfire_rested":1,"item_purchase_floors":[],"current_hp_per_floor":[73,73,67,71,62,30,52,14,24,6,15,15],"gold":131,"neow_bonus":"ONE_RARE_RELIC","is_daily":false,"chose_seed":false,"campfire_upgraded":0,"win_rate":0.0,"timestamp":1610597170,"path_taken":["M","?","M","?","M","E","R","E","T","?","E"],"items_purchased_type":[],"build_version":"2020-12-22","purchased_purges":0,"victory":false,"max_hp_per_floor":[75,75,75,75,75,75,75,75,85,85,85,85],"card_choices":[{"not_picked":["Shrug It Off","Clothesline"],"picked":"Spot Weakness","floor":1.0},{"not_picked":["True Grit","Rage"],"picked":"Heavy Blade","floor":3.0},{"not_picked":["Shrug It Off","Wild Strike"],"picked":"Heavy Blade","floor":4.0},{"not_picked":["Exhume","Clash"],"picked":"Anger","floor":5.0},{"not_picked":["Sever Soul","Berserk"],"picked":"Pommel Strike","floor":6.0},{"not_picked":["Clothesline","Entrench"],"picked":"Flex","floor":8.0}],"player_experience":5910,"relics_obtained":[{"floor":6.0,"key":"MealTicket"},{"floor":8.0,"key":"White Beast Statue"},{"floor":9.0,"key":"Pear"}],"event_choices":[{"damage_healed":0.0,"max_hp_gain":0.0,"max_hp_loss":0.0,"gold_gain":0.0,"event_name":"Wheel of Change","player_choice":"Cursed","floor":2.0,"gold_loss":0.0,"damage_taken":0.0,"cards_obtained":["Decay"]},{"damage_healed":0.0,"max_hp_gain":0.0,"max_hp_loss":0.0,"gold_gain":0.0,"event_name":"Scrap Ooze","player_choice":"Success","floor":10.0,"gold_loss":0.0,"damage_taken":18.0,"relics_obtained":["Pantograph"]}],"is_beta":false,"boss_relics":[],"items_purged_floors":[],"is_endless":false,"potions_floor_spawned":[5,8],"killed_by":"Lagavulin","ascension_level":20}}