{"host":"srem34b0kf9rnop6","time":1610663172,"event":{"mods":["AchievementEnabler","BaseMod","Colored Powertips","Downfall","Glutton Mod","Marisa????????","Minty Spire (QoL Compilation)","StSLib","SuperFastMode"],"gold_per_floor":[114,114,125,200,11,41,41,56,81,98,98,117,135,135,135,254,254,286,334,18,18,18],"floor_reached":21,"language":"ENG","playtime":860,"items_purged":["Glutton:Strike"],"score":206,"play_id":"dd6cf71d-3612-4da9-b0fa-5abfef2c1991","local_time":"20210115062612","is_ascension_mode":false,"campfire_choices":[{"floor":7,"key":"REST"},{"floor":11,"key":"REST"},{"floor":15,"key":"REST"}],"circlet_count":0,"master_deck":["Glutton:Strike","Glutton:Strike","Glutton:Strike","Glutton:Strike","Glutton:Strike","Glutton:Defend","Glutton:Defend","Glutton:Defend","Glutton:Flail","Glutton:LashOut","Glutton:GnawingHunger","Glutton:Misery","Glutton:PainMeditation","Glutton:Delusion","Glutton:Feed","Glutton:Borborygmi","Glutton:DecrepitStrike","Glutton:Thrombosis","Glutton:Salivate","Glutton:Mug","Glutton:Reminisce","Glutton:Salivate","Glutton:Scab","Apotheosis","Glutton:FeverVisions"],"relics":["Glutton:EternalHunger","NeowsBlessing","Bag of Marbles","Dream Catcher","Glutton:AmuletOfPain","CultistMask","Black Star"],"acts_visited":["Exordium","TheCity"],"potions_floor_usage":[],"damage_taken":[{"damage":1,"enemies":"Small Slimes","floor":1,"turns":1},{"damage":1,"enemies":"Cultist","floor":3,"turns":1},{"damage":8,"enemies":"Gremlin Nob","floor":6,"turns":1},{"damage":16,"enemies":"2 Louse","floor":8,"turns":2},{"damage":25,"enemies":"Red Slaver","floor":10,"turns":2},{"damage":27,"enemies":"Large Slime","floor":12,"turns":4},{"damage":22,"enemies":"Looter","floor":13,"turns":2},{"damage":90,"enemies":"Slime Boss","floor":16,"turns":8},{"damage":73,"enemies":"Spheric Guardian","floor":18,"turns":6},{"damage":57,"enemies":"2 Thieves","floor":19,"turns":4},{"damage":34,"enemies":"Shelled Parasite and Fungi","floor":21,"turns":2}],"seed_played":"-1196226322522568247","potions_obtained":[{"floor":1,"key":"LiquidMemories"},{"floor":6,"key":"SmokeBomb"},{"floor":12,"key":"PowerPotion"},{"floor":13,"key":"Dexterity Potion"}],"is_trial":false,"path_per_floor":["M","?","M","?","$","E","R","M","T","M","R","M","M","?","R","B",null,"M","M","$","M"],"character_chosen":"GLUTTON","items_purchased":["Glutton:Misery","Dream Catcher","Apotheosis","Glutton:FeverVisions"],"campfire_rested":3,"item_purchase_floors":[5,5,20,20],"current_hp_per_floor":[119,119,118,107,107,99,120,104,104,79,115,91,69,69,105,27,126,71,26,26,0,0],"gold":18,"neow_bonus":"THREE_ENEMY_KILL","is_daily":false,"chose_seed":false,"campfire_upgraded":0,"win_rate":0.0,"timestamp":1610663172,"path_taken":["M","?","?","?","$","E","R","M","T","M","R","M","M","?","R","BOSS","M","M","$","M"],"items_purchased_type":["Card","Relic","Card","Card"],"build_version":"2020-12-22","purchased_purges":1,"victory":false,"max_hp_per_floor":[120,120,120,120,120,120,120,120,120,120,120,123,123,123,123,126,126,126,129,129,129,129],"card_choices":[{"not_picked":["Glutton:DistilledAgony","Glutton:Rapacity"],"picked":"Glutton:LashOut","floor":1},{"not_picked":["Glutton:Yearn","Glutton:Strain"],"picked":"Glutton:GnawingHunger","floor":3},{"not_picked":["Glutton:Voracity","Glutton:GuardStance"],"picked":"Glutton:PainMeditation","floor":6},{"not_picked":["Glutton:Bite","Glutton:GuardStance"],"picked":"Glutton:Delusion","floor":7},{"not_picked":["Glutton:Salivate","Glutton:Loot"],"picked":"Glutton:Feed","floor":8},{"not_picked":["Glutton:Nostalgia","Glutton:Rest"],"picked":"Glutton:Borborygmi","floor":10},{"not_picked":["Glutton:LashOut","Glutton:Brace"],"picked":"Glutton:DecrepitStrike","floor":11},{"not_picked":["Glutton:Brace","Glutton:Demolish"],"picked":"Glutton:Thrombosis","floor":12},{"not_picked":["Glutton:Fever","Glutton:LashOut"],"picked":"Glutton:Salivate","floor":13},{"not_picked":["Glutton:Slam","Glutton:DecrepitStrike"],"picked":"Glutton:Mug","floor":15},{"not_picked":["Glutton:Megrim","Glutton:Malignancy"],"picked":"Glutton:Reminisce","floor":16},{"not_picked":["Glutton:GnawingHunger","Glutton:Demolish"],"picked":"Glutton:Salivate","floor":18},{"not_picked":["Glutton:GuardStance+1","Glutton:Mug"],"picked":"Glutton:Scab","floor":19}],"player_experience":141697,"relics_obtained":[{"floor":6,"key":"Glutton:AmuletOfPain"}],"event_choices":[{"damage_healed":0,"gold_gain":0,"player_choice":"Gave Potion","damage_taken":0,"relics_obtained":["Bag of Marbles"],"max_hp_gain":0,"max_hp_loss":0,"event_name":"WeMeetAgain","floor":2,"gold_loss":0},{"damage_healed":0,"gold_gain":75,"player_choice":"Gather Gold","damage_taken":11,"max_hp_gain":0,"max_hp_loss":0,"event_name":"World of Goop","floor":4,"gold_loss":0},{"damage_healed":0,"gold_gain":0,"player_choice":"Trade","damage_taken":0,"relics_obtained":["CultistMask"],"max_hp_gain":0,"max_hp_loss":0,"event_name":"FaceTrader","floor":14,"gold_loss":0}],"is_beta":false,"boss_relics":[{"not_picked":["Runic Pyramid","SlaversCollar"],"picked":"Black Star"}],"items_purged_floors":[20],"is_endless":false,"potions_floor_spawned":[1,6,12,13],"killed_by":"Shelled Parasite and Fungi","ascension_level":0}}