{"host":"oehe2dxjvdgux73m","time":1610631682,"event":{"mods":["AchievementEnabler","BaseMod","Colored Map","Colored Powertips","DeckTracker","Keyboard Shortcuts","Minty Spire (QoL Compilation)","Permanent Neow","Quick Restart","StSLib","SuperFastMode"],"gold_per_floor":[214,231,231,244,261,289,303,303,327,327,338,338,338],"floor_reached":12,"language":"KOR","playtime":397,"items_purged":[],"score":139,"play_id":"6bfeb384-1d8b-4a99-8eea-f59b069ec781","local_time":"20210114224122","is_ascension_mode":true,"campfire_choices":[{"floor":8,"key":"REST"},{"data":"Bane","floor":10,"key":"SMITH"}],"circlet_count":0,"master_deck":["AscendersBane","Strike_G","Strike_G","Strike_G","Strike_G","Strike_G","Defend_G","Defend_G","Defend_G","Defend_G","Defend_G","Survivor","Neutralize","Poisoned Stab","Outmaneuver","Bane+1","Escape Plan","PiercingWail"],"relics":["Ring of the Snake","Singing Bowl","Snake Skull"],"acts_visited":["Exordium"],"potions_floor_usage":[6,6],"damage_taken":[{"damage":6.0,"enemies":"2 Louse","floor":1.0,"turns":3.0},{"damage":1.0,"enemies":"Cultist","floor":2.0,"turns":4.0},{"damage":0,"enemies":"Small Slimes","floor":4,"turns":4},{"damage":4,"enemies":"Looter","floor":5,"turns":4},{"damage":29,"enemies":"3 Sentries","floor":6,"turns":10},{"damage":11,"enemies":"2 Fungi Beasts","floor":7,"turns":4},{"damage":3,"enemies":"Blue Slaver","floor":11,"turns":3},{"damage":31,"enemies":"Gremlin Nob","floor":12,"turns":3}],"seed_played":"-8871162551669521291","potions_obtained":[{"floor":1.0,"key":"LiquidMemories"},{"floor":2.0,"key":"AttackPotion"},{"floor":7,"key":"Dexterity Potion"}],"is_trial":false,"path_per_floor":["M","M","?","M","M","E","M","R","T","R","M","E"],"character_chosen":"THE_SILENT","items_purchased":[],"campfire_rested":1,"item_purchase_floors":[],"current_hp_per_floor":[53,52,52,52,48,21,12,33,33,33,30,0,0],"gold":338,"neow_bonus":"HUNDRED_GOLD","is_daily":false,"chose_seed":false,"campfire_upgraded":1,"win_rate":0.0,"timestamp":1610631682,"path_taken":["M","M","?","M","M","E","?","R","T","R","M","E"],"items_purchased_type":[],"build_version":"2020-12-22","purchased_purges":0,"victory":false,"max_hp_per_floor":[66,66,66,66,66,68,70,70,70,70,70,70,70],"card_choices":[{"not_picked":["Footwork","Cloak And Dagger"],"picked":"Poisoned Stab","floor":1.0},{"not_picked":["Choke","Eviscerate"],"picked":"Outmaneuver","floor":2.0},{"not_picked":["Dodge and Roll","Corpse Explosion"],"picked":"Bane","floor":4},{"not_picked":["Flechettes","Finisher"],"picked":"Escape Plan","floor":5},{"not_picked":["Masterful Stab","Glass Knife","Leg Sweep"],"picked":"Singing Bowl","floor":6},{"not_picked":["Expertise","Dagger Throw","Dodge and Roll"],"picked":"Singing Bowl","floor":7},{"not_picked":["Tactician","Dagger Spray"],"picked":"PiercingWail","floor":11}],"player_experience":192493,"relics_obtained":[{"floor":6,"key":"Singing Bowl"},{"floor":9,"key":"Snake Skull"}],"event_choices":[{"damage_healed":0.0,"max_hp_gain":0.0,"max_hp_loss":0.0,"gold_gain":0.0,"event_name":"Lab","player_choice":"Got Potions","floor":3.0,"gold_loss":0.0,"damage_taken":0.0}],"is_beta":false,"boss_relics":[],"items_purged_floors":[],"is_endless":false,"potions_floor_spawned":[1,2,7],"killed_by":"Gremlin Nob","ascension_level":14}}