{"host":"45gjn1i9lq2ky2i9","time":1610601213,"event":{"mods":["2.2 Compatiblity","Act Like it!","Aspiration","Bard","BaseMod","Beaked The Cultist","Better Altar","Better Match","Better Note","Better Sensory Stone","Better Skull","Better Third Choice","Better Vampires","Conspire","Downfall","Halation","Hubris","Infinite Spire","Jedi Mod","Lobotomy","LobotomyExtend","Minty Spire (QoL Compilation)","Pale of the Ancients","Permanent Neow","Replay The Spire","Shop Mod","Spikes Relics","StSLib","The Mystic","The Runesmith","The Wild Card"],"gold_per_floor":[115,132,8,8,26,26,91,101,125,125,175,192,262,296,296,375,375,386,686,706,681,286,286,362,380,380,380,380,349,363,374,374,450,450,465,162,212,277,327,327,360,435,458,56,56,70,70,86,86,86,86],"floor_reached":52,"language":"RUS","playtime":1429,"items_purged":["Strike_B","hubris:Sloth","Strike_B","Spreading Infection"],"score":1277,"play_id":"1c4e35ad-58bc-4a96-886e-69c7577cee4f","local_time":"20210114131333","is_ascension_mode":true,"campfire_choices":[{"data":"Zap","floor":6,"key":"SMITH"},{"floor":10,"key":"REST"},{"data":"Auto Shields","floor":15,"key":"SMITH"},{"floor":23,"key":"REST"},{"floor":27,"key":"REST"},{"floor":28,"key":"REST"},{"data":"Electrodynamics","floor":32,"key":"SMITH"},{"floor":40,"key":"REST"},{"floor":45,"key":"REST"},{"data":"expansioncontent:DonusPower","floor":47,"key":"SMITH"},{"data":"expansioncontent:DecasProtection","floor":49,"key":"SMITH"}],"circlet_count":0,"master_deck":["AscendersBane","Strike_B+1","Strike_B+1","Defend_B+1","Defend_B","Defend_B","Zap+1","Dualcast+1","Auto Shields+1","Ball Lightning+1","Leap","Biased Cognition+1","Gash","jedi:BurstDark+1","jedi:hex+1","hubris:InfiniteBlow+80","Gash","expansioncontent:DonusPower+1","Electrodynamics+1","expansioncontent:DecasProtection+1","jedi:locknload","Reboot+1","Capacitor","Melter+1","Gash+1"],"relics":["Cracked Core","SsserpentHead","Gremlin Food","Sundial","Black Star","halation:LettersToHer","halation:Thesaurus","WingedGreaves","Dream Catcher","jedi:crownofsimplicity","ReplayTheSpireMod:CursedCoin","Cursed Key","ClockworkSouvenir","SnailShell","Oddly Smooth Stone","ZombieTooth","aspiration:EnhancedActuators","Omamori","Guide Book"],"acts_visited":["Exordium","TheCity","TheBeyond"],"potions_floor_usage":[8,14],"damage_taken":[{"damage":7,"enemies":"Jaw Worm","floor":1,"turns":3},{"damage":1,"enemies":"Cultist","floor":2,"turns":3},{"damage":2,"enemies":"Small Slimes","floor":5,"turns":4},{"damage":20,"enemies":"Exordium Thugs","floor":7,"turns":5},{"damage":0,"enemies":"conspire:2 RoseBushes","floor":8,"turns":6},{"damage":0,"enemies":"Exordium Wildlife","floor":12,"turns":3},{"damage":8,"enemies":"Lots of Slimes","floor":13,"turns":4},{"damage":14,"enemies":"Replay:BlueRogue","floor":14,"turns":5},{"damage":47,"enemies":"Hexaghost","floor":16,"turns":12},{"damage":40,"enemies":"Shell Parasite","floor":18,"turns":8},{"damage":0,"enemies":"Chosen","floor":20,"turns":1},{"damage":0,"enemies":"Centurion and Healer","floor":25,"turns":5},{"damage":0,"enemies":"Snecko","floor":30,"turns":1},{"damage":0,"enemies":"Snake Plant","floor":31,"turns":1},{"damage":12,"enemies":"hubris:MusketHawk","floor":33,"turns":4},{"damage":9,"enemies":"3 Shapes","floor":35,"turns":3},{"damage":13,"enemies":"Orb Walker","floor":38,"turns":4},{"damage":13,"enemies":"Giant Head","floor":41,"turns":4},{"damage":5,"enemies":"Mind Bloom Boss Battle","floor":42,"turns":5},{"damage":0,"enemies":"Jaw Worm Horde","floor":46,"turns":2},{"damage":0,"enemies":"Writhing Mass","floor":48,"turns":2},{"damage":0,"enemies":"conspire:OrnateMirror","floor":50,"turns":1}],"seed_played":"2770623313799706276","potions_obtained":[{"floor":1,"key":"Swift Potion"},{"floor":5,"key":"DistilledChaos"},{"floor":8,"key":"FairyPotion"},{"floor":14,"key":"SteroidPotion"},{"floor":16,"key":"FocusPotion"}],"is_trial":false,"path_per_floor":["M","M","$","?","M","R","M","M","T","R","?","M","M","E","R","B",null,"M","AVR","M","?","$","R","T","M","T","R","R","$","M","M","R","B",null,"M","$","?","M","?","R","E","?","T","$","R","M","R","M","R","B",null,null],"character_chosen":"DEFECT","items_purchased":["Ball Lightning","halation:LettersToHer","halation:Thesaurus","expansioncontent:DonusPower","ReplayTheSpireMod:CursedCoin","expansioncontent:DecasProtection","ClockworkSouvenir","Capacitor","Omamori","Guide Book"],"campfire_rested":6,"item_purchase_floors":[3,22,22,22,29,29,36,36,44,44],"current_hp_per_floor":[57,56,56,56,54,54,34,34,34,55,71,71,63,49,49,2,54,14,14,14,14,14,35,35,35,35,56,71,71,71,71,71,59,68,59,59,59,46,46,66,53,48,48,48,67,67,67,67,67,67,67],"gold":86,"neow_bonus":"UPGRADE_CARD","is_daily":false,"chose_seed":false,"campfire_upgraded":5,"win_rate":0.0,"timestamp":1610601213,"path_taken":["M","M","$","?","M","R","?","M","T","R","?","M","?","E","R","BOSS","M","AVR","M","?","$","R","?","M","T","R","R","$","M","M","R","BOSS","M","?","?","?","?","R","E","?","T","?","R","M","R","M","R","BOSS"],"items_purchased_type":["Card","Relic","Relic","Card","Relic","Card","Relic","Card","Relic","Relic"],"build_version":"2020-12-22","purchased_purges":4,"victory":true,"max_hp_per_floor":[71,71,71,71,71,71,71,71,71,71,71,71,71,71,71,71,71,71,71,71,71,71,71,71,71,71,71,71,71,71,71,71,71,71,71,71,67,67,67,67,67,67,67,67,67,67,67,67,67,67,67],"card_choices":[{"not_picked":["Hologram","jedi:blockon"],"picked":"Auto Shields","floor":1},{"not_picked":["jedi:blockon","Steam"],"picked":"ReplayTheSpireMod:Dual Polarity","floor":2},{"not_picked":["jedi:blockon","RefreshScreen"],"picked":"Leap","floor":5},{"not_picked":["Panic Button","Hologram","jedi:sharpshooter"],"picked":"SKIP","floor":7},{"not_picked":["Steam","Compile Driver","Reprogram"],"picked":"SKIP","floor":8},{"not_picked":["Steam Power","jedi:BurstFrost","Compile Driver"],"picked":"SKIP","floor":12},{"not_picked":["Hello World","Go for the Eyes"],"picked":"Biased Cognition","floor":13},{"not_picked":["conspire:SharedLibrary","Darkness"],"picked":"Gash","floor":14},{"not_picked":["jedi:readyaimfire","Meteor Strike"],"picked":"jedi:BurstDark","floor":16},{"not_picked":["Panic Button","jedi:BurstLightning+1"],"picked":"jedi:hex","floor":18},{"not_picked":["Force Field","Darkness"],"picked":"Gash","floor":20},{"not_picked":["Turbo","Sweeping Beam"],"picked":"Electrodynamics","floor":25},{"not_picked":["Double Energy","Lockon","jedi:blockon"],"picked":"SKIP","floor":30},{"not_picked":["Conserve Battery","hubris:DoWhile"],"picked":"jedi:locknload","floor":31},{"not_picked":["hubris:Prefetch","Buffer"],"picked":"Reboot","floor":33},{"not_picked":["Rebound","jedi:BurstLightning","Conserve Battery+1"],"picked":"SKIP","floor":35},{"not_picked":["Crystallizer","White Noise"],"picked":"Melter+1","floor":38},{"not_picked":["Go for the Eyes","Barrage"],"picked":"Gash+1","floor":40},{"not_picked":["Rebound+1","Gash+1","jedi:sharpshooter"],"picked":"SKIP","floor":41},{"not_picked":["jedi:BurstFrost","Barrage","Ball Lightning"],"picked":"SKIP","floor":46},{"not_picked":["ReplaySort","jedi:BurstFrost","Compile Driver"],"picked":"SKIP","floor":48}],"player_experience":536525,"relics_obtained":[{"floor":9,"key":"Gremlin Food"},{"floor":14,"key":"Sundial"},{"floor":24,"key":"halation:LettersToHer"},{"floor":24,"key":"Dream Catcher"},{"floor":26,"key":"halation:LettersToHer"},{"floor":26,"key":"jedi:crownofsimplicity"},{"floor":41,"key":"SnailShell"},{"floor":41,"key":"Oddly Smooth Stone"},{"floor":42,"key":"ZombieTooth"},{"floor":43,"key":"halation:LettersToHer"},{"floor":43,"key":"aspiration:EnhancedActuators"}],"event_choices":[{"damage_healed":0,"gold_gain":0,"player_choice":"Trade","damage_taken":0,"relics_obtained":["SsserpentHead"],"max_hp_gain":0,"max_hp_loss":0,"event_name":"FaceTrader","floor":4,"gold_loss":0},{"cards_removed":["ReplayTheSpireMod:Dual Polarity"],"damage_healed":16,"gold_gain":0,"player_choice":"Offered Uncommon","damage_taken":0,"max_hp_gain":0,"max_hp_loss":0,"event_name":"Bonfire Elementals","floor":11,"gold_loss":0},{"cards_removed":["Defend_B"],"damage_healed":0,"gold_gain":0,"player_choice":"Gave Gold","damage_taken":0,"max_hp_gain":0,"max_hp_loss":0,"event_name":"Beggar","floor":21,"gold_loss":75},{"damage_healed":0,"gold_gain":0,"player_choice":"Max HP","damage_taken":0,"max_hp_gain":0,"max_hp_loss":4,"event_name":"Winding Halls","floor":37,"gold_loss":0},{"damage_healed":0,"gold_gain":0,"player_choice":"Fight","damage_taken":0,"max_hp_gain":0,"max_hp_loss":0,"event_name":"MindBloom","floor":42,"gold_loss":0}],"is_beta":false,"boss_relics":[{"not_picked":["aspiration:FutureDiary","Empty Cage"],"picked":"Black Star"},{"not_picked":["halation:HeavySnake","conspire:RunicOctahedron"],"picked":"Cursed Key"}],"items_purged_floors":[3,29,36,44],"is_endless":false,"potions_floor_spawned":[1,5,8,14,16,18,31,38,42,48],"ascension_level":14}}