{"host":"ecaj4hn004xnnrw9","time":1610585163,"event":{"mods":["AchievementEnabler","BaseMod","Better Third Choice","Hermit","Hubris","Infinite Spire","Jorbs\u0027s Wanderer Trilogy","Minty Spire (QoL Compilation)","Quick Restart","Shop Mod","StSLib","The Construct","The Jungle","The Runesmith"],"gold_per_floor":[366,380,13,23,36,36,62,62,62,101,101,114,129,148,148,276,276,292,292,312,326,326,367,385,401,401,401,437,453,453,378,378,509,509,534,553,682,682,698,698,739,739,739,772,268,268,299,0,0,0],"floor_reached":51,"language":"ENG","playtime":3046,"items_purged":["Strike_R","Body Slam","Reaper"],"score":1464,"play_id":"efc6f212-5531-4d2d-a162-43f6d303c53f","local_time":"20210114004603","is_ascension_mode":true,"campfire_choices":[{"data":"Combust","floor":6.0,"key":"SMITH"},{"floor":11.0,"key":"REST"},{"data":"Spot Weakness","floor":15.0,"key":"SMITH"},{"data":"stsjorbsmod:TinyHut","floor":27,"key":"SMITH"},{"data":"Whirlwind","floor":32,"key":"SMITH"},{"data":"Spot Weakness","floor":40,"key":"SMITH"},{"data":"hubris:StunningStrike","floor":42,"key":"SMITH"},{"data":"stsjorbsmod:Message","floor":49,"key":"SMITH"}],"circlet_count":0,"master_deck":["AscendersBane","Bash","Whirlwind+1","Spot Weakness+1","Combust+1","Cleave","Feed","Uppercut","Brutality","Spot Weakness+1","Double Tap","Rage","Intimidate","Cleave","hubris:ReadiedAction+1","construct:ScrapCannon","stsjorbsmod:DisguiseSelf+1","stsjorbsmod:TinyHut+1","Backflip","stsjorbsmod:Message+1","stsjorbsmod:SiphonEnergy","Shrug It Off","Battle Trance","hubris:StunningStrike+1","Rupture","Dual Wield","Flame Barrier","Battle Trance"],"relics":["Burning Blood","Happy Flower","hubris:SphereOfDissonance","Golden Idol","infinitespire:ShieldingShard","hubris:ChampionShield","Pandora\u0027s Box","construct:WeddingRing","Lantern","hubris:GlazedTorus","Gambling Chip","hubris:BottledHeart","Coffee Dripper","Mercury Hourglass","TheAbacus","War Paint","infinitespire:Bottled Soul","Eternal Feather","Shuriken","Vajra","Red Mask"],"acts_visited":["Exordium","TheCity","TheBeyond"],"potions_floor_usage":[23,23,33],"damage_taken":[{"damage":2.0,"enemies":"Jaw Worm","floor":1.0,"turns":3.0},{"damage":14.0,"enemies":"Cultist","floor":2.0,"turns":5.0},{"damage":19.0,"enemies":"Small Slimes","floor":4.0,"turns":3.0},{"damage":20.0,"enemies":"2 Fungi Beasts","floor":5.0,"turns":3.0},{"damage":16.0,"enemies":"Gremlin Nob","floor":7.0,"turns":4.0},{"damage":27.0,"enemies":"Lagavulin","floor":10.0,"turns":4.0},{"damage":14.0,"enemies":"Blue Slaver","floor":12.0,"turns":4.0},{"damage":2.0,"enemies":"Exordium Thugs","floor":13.0,"turns":3.0},{"damage":24.0,"enemies":"Exordium Wildlife","floor":14.0,"turns":4.0},{"damage":41.0,"enemies":"Slime Boss","floor":16.0,"turns":9.0},{"damage":33.0,"enemies":"Spheric Guardian","floor":18.0,"turns":5.0},{"damage":16.0,"enemies":"Chosen","floor":20.0,"turns":4.0},{"damage":19.0,"enemies":"Centurion and Healer","floor":21.0,"turns":3.0},{"damage":15,"enemies":"Slavers","floor":23,"turns":2},{"damage":37,"enemies":"Sentry and Sphere","floor":24,"turns":4},{"damage":16,"enemies":"3 Cultists","floor":25,"turns":4},{"damage":29,"enemies":"Book of Stabbing","floor":28,"turns":5},{"damage":0,"enemies":"Chosen and Byrds","floor":29,"turns":3},{"damage":0,"enemies":"Champ","floor":33,"turns":8},{"damage":0,"enemies":"3 Shapes","floor":35,"turns":5},{"damage":0,"enemies":"3 Darklings","floor":36,"turns":3},{"damage":0,"enemies":"Sphere and 2 Shapes","floor":39,"turns":2},{"damage":0,"enemies":"Reptomancer","floor":41,"turns":3},{"damage":0,"enemies":"Giant Head","floor":44,"turns":8},{"damage":0,"enemies":"Nemesis","floor":47,"turns":5},{"damage":0,"enemies":"Time Eater","floor":50,"turns":11}],"seed_played":"-8693776737274099427","potions_obtained":[{"floor":1.0,"key":"Fire Potion"},{"floor":5.0,"key":"infinitespire:BlackPotion"},{"floor":7.0,"key":"ColorlessPotion"},{"floor":10.0,"key":"AttackPotion"},{"floor":18.0,"key":"SteroidPotion"},{"floor":20.0,"key":"BlessingOfTheForge"},{"floor":25,"key":"Strength Potion"},{"floor":29,"key":"LiquidBronze"},{"floor":36,"key":"EssenceOfSteel"},{"floor":37,"key":"FairyPotion"}],"is_trial":false,"path_per_floor":["M","M","$","M","M","R","E","?","T","E","R","M","M","M","R","B",null,"M","AVR","M","M","?","E","M","M","T","R","E","M","?","?","R","B",null,"M","M","?","AVR","M","R","E","R","T","E","$","?","E","?","R","B",null],"character_chosen":"IRONCLAD","items_purchased":["Reaper","Happy Flower","Shuriken","Dual Wield","Flame Barrier"],"campfire_rested":1,"item_purchase_floors":[3,3,45,45,45],"current_hp_per_floor":[55,47,47,48,48,48,45,45,45,24,46,51,55,50,50,42,73,57,57,59,76,86,77,57,61,61,61,41,50,1,1,1,1,1,1,1,1,1,1,1,1,1,1,1,1,1,1,1,1,1],"gold":0,"neow_bonus":"TWO_FIFTY_GOLD","is_daily":false,"chose_seed":false,"campfire_upgraded":7,"win_rate":0.0,"timestamp":1610585163,"path_taken":["M","M","$","M","M","R","E","?","T","E","R","M","M","M","R","BOSS","M","AVR","M","M","?","E","?","M","T","R","E","M","?","?","R","BOSS","M","M","?","AVR","M","R","E","R","T","E","?","?","E","?","R","BOSS"],"items_purchased_type":["Card","Relic","Relic","Card","Card"],"build_version":"2020-12-22","purchased_purges":3,"victory":true,"max_hp_per_floor":[80,80,80,80,80,80,80,74,74,74,74,77,77,80,80,83,83,83,83,83,86,86,86,89,89,89,89,92,95,1,1,1,1,1,1,1,1,1,1,1,1,1,1,1,1,1,1,1,1,1],"card_choices":[{"not_picked":["Twin Strike","Havoc"],"picked":"Whirlwind","floor":1.0},{"not_picked":["Headbutt","Sword Boomerang"],"picked":"Spot Weakness","floor":2.0},{"not_picked":["Clothesline","Thunderclap"],"picked":"Combust","floor":4.0},{"not_picked":["Iron Wave","Anger"],"picked":"Cleave","floor":5.0},{"not_picked":["Armaments","Heavy Blade","Iron Wave"],"picked":"SKIP","floor":7.0},{"not_picked":["Wild Strike","Headbutt"],"picked":"Feed","floor":10.0},{"not_picked":["Anger","Havoc","Dark Embrace"],"picked":"SKIP","floor":12.0},{"not_picked":["Pommel Strike","Havoc"],"picked":"Uppercut","floor":13.0},{"not_picked":["Thunderclap","Rupture","Body Slam"],"picked":"SKIP","floor":14.0},{"not_picked":["Juggernaut","Bludgeon"],"picked":"Brutality","floor":16.0},{"not_picked":["Infernal Blade","Blood for Blood"],"picked":"hubris:ReadiedAction","floor":18.0},{"not_picked":["stsjorbsmod:Pollute","Endless Agony+1"],"picked":"construct:ScrapCannon","floor":20.0},{"not_picked":["stsjorbsmod:Firebolt","Runesmith:MakeshiftArmor","construct:SuppressiveFire"],"picked":"SKIP","floor":21.0},{"not_picked":["Tempest","Go for the Eyes","stsjorbsmod:FocusedRage"],"picked":"SKIP","floor":23},{"not_picked":["Halt","construct:FocusedBeam"],"picked":"stsjorbsmod:DisguiseSelf","floor":24},{"not_picked":["Iron Wave","hermit:CursedWeapon"],"picked":"stsjorbsmod:TinyHut","floor":25},{"not_picked":["Runesmith:ChaoticBlast","construct:ModeShift"],"picked":"Backflip","floor":28},{"not_picked":["hubris:CleavingFinish","Gash"],"picked":"stsjorbsmod:Message","floor":29},{"not_picked":["A Thousand Cuts","Magnetism"],"picked":"stsjorbsmod:SiphonEnergy","floor":33},{"not_picked":["stsjorbsmod:ChainLightning","Runesmith:Overpower","stsjorbsmod:GatheringEvil+1"],"picked":"SKIP","floor":35},{"not_picked":["stsjorbsmod:Panic+1","construct:FocusedBeam"],"picked":"Shrug It Off","floor":36},{"not_picked":["Impatience","Purity","Bandage Up"],"picked":"SKIP","floor":37},{"not_picked":["Headbutt","Shrug It Off"],"picked":"Battle Trance","floor":39},{"not_picked":["Rampage","Iron Wave+1"],"picked":"hubris:StunningStrike","floor":41},{"not_picked":["Dropkick","Warcry"],"picked":"Rupture","floor":44},{"not_picked":["Flex+1","Power Through+1"],"picked":"Battle Trance","floor":47}],"player_experience":305005,"relics_obtained":[{"floor":7.0,"key":"hubris:SphereOfDissonance"},{"floor":9.0,"key":"infinitespire:ShieldingShard"},{"floor":10.0,"key":"hubris:ChampionShield"},{"floor":23,"key":"Lantern"},{"floor":26,"key":"hubris:GlazedTorus"},{"floor":28,"key":"Gambling Chip"},{"floor":37,"key":"Mercury Hourglass"},{"floor":41,"key":"War Paint"},{"floor":43,"key":"infinitespire:Bottled Soul"},{"floor":44,"key":"Eternal Feather"},{"floor":47,"key":"Vajra"}],"event_choices":[{"damage_healed":0.0,"max_hp_gain":0.0,"max_hp_loss":6.0,"gold_gain":0.0,"event_name":"Golden Idol","player_choice":"Lose Max HP","floor":8.0,"gold_loss":0.0,"damage_taken":0.0,"relics_obtained":["Golden Idol"]},{"cards_removed":["Infernal Blade"],"damage_healed":10.0,"max_hp_gain":0.0,"max_hp_loss":0.0,"gold_gain":0.0,"event_name":"Bonfire Elementals","player_choice":"Offered Uncommon","floor":22.0,"gold_loss":0.0,"damage_taken":0.0},{"cards_removed":["Blood for Blood"],"damage_healed":0,"gold_gain":0,"player_choice":"Gave Gold","damage_taken":0,"max_hp_gain":0,"max_hp_loss":0,"event_name":"Beggar","floor":31,"gold_loss":75},{"damage_healed":0,"gold_gain":0,"player_choice":"Chosen: Red","damage_taken":0,"max_hp_gain":0,"max_hp_loss":0,"event_name":"betterThird:BetterPortal","floor":37,"gold_loss":0},{"damage_healed":0,"gold_gain":0,"player_choice":"Paid","damage_taken":0,"relics_obtained":["Red Mask"],"max_hp_gain":0,"max_hp_loss":0,"event_name":"Tomb of Lord Red Mask","floor":48,"gold_loss":299}],"is_beta":false,"boss_relics":[{"not_picked":["Cursed Key","Runic Cube"],"picked":"Pandora\u0027s Box"},{"not_picked":["Tiny House","Runic Dome"],"picked":"Coffee Dripper"}],"items_purged_floors":[3,19,45],"is_endless":false,"potions_floor_spawned":[1,5,7,10,18,20,25,29,36],"ascension_level":11}}