{"host":"ojme7g6xlqwffsso","time":1610613511,"event":{"mods":["BaseMod","Downfall","Minty Spire (QoL Compilation)","Shop Mod","StSLib"],"gold_per_floor":[99,112,112,131,144,162,162,19,19,19,19],"floor_reached":9,"language":"ENG","playtime":327,"items_purged":[],"score":66,"play_id":"25ea5606-647a-4f96-a45e-229d317d54dc","local_time":"20210114173831","is_ascension_mode":true,"campfire_choices":[{"data":"hexamod:Float","floor":1,"key":"SMITH"}],"circlet_count":0,"master_deck":["hexamod:Strike","hexamod:Strike+1","hexamod:Strike+1","hexamod:Strike","hexamod:Defend","hexamod:Defend","hexamod:Defend","hexamod:Defend","hexamod:Sear+1","hexamod:Float+1","Writhe","hexamod:FifthSeal","hexamod:BacktrackSmack","hexamod:SixthSeal","hexamod:GhostflameBarrier","hexamod:WildfireWeapon","hexamod:SuperheatedStrike","hexamod:AdvancingGuard","hexamod:GhostOfSpirePast","hexamod:ThermalTransfer"],"relics":["hexamod:SpiritBrand","Mercury Hourglass"],"acts_visited":["Exordium"],"potions_floor_usage":[],"damage_taken":[{"damage":2,"enemies":"Jaw Worm","floor":2,"turns":4},{"damage":15,"enemies":"Small Slimes","floor":4,"turns":4},{"damage":0,"enemies":"Cultist","floor":5,"turns":3},{"damage":48,"enemies":"Exordium Thugs","floor":6,"turns":6},{"damage":0,"enemies":"downfall:FleeingMerchant","floor":8,"turns":4},{"damage":6,"enemies":"Lagavulin","floor":9,"turns":1}],"seed_played":"-2282947991768857576","potions_obtained":[{"floor":2,"key":"AttackPotion"},{"floor":4,"key":"EssenceOfSteel"},{"floor":6,"key":"Fire Potion"}],"is_trial":false,"path_per_floor":["R","M","?","M","M","M","T","$","E"],"character_chosen":"THE_SPIRIT","items_purchased":["hexamod:GhostOfSpirePast","hexamod:ThermalTransfer"],"campfire_rested":0,"item_purchase_floors":[8,8],"current_hp_per_floor":[70,68,68,53,53,5,5,5,0,0,0],"gold":19,"neow_bonus":"THREE_RARE_CARDS","is_daily":false,"chose_seed":false,"campfire_upgraded":1,"win_rate":0.0,"timestamp":1610613511,"path_taken":["R","M","?","M","M","M","T","$","E"],"items_purchased_type":["Card","Card"],"build_version":"2020-12-22","purchased_purges":0,"victory":false,"max_hp_per_floor":[70,70,70,70,70,70,70,70,70,70,70],"card_choices":[{"not_picked":["hexamod:WildfireWeapon","hexamod:GhostflameInferno"],"picked":"hexamod:FifthSeal","floor":0},{"not_picked":["hexamod:SpectersWail","hexamod:RainOfEmbers"],"picked":"hexamod:BacktrackSmack","floor":2},{"not_picked":["hexamod:ThirdSeal","hexamod:FirstSeal"],"picked":"hexamod:SixthSeal","floor":4},{"not_picked":["hexamod:BacktrackSmack","hexamod:GhostLash"],"picked":"hexamod:GhostflameBarrier","floor":4},{"not_picked":["hexamod:AdvancingGuard","hexamod:Hexaguard"],"picked":"hexamod:WildfireWeapon","floor":5},{"not_picked":["hexamod:RecurringNightmare","hexamod:RadiantFlame"],"picked":"hexamod:SuperheatedStrike","floor":6},{"not_picked":["hexamod:SecondSeal","hexamod:SearingWound"],"picked":"hexamod:AdvancingGuard","floor":8}],"player_experience":846117,"relics_obtained":[{"floor":7,"key":"Mercury Hourglass"}],"event_choices":[],"is_beta":false,"boss_relics":[],"items_purged_floors":[],"is_endless":false,"potions_floor_spawned":[2,4,6],"killed_by":"Lagavulin","ascension_level":5}}