{"host":"cny2hboix4qtzjgl","time":1610638408,"event":{"mods":["AchievementEnabler","BaseMod","Colored Map","Colored Powertips","Highlight Path","Minty Spire (QoL Compilation)","Relic Stats","Shop Mod","StSLib"],"gold_per_floor":[113,133,133,143,63,63,95,114,114,125,125,159,176,27,27,123,123,136,149,165,131,131,131,56,71,141,152,152,152,52,78,78,176,176,194,209,229,239,239,239,264,264,264,283,309,325,343,362,362,362],"floor_reached":51,"language":"ZHS","playtime":2384,"items_purged":["Defend_B","Writhe"],"score":868,"play_id":"cb6435bf-2c7b-4ec8-b4b6-66c69807b164","local_time":"20210114233328","is_ascension_mode":false,"campfire_choices":[{"data":"Machine Learning","floor":6,"key":"SMITH"},{"data":"Buffer","floor":11,"key":"SMITH"},{"data":"Hello World","floor":15,"key":"SMITH"},{"data":"Storm","floor":23,"key":"SMITH"},{"data":"Hologram","floor":29,"key":"SMITH"},{"data":"Echo Form","floor":32,"key":"SMITH"},{"data":"Creative AI","floor":40,"key":"SMITH"},{"floor":42,"key":"REST"},{"data":"Force Field","floor":49,"key":"SMITH"}],"circlet_count":0,"master_deck":["Strike_B","Strike_B","Strike_B","Defend_B","Defend_B","Defend_B","Zap","Dualcast","Machine Learning+1","Self Repair","Force Field+1","Core Surge+1","Hello World+1","Buffer+1","Hologram+1","White Noise","Rip and Tear","BootSequence","Thunder Strike","Ball Lightning","Turbo","Leap+1","Storm+1","Heatsinks+1","Echo Form+1","Creative AI+1","Melter+1","Compile Driver+1"],"relics":["Cracked Core","Centennial Puzzle","Nunchaku","Blue Candle","Lee\u0027s Waffle","Sozu","Mummified Hand","Unceasing Top","Incense Burner","Nuclear Battery","Bottled Tornado","Ice Cream","Whetstone"],"acts_visited":["Exordium","TheCity","TheBeyond"],"potions_floor_usage":[16,37],"damage_taken":[{"damage":1,"enemies":"Cultist","floor":1,"turns":4},{"damage":7,"enemies":"2 Louse","floor":2,"turns":2},{"damage":0,"enemies":"Small Slimes","floor":4,"turns":3},{"damage":18,"enemies":"Lagavulin","floor":7,"turns":5},{"damage":14,"enemies":"3 Louse","floor":8,"turns":2},{"damage":25,"enemies":"Exordium Thugs","floor":10,"turns":4},{"damage":24,"enemies":"3 Sentries","floor":12,"turns":7},{"damage":0,"enemies":"Blue Slaver","floor":13,"turns":3},{"damage":23,"enemies":"The Guardian","floor":16,"turns":10},{"damage":2,"enemies":"Shell Parasite","floor":18,"turns":4},{"damage":0,"enemies":"Spheric Guardian","floor":19,"turns":4},{"damage":10,"enemies":"Cultist and Chosen","floor":20,"turns":5},{"damage":11,"enemies":"Snake Plant","floor":25,"turns":3},{"damage":10,"enemies":"Centurion and Healer","floor":27,"turns":4},{"damage":1,"enemies":"Book of Stabbing","floor":31,"turns":4},{"damage":23,"enemies":"Automaton","floor":33,"turns":7},{"damage":0,"enemies":"3 Darklings","floor":35,"turns":4},{"damage":1,"enemies":"Orb Walker","floor":36,"turns":3},{"damage":6,"enemies":"4 Shapes","floor":37,"turns":4},{"damage":23,"enemies":"3 Darklings","floor":38,"turns":4},{"damage":33,"enemies":"Reptomancer","floor":41,"turns":4},{"damage":3,"enemies":"Transient","floor":44,"turns":5},{"damage":0,"enemies":"Giant Head","floor":45,"turns":5},{"damage":6,"enemies":"Spire Growth","floor":46,"turns":2},{"damage":0,"enemies":"Sphere and 2 Shapes","floor":47,"turns":3},{"damage":1,"enemies":"Writhing Mass","floor":48,"turns":4},{"damage":6,"enemies":"Time Eater","floor":50,"turns":7}],"seed_played":"1426867001883215200","potions_obtained":[{"floor":10,"key":"DuplicationPotion"},{"floor":12,"key":"Energy Potion"},{"floor":13,"key":"GamblersBrew"},{"floor":16,"key":"Weak Potion"}],"is_trial":false,"path_per_floor":["M","M","?","M","$","R","E","M","T","M","R","E","M","$","R","B",null,"M","M","M","$","?","R","$","M","T","M","?","R","$","E","R","B",null,"M","M","M","M","?","R","E","R","T","M","E","M","M","M","R","B",null],"character_chosen":"DEFECT","items_purchased":["Buffer","Lee\u0027s Waffle","Storm"],"campfire_rested":1,"item_purchase_floors":[5,14,21],"current_hp_per_floor":[74,74,74,75,75,75,64,50,50,39,39,22,29,82,82,66,82,82,82,79,79,79,79,79,68,68,65,65,65,65,71,71,55,82,82,81,82,66,66,66,40,64,64,68,75,76,76,82,82,82],"gold":362,"neow_bonus":"ONE_RANDOM_RARE_CARD","is_daily":false,"chose_seed":false,"campfire_upgraded":8,"win_rate":0.0,"timestamp":1610638408,"path_taken":["M","M","?","M","$","R","E","M","T","?","R","E","M","$","R","BOSS","M","M","M","$","?","R","$","M","T","M","?","R","$","E","R","BOSS","M","M","M","M","?","R","E","R","T","?","E","M","M","M","R","BOSS"],"items_purchased_type":["Card","Relic","Card"],"build_version":"2020-12-22","purchased_purges":2,"victory":true,"max_hp_per_floor":[75,75,75,75,75,75,75,75,75,75,75,75,75,82,82,82,82,82,82,82,82,82,82,82,82,82,82,82,82,82,82,82,82,82,82,82,82,82,82,82,82,82,82,82,82,82,82,82,82,82],"relic_stats":{"Sozu":8,"Centennial Puzzle":[54],"Nunchaku":[21],"Lee\u0027s Waffle":53,"counters":[27,116],"Mummified Hand":[141],"Blue Candle":[0],"Whetstone":["Compile Driver","Core Surge"],"obtain_stats":[{"Ice Cream":43,"Lee\u0027s Waffle":14,"Blue Candle":12,"Incense Burner":31,"Whetstone":45,"Bottled Tornado":41,"Nuclear Battery":34,"Sozu":17,"Centennial Puzzle":7,"Nunchaku":9,"Mummified Hand":26,"Cracked Core":0,"Unceasing Top":28},{"Ice Cream":21,"Lee\u0027s Waffle":8,"Blue Candle":7,"Incense Burner":15,"Whetstone":23,"Bottled Tornado":21,"Nuclear Battery":16,"Sozu":9,"Centennial Puzzle":4,"Nunchaku":5,"Mummified Hand":13,"Cracked Core":0,"Unceasing Top":14},{"Ice Cream":90,"Lee\u0027s Waffle":30,"Blue Candle":27,"Incense Burner":64,"Whetstone":100,"Bottled Tornado":90,"Nuclear Battery":71,"Sozu":40,"Centennial Puzzle":14,"Nunchaku":16,"Mummified Hand":56,"Cracked Core":0,"Unceasing Top":60}],"Unceasing Top":[23]},"card_choices":[{"not_picked":["Turbo","Barrage"],"picked":"Self Repair","floor":1},{"not_picked":["Cold Snap","Barrage"],"picked":"Force Field","floor":2},{"not_picked":["Melter","Turbo"],"picked":"Hello World","floor":4},{"not_picked":["Gash","Cold Snap"],"picked":"Hologram","floor":7},{"not_picked":["Cold Snap","Ball Lightning"],"picked":"White Noise","floor":8},{"not_picked":["Hologram","Lockon"],"picked":"Rip and Tear","floor":10},{"not_picked":["Heatsinks","Stack"],"picked":"Beam Cell","floor":12},{"not_picked":["Blizzard","Multi-Cast"],"picked":"BootSequence","floor":13},{"not_picked":["Reboot","Core Surge"],"picked":"Thunder Strike","floor":16},{"not_picked":["Beam Cell+1","Self Repair"],"picked":"Ball Lightning","floor":18},{"not_picked":["Rebound+1","Gash"],"picked":"Turbo","floor":19},{"not_picked":["Reboot","Steam Power+1"],"picked":"Leap+1","floor":20},{"not_picked":["Compile Driver","Streamline","Rebound"],"picked":"SKIP","floor":25},{"not_picked":["Scrape+1","Auto Shields"],"picked":"Heatsinks+1","floor":27},{"not_picked":["Undo+1","Gash+1"],"picked":"Echo Form","floor":31},{"not_picked":["Electrodynamics","Buffer"],"picked":"Creative AI","floor":33},{"not_picked":["Glacier+1","Ball Lightning+1","Compile Driver+1"],"picked":"SKIP","floor":35},{"not_picked":["Reinforced Body+1","Barrage"],"picked":"Melter+1","floor":36},{"not_picked":["Go for the Eyes+1","Gash","Conserve Battery"],"picked":"SKIP","floor":37},{"not_picked":["Go for the Eyes+1","Rebound+1","Barrage"],"picked":"SKIP","floor":38},{"not_picked":["Barrage+1","Cold Snap+1","Go for the Eyes"],"picked":"SKIP","floor":41},{"not_picked":["Reprogram","Reinforced Body","Coolheaded+1"],"picked":"SKIP","floor":44},{"not_picked":["Leap","Amplify","Stack"],"picked":"SKIP","floor":45},{"not_picked":["Tempest+1","Beam Cell+1","Leap"],"picked":"SKIP","floor":46},{"not_picked":["Barrage","Conserve Battery+1","Redo+1"],"picked":"SKIP","floor":47},{"not_picked":["Genetic Algorithm+1","Barrage","Go for the Eyes+1"],"picked":"SKIP","floor":48}],"player_experience":90522,"relics_obtained":[{"floor":7,"key":"Centennial Puzzle"},{"floor":9,"key":"Nunchaku"},{"floor":12,"key":"Blue Candle"},{"floor":26,"key":"Mummified Hand"},{"floor":31,"key":"Incense Burner"},{"floor":41,"key":"Bottled Tornado"},{"floor":43,"key":"Ice Cream"},{"floor":45,"key":"Whetstone"}],"event_choices":[{"damage_healed":0,"gold_gain":0,"cards_transformed":["Strike_B"],"player_choice":"Transformed","damage_taken":0,"max_hp_gain":0,"max_hp_loss":0,"event_name":"Transmorgrifier","floor":3,"gold_loss":0,"cards_obtained":["Core Surge"]},{"damage_healed":0,"gold_gain":0,"player_choice":"Ignored","damage_taken":0,"max_hp_gain":0,"max_hp_loss":0,"event_name":"Vampires","floor":22,"gold_loss":0},{"damage_healed":0,"gold_gain":0,"player_choice":"Opened","damage_taken":0,"relics_obtained":["Unceasing Top"],"max_hp_gain":0,"max_hp_loss":0,"event_name":"The Mausoleum","floor":28,"gold_loss":0,"cards_obtained":["Writhe"]},{"damage_healed":0,"gold_gain":0,"cards_transformed":["Beam Cell"],"player_choice":"Transformed","damage_taken":0,"max_hp_gain":0,"max_hp_loss":0,"event_name":"Transmorgrifier","floor":39,"gold_loss":0,"cards_obtained":["Compile Driver"]}],"is_beta":false,"boss_relics":[{"not_picked":["SacredBark","Snecko Eye"],"picked":"Sozu"},{"not_picked":["Fusion Hammer","Empty Cage"],"picked":"Nuclear Battery"}],"items_purged_floors":[24,30],"is_endless":false,"potions_floor_spawned":[10,12,13,16,19,27,31,33,37,41,46,48],"ascension_level":0}}