{"host":"44szraw8fc5x6fuf","time":1610591142,"event":{"mods":["100% Spire Juice","2.2 Compatiblity","Act Like it!","Arknights The Spire","Aspiration","BaseMod","Better Altar","Better Match","Better Note","Better Sensory Stone","Better Skull","Better Third Choice","CapriCore","Chen","Colored Map","Conspire","Gensokyo","Hermit","Highlight Path","Koishi","KomeijiMod","Lobotomy","LobotomyExtend","MarisaÅiñ∂âJÅ@ñÇóùçπÅj","Minty Spire (QoL Compilation)","Onozuka Komachi Mod","Pale of the Ancients","Permanent Neow","Rare Cards Sparkle","ReimuÅiîé??öÎÅj","Replay The Spire","Spicy Shops","StSLib","The Administrix","The Factory","The Immortal","TheFirefly","Yakumo Yukari mod","Yuyuko","Åy?ï®?îvÅzREMEMod"],"gold_per_floor":[116,132,145,75,1,1,21,80,80,80,18,18,37,70,70,374,374,393,403,31,48,48,48,83,8,33,45,75,75,100,113,113,214,214,229,242,242,267,284,312,312,66,66,78,96,124,124,144,144,144,144,144,144,92,127,127],"floor_reached":57,"language":"ENG","playtime":3700,"items_purged":[],"score":1317,"play_id":"664ce0d3-bb70-4389-ae2e-53a66d604997","local_time":"20210113212542","is_ascension_mode":true,"campfire_choices":[{"data":"ats:Neurotoxin","floor":10,"key":"SMITH"},{"floor":12,"key":"REST"},{"data":"ats:Nebulous Foxfire","floor":15,"key":"SMITH"},{"data":"ats:Emotion Absorption","floor":23,"key":"SMITH"},{"data":"ats:Soul Absorption","floor":29,"key":"SMITH"},{"data":"ats:Neurotoxin","floor":32,"key":"SMITH"},{"data":"ats:Shadow Assault","floor":41,"key":"SMITH"},{"data":"ats:Encircling Forest","floor":47,"key":"SMITH"},{"floor":49,"key":"RECALL"},{"data":"ats:Song Of Battle","floor":53,"key":"SMITH"}],"circlet_count":0,"master_deck":["ats:Strike C","ats:Strike G","ats:Strike S","ats:Strike V","ats:Armor Crushing Shot","ats:Defend","ats:Defend+1","ats:Defend","ats:Defend","ats:Emotion Absorption+1","ats:Apocalypse","ats:Poison Spread","ats:Curse Doll+1","Pot Of Greed+1","Pot Of Greed+1","ats:Neurotoxin+1","ats:Defend Order+1","ats:Overload","ats:Nebulous Foxfire+1","ats:Wolf Pack","ats:Magnetic Hammer+1","ats:Powerful Strike","Gensokyo:ManorOfTheDishes","ats:Shadow Raid","Pot Of Greed+1","ats:Consecutive Shot Auto","Specialist+1","ats:Rat Pack+1","ats:Soul Absorption+1","ats:Encircling Forest+1","ats:Neurotoxin+1","ats:Shadow Assault+1","ats:Shell Defense+1","ats:Shell Defense+1","ats:Song Of Battle+1","ats:Soul Absorption+1","ats:Wolf Pack","Pot Of Greed+1","ats:Wolf Pack"],"relics":["ats:Sanity","REME_ComplimentaryCards","Thread and Needle","LetterFromLob","Grinning Jar","Gensokyo:CelestialsFlawlessClothing","Singing Bowl","ReplayTheSpireMod:Lightbulb","ats:Originium","Boot","Philosopher\u0027s Stone","conspire:TreasureMap","Ancient Tea Set","Quantum Egg","Gremlin Food","conspire:SlowCooker","Lantern","Bronze Scales","Ornamental Fan","Regal Pillow","Iron Hammer","Replay:Bottled Eggs"],"acts_visited":["Gensokyo:Gensokyo","Gensokyo:Gensokyoer","TheBeyond","TheEnding"],"potions_floor_usage":[28,33,33,48,56,56],"damage_taken":[{"damage":6,"enemies":"Gensokyo:Gryphon","floor":1,"turns":4},{"damage":0,"enemies":"Gensokyo:Python","floor":2,"turns":4},{"damage":0,"enemies":"Gensokyo:3_Fairies","floor":3,"turns":5},{"damage":4,"enemies":"Gensokyo:CorruptedTreant","floor":7,"turns":4},{"damage":0,"enemies":"Gensokyo:VengefulSpirit","floor":13,"turns":5},{"damage":11,"enemies":"Gensokyo:Aya","floor":14,"turns":5},{"damage":40,"enemies":"Gensokyo:Yukari","floor":16,"turns":11},{"damage":15,"enemies":"Gensokyo:Chomper","floor":18,"turns":4},{"damage":10,"enemies":"Gensokyo:CosmicMonolith","floor":19,"turns":3},{"damage":23,"enemies":"Gensokyo:Chomper_and_Gloop","floor":21,"turns":6},{"damage":1,"enemies":"Gensokyo:Reisen","floor":24,"turns":7},{"damage":12,"enemies":"Gensokyo:Slime_Group","floor":27,"turns":6},{"damage":1,"enemies":"Gensokyo:Koishi","floor":28,"turns":7},{"damage":0,"enemies":"Gensokyo:Tenshi","floor":30,"turns":7},{"damage":10,"enemies":"Gensokyo:3_Gloops","floor":31,"turns":6},{"damage":26,"enemies":"Gensokyo:Eiki","floor":33,"turns":9},{"damage":5,"enemies":"3 Shapes","floor":35,"turns":5},{"damage":30,"enemies":"3 Darklings","floor":36,"turns":7},{"damage":7,"enemies":"Transient","floor":39,"turns":5},{"damage":4,"enemies":"Nemesis","floor":40,"turns":8},{"damage":24,"enemies":"Sphere and 2 Shapes","floor":44,"turns":6},{"damage":0,"enemies":"Jaw Worm Horde","floor":45,"turns":4},{"damage":10,"enemies":"Giant Head","floor":46,"turns":9},{"damage":3,"enemies":"3 Darklings","floor":48,"turns":3},{"damage":70,"enemies":"Awakened One","floor":50,"turns":14},{"damage":7,"enemies":"Shield and Spear","floor":55,"turns":7},{"damage":82,"enemies":"The Heart","floor":56,"turns":11}],"seed_played":"-339801018373639663","potions_obtained":[{"floor":7,"key":"SpeedPotion"},{"floor":8,"key":"Energy Potion"},{"floor":14,"key":"ColorlessPotion"},{"floor":27,"key":"DuplicationPotion"},{"floor":30,"key":"SpeedPotion"},{"floor":40,"key":"SpeedPotion"},{"floor":45,"key":"Block Potion"},{"floor":46,"key":"MagicPotion:ReiMu"}],"is_trial":false,"path_per_floor":["M","M","M","?","$","?","M","?","T","R","COS","R","M","E","R","B",null,"M","M","COS","M","?","R","E","?","T","M","E","R","E","M","R","B",null,"M","M","?","T","M","E","R","$","T","M","M","E","R","M","R","B",null,null,"R","$","E","B",null],"character_chosen":"DOCTOR_CLASS","items_purchased":["Grinning Jar","Ornamental Fan","AttackPotion"],"campfire_rested":1,"item_purchase_floors":[5,42,54],"current_hp_per_floor":[45,49,53,53,53,35,35,37,37,37,37,59,63,56,56,34,74,64,57,57,34,41,41,50,50,50,45,53,53,60,56,56,40,76,74,50,50,50,52,57,57,57,57,50,54,57,57,61,61,12,12,82,82,82,78,11],"gold":127,"neow_bonus":"ONE_RARE_RELIC","is_daily":false,"chose_seed":false,"campfire_upgraded":8,"win_rate":0.0,"timestamp":1610591142,"path_taken":["M","M","?","?","$","?","M","?","T","R","COS","R","?","E","R","BOSS","M","M","COS","M","?","R","E","?","T","?","E","R","E","M","R","BOSS","M","M","?","?","M","E","R","$","T","M","M","E","R","?","R","BOSS","R","$","E","BOSS"],"items_purchased_type":["Relic","Relic","Potion"],"build_version":"2020-12-22","purchased_purges":0,"victory":true,"max_hp_per_floor":[72,72,72,72,72,72,72,74,74,74,74,74,74,74,74,74,74,74,74,74,74,74,74,74,74,74,74,76,76,76,76,76,76,76,76,76,76,76,78,78,78,78,78,80,80,80,80,82,82,82,82,82,82,82,82,82],"card_choices":[{"not_picked":["ats:Shell Defense","ats:Song Of Battle"],"picked":"ats:Apocalypse","floor":1},{"not_picked":["ats:Revitalization","ats:Leaping Hammer"],"picked":"ats:Poison Spread","floor":2},{"not_picked":["ats:Assault Order","ats:Thorns"],"picked":"ats:Curse Doll","floor":3},{"not_picked":["ats:Childhood Dance","ats:Song Of Battle"],"picked":"ats:Neurotoxin","floor":7},{"not_picked":["ats:Ignite","ats:Part Time Job","ats:Thorns"],"picked":"Singing Bowl","floor":8},{"not_picked":["ats:Beaten Up+1","ats:Thermite Blade+1"],"picked":"ats:Defend Order+1","floor":13},{"not_picked":["ats:Leaping Hammer","ats:Shell Defense"],"picked":"ats:Overload","floor":13},{"not_picked":["ats:Revitalization","ats:Childhood Dance"],"picked":"ats:Nebulous Foxfire","floor":14},{"not_picked":["ats:Durian","ats:Calcification"],"picked":"ats:Wolf Pack","floor":16},{"not_picked":["ats:Steam Pump","ats:Ignite"],"picked":"ats:Magnetic Hammer+1","floor":18},{"not_picked":["ats:Flame Of Heaven","ats:Encircling Forest+1"],"picked":"ats:Powerful Strike","floor":19},{"not_picked":["ats:Cat Scratch","ats:Childhood Dance"],"picked":"ats:Shadow Raid","floor":21},{"not_picked":["ats:Collapsing Strike","ats:Hook Shot+1"],"picked":"ats:Consecutive Shot Auto","floor":24},{"not_picked":["ReplayTheSpireMod:Trickstab+1","REME_TheoryOfElimination+1"],"picked":"Specialist+1","floor":25},{"not_picked":["ats:Wolf Pack+1","ats:Echo Reverb+1"],"picked":"ats:Rat Pack+1","floor":25},{"not_picked":["ats:Chain Hook","ats:Neurotoxin"],"picked":"ats:Soul Absorption","floor":27},{"not_picked":["ats:Calcification","ats:Thorns","ats:Curse Doll"],"picked":"Singing Bowl","floor":28},{"not_picked":["ats:Beaten Up","ats:Song Of Battle"],"picked":"ats:Encircling Forest","floor":30},{"not_picked":["ats:Apocalypse","ats:Explosion Area Strengthen"],"picked":"ats:Neurotoxin","floor":31},{"not_picked":["ats:Roar Of Ursus","ats:Rat Pack"],"picked":"ats:Shadow Assault","floor":33},{"not_picked":["ats:Encircling Forest","ats:Childhood Dance"],"picked":"ats:Shell Defense+1","floor":35},{"not_picked":["ats:Red Shift+1","ats:Mental Burst+1"],"picked":"ats:Shell Defense+1","floor":36},{"not_picked":["ats:Leaping Hammer+1","ats:Hammer On+1","ats:Thermite Blade+1"],"picked":"Singing Bowl","floor":39},{"not_picked":["ats:Ignite+1","ats:Cat Scratch"],"picked":"ats:Song Of Battle","floor":40},{"not_picked":["ats:Apocalypse","ats:Burning Ground","ats:Leaping Hammer"],"picked":"Singing Bowl","floor":44},{"not_picked":["ats:Curse Doll","ats:Healing Strengthening+1"],"picked":"ats:Soul Absorption+1","floor":45},{"not_picked":["ats:Mental Burst+1","ats:Cat Scratch+1"],"picked":"ats:Wolf Pack","floor":46},{"not_picked":["ats:Defend Order","ats:Shell Defense","ats:Collapsing Strike"],"picked":"Singing Bowl","floor":48},{"not_picked":["ats:Childhood Dance","ats:Apocalypse+1"],"picked":"ats:Wolf Pack","floor":55}],"player_experience":216823,"relics_obtained":[{"floor":1,"key":"LetterFromLob"},{"floor":8,"key":"Singing Bowl"},{"floor":9,"key":"ReplayTheSpireMod:Lightbulb"},{"floor":14,"key":"ats:Originium"},{"floor":14,"key":"Boot"},{"floor":24,"key":"ats:Originium"},{"floor":24,"key":"Ancient Tea Set"},{"floor":28,"key":"ats:Originium"},{"floor":28,"key":"Quantum Egg"},{"floor":30,"key":"Gremlin Food"},{"floor":38,"key":"Lantern"},{"floor":40,"key":"Bronze Scales"},{"floor":43,"key":"Regal Pillow"},{"floor":46,"key":"Iron Hammer"},{"floor":55,"key":"Replay:Bottled Eggs"}],"event_choices":[{"damage_healed":0,"gold_gain":0,"player_choice":"2","damage_taken":0,"max_hp_gain":0,"max_hp_loss":0,"event_name":"betterMatch:BetterMatch","floor":25,"gold_loss":0,"cards_obtained":["betterMatch:ColorlessUncommonCard","betterMatch:RareCard"]}],"is_beta":false,"boss_relics":[{"not_picked":["ats:Tactical Delivery","Replay:Ancient Bell"],"picked":"Philosopher\u0027s Stone"},{"not_picked":["aspiration:PoetsPen","Empty Cage"],"picked":"conspire:SlowCooker"}],"items_purged_floors":[],"is_endless":false,"potions_floor_spawned":[7,14,16,21,27,30,31,40,45,46,55],"ascension_level":1}}