{"host":"uiaocagxbjlinul0","time":1610611931,"event":{"mods":["100% Spire Juice","Act Like it!","BaseMod","Better Match","Block Reminder","CapriCore","ChefMod","Downfall","GifTheSpireLib","Hallownest","Hermit","Minty Spire (QoL Compilation)","Quick Restart","StSLib","Stuff the Spire","The Animator","The Bug Knight","The Marked","The Runesmith","The Spell Scribe","TheSwordswoman","Wandering Minibosses"],"gold_per_floor":[0,18,18,18,18,18,44,44,63,83,113,123,140,140,160,257,257,182,200,218,238,173,98,122,122,132,132,161,181,181,201,212,310,310,310,322,35,55,40,40,40,74,74,93,113,123,123,123,141,141],"floor_reached":51,"language":"ENG","playtime":4037,"items_purged":["Guardian:Strike_Guardian","Guardian:Strike_Guardian+1"],"score":653,"play_id":"161b40e2-f56c-4e4e-b423-905c9dd680dc","local_time":"20210114001211","is_ascension_mode":false,"campfire_choices":[{"data":"Guardian:TwinSlam","floor":1,"key":"SMITH"},{"data":"Guardian:CurlUp","floor":6,"key":"SMITH"},{"data":"Guardian:TemporalStrike","floor":8,"key":"SMITH"},{"floor":18,"key":"RECALL"},{"data":"Guardian:SpikerProtocol","floor":23,"key":"SMITH"},{"data":"Guardian:ShieldSpikes","floor":30,"key":"SMITH"},{"data":"Guardian:RevengeProtocol","floor":35,"key":"SMITH"},{"data":"expansioncontent:DashGenerateEvil","floor":43,"key":"SMITH"}],"circlet_count":0,"master_deck":["Guardian:Strike_Guardian+1","Guardian:Defend_Guardian+1","Guardian:Defend_Guardian+1","Guardian:Defend_Guardian+1","Guardian:CurlUp+1","Guardian:TwinSlam+1","Guardian:TemporalStrike+1","Guardian:Planning","Guardian:Recover","Guardian:SpikerProtocol+1","Guardian:ChargeUp","Guardian:ChargeCore+1","Guardian:RevengeProtocol+1","Guardian:PrismaticBarrier+1","Guardian:TemporalStrike","Guardian:ArmoredProtocol+1","Guardian:GuardianWhirl+1","Guardian:ShieldSpikes+1","Guardian:DonusPower+1","Guardian:RollAttack","Guardian:StasisStrike","Guardian:TimeBomb+1","Guardian:TimeCapacitor","expansioncontent:DashGenerateEvil+1","Guardian:BronzeOrb+1","Guardian:ChargeCore+1","Guardian:BronzeOrb+1","Guardian:TemporalShield+1","StuffTheSpire:Perfection","Guardian:CrystalBeam+1"],"relics":["Guardian:ModeShifter","Guardian:PickAxe","StuffTheSpire:Wildfire","SacredBark","downfall:HeartBlessingGreen","wanderingMiniBosses:CarrionFlame","downfall:HeartBlessingRed","Blood Vial","Gremlin Horn","Velvet Choker","Molten Egg 2","FossilizedHelix"],"acts_visited":["Exordium","TheCity","TheBeyond"],"potions_floor_usage":[20,20,33,33,50],"damage_taken":[{"damage":9,"enemies":"Cultist","floor":2,"turns":4},{"damage":9,"enemies":"Cultist","floor":5,"turns":6},{"damage":1,"enemies":"2 Louse","floor":9,"turns":2},{"damage":5,"enemies":"Small Slimes","floor":10,"turns":5},{"damage":19,"enemies":"Lagavulin","floor":11,"turns":8},{"damage":4,"enemies":"3 Louse","floor":12,"turns":6},{"damage":0,"enemies":"Exordium Thugs","floor":13,"turns":3},{"damage":2,"enemies":"Red Slaver","floor":15,"turns":3},{"damage":17,"enemies":"downfall:Silent","floor":16,"turns":6},{"damage":10,"enemies":"Shell Parasite","floor":19,"turns":4},{"damage":3,"enemies":"Shelled Parasite and Fungi","floor":20,"turns":5},{"damage":13,"enemies":"Chosen and Byrds","floor":21,"turns":6},{"damage":0,"enemies":"downfall:FleeingMerchant","floor":22,"turns":4},{"damage":4,"enemies":"Cultist and Chosen","floor":26,"turns":6},{"damage":3,"enemies":"HollowMod:Nosk","floor":28,"turns":7},{"damage":0,"enemies":"Snake Plant","floor":29,"turns":4},{"damage":0,"enemies":"Centurion and Healer","floor":31,"turns":4},{"damage":2,"enemies":"Shelled Parasite and Fungi","floor":32,"turns":4},{"damage":9,"enemies":"downfall:Ironclad","floor":33,"turns":7},{"damage":5,"enemies":"Orb Walker","floor":36,"turns":4},{"damage":0,"enemies":"downfall:FleeingMerchant","floor":37,"turns":4},{"damage":5,"enemies":"3 Shapes","floor":38,"turns":3},{"damage":0,"enemies":"downfall:FleeingMerchant","floor":39,"turns":4},{"damage":30,"enemies":"Nemesis","floor":42,"turns":7},{"damage":0,"enemies":"Maw","floor":44,"turns":6},{"damage":0,"enemies":"Sphere and 2 Shapes","floor":45,"turns":3},{"damage":0,"enemies":"4 Shapes","floor":46,"turns":2},{"damage":8,"enemies":"3 Darklings","floor":49,"turns":3},{"damage":9,"enemies":"downfall:Defect","floor":50,"turns":8}],"seed_played":"-1921462065928593009","potions_obtained":[{"floor":15,"key":"Explosive Potion"},{"floor":16,"key":"Block Potion"},{"floor":26,"key":"FearPotion"},{"floor":28,"key":"Block Potion"},{"floor":32,"key":"FairyPotion"},{"floor":33,"key":"SmokeBomb"},{"floor":36,"key":"Ancient Potion"},{"floor":44,"key":"Dexterity Potion"},{"floor":49,"key":"LiquidBronze"}],"is_trial":false,"path_per_floor":["R","M","?","?","?","R","T","R","M","M","E","M","M","?","M","B",null,"R","M","M","M","$","R","T","?","M","?","E","M","R","M","M","B",null,"R","M","$","M","$","?","T","E","R","M","M","M","?","?","M","B",null],"character_chosen":"GUARDIAN","items_purchased":["Guardian:TimeCapacitor","expansioncontent:DashGenerateEvil"],"campfire_rested":0,"item_purchase_floors":[37,37],"current_hp_per_floor":[80,71,71,71,62,62,62,62,61,56,37,33,33,33,31,14,80,80,70,67,54,54,54,54,54,52,52,51,53,53,55,55,48,80,80,75,77,74,76,76,76,48,48,50,52,54,54,54,48,41],"gold":141,"neow_bonus":"THREE_RARE_CARDS","is_daily":false,"chose_seed":false,"campfire_upgraded":7,"win_rate":0.0,"timestamp":1610611931,"path_taken":["R","M","?","?","?","R","T","R","M","M","E","M","M","?","M","BOSS","R","M","M","?","$","R","T","?","M","?","E","M","R","M","M","BOSS","R","M","$","M","$","?","T","E","R","?","M","M","?","?","M","BOSS"],"items_purchased_type":["Card","Card"],"build_version":"2020-12-22","purchased_purges":2,"victory":true,"max_hp_per_floor":[80,80,80,80,80,80,80,80,80,80,80,80,80,80,80,80,80,80,80,80,80,80,80,80,80,80,80,80,80,80,80,80,80,80,80,80,80,80,80,80,80,80,80,80,80,80,80,80,80,80],"card_choices":[{"not_picked":["Guardian:StasisStrike","Guardian:ConstructionForm"],"picked":"Guardian:Gem_Synthetic","floor":0},{"not_picked":["Guardian:Gem_Green","Guardian:WalkerClaw"],"picked":"Guardian:TemporalStrike","floor":2},{"not_picked":["Guardian:Gem_Blue","Guardian:WalkerClaw"],"picked":"Guardian:Planning","floor":9},{"not_picked":["Guardian:VentSteam","Guardian:Gem_White"],"picked":"Guardian:Recover","floor":10},{"not_picked":["Guardian:Recover","Guardian:PrismaticBeam"],"picked":"Guardian:SpikerProtocol","floor":11},{"not_picked":["Guardian:RefractedBeam","Guardian:Gem_Cyan"],"picked":"Guardian:Gem_Crimson","floor":12},{"not_picked":["Guardian:TemporalShield","Guardian:Gem_Fragmented"],"picked":"Guardian:ChargeUp","floor":13},{"not_picked":["Guardian:Incinerate","Guardian:BaubleBeam"],"picked":"Guardian:ChargeCore","floor":15},{"not_picked":["Guardian:StasisField","Guardian:ExploitGems"],"picked":"Guardian:RevengeProtocol","floor":16},{"not_picked":["Guardian:Gem_Purple","Guardian:Recover+1"],"picked":"Guardian:PrismaticBarrier+1","floor":19},{"not_picked":["Guardian:WalkerClaw","Guardian:TemporalShield+1"],"picked":"Guardian:TemporalStrike","floor":20},{"not_picked":["Guardian:TemporalStrike","Guardian:Gem_Lightblue"],"picked":"Guardian:ArmoredProtocol+1","floor":21},{"not_picked":["Guardian:AncientConstruct","Guardian:Gem_Green"],"picked":"Guardian:Gem_Lightblue","floor":22},{"not_picked":["Guardian:Incinerate","Guardian:PrismaticBarrier"],"picked":"Guardian:GuardianWhirl","floor":26},{"not_picked":["Guardian:Clone","Guardian:PolyBeam+1"],"picked":"Guardian:Gem_Blue","floor":28},{"not_picked":["Guardian:Gem_Lightblue","Guardian:Recover"],"picked":"Guardian:ShieldSpikes","floor":29},{"not_picked":["Guardian:WalkerClaw","Guardian:Planning"],"picked":"Guardian:DonusPower+1","floor":31},{"not_picked":["Guardian:PiercingHide","Guardian:TemporalStrike"],"picked":"Guardian:RollAttack","floor":32},{"not_picked":["Guardian:AncientConstruct","Guardian:SphericShield"],"picked":"Guardian:StasisStrike","floor":33},{"not_picked":["Guardian:PrimingBeam+1","Guardian:RefractedBeam"],"picked":"Guardian:TimeBomb+1","floor":36},{"not_picked":["Guardian:Incinerate","Guardian:TimeBomb"],"picked":"Guardian:Gem_Cyan","floor":37},{"not_picked":["Guardian:Gem_Red","Guardian:TimeBomb"],"picked":"Guardian:BronzeOrb+1","floor":38},{"not_picked":["Guardian:Suspension","Guardian:MultiBeam"],"picked":"Guardian:ChargeCore+1","floor":39},{"not_picked":["Guardian:Gem_Green","Guardian:Gem_Cyan"],"picked":"Guardian:Gem_Purple","floor":42},{"not_picked":["Guardian:TimeBomb","Guardian:Clone+1"],"picked":"Guardian:BronzeOrb+1","floor":44},{"not_picked":["Guardian:ChargeCore+1","Guardian:PrimingBeam+1"],"picked":"Guardian:TemporalShield","floor":45},{"not_picked":["Guardian:WalkerClaw+1","Guardian:ChargeUp","Guardian:Gem_Orange"],"picked":"SKIP","floor":46},{"not_picked":["StuffTheSpire:Innocence","StuffTheSpire:CelestialWarden"],"picked":"StuffTheSpire:Perfection","floor":47},{"not_picked":["Guardian:Gem_White","Guardian:TemporalShield+1"],"picked":"Guardian:CrystalBeam+1","floor":49}],"player_experience":155836,"relics_obtained":[{"floor":7,"key":"Smiling Mask"},{"floor":11,"key":"StuffTheSpire:Wildfire"},{"floor":21,"key":"wanderingMiniBosses:CarrionFlame"},{"floor":24,"key":"Blood Vial"},{"floor":28,"key":"Gremlin Horn"},{"floor":41,"key":"Molten Egg 2"},{"floor":42,"key":"FossilizedHelix"}],"event_choices":[{"cards_removed":["Guardian:Strike_Guardian"],"damage_healed":0,"gold_gain":0,"player_choice":"Card Removal","damage_taken":0,"max_hp_gain":0,"max_hp_loss":0,"event_name":"The Cleric","floor":3,"gold_loss":0},{"damage_healed":0,"gold_gain":0,"player_choice":"Ignored","damage_taken":0,"max_hp_gain":0,"max_hp_loss":0,"event_name":"Vampires","floor":25,"gold_loss":0},{"damage_healed":0,"gold_gain":0,"player_choice":"Simplicity","damage_taken":0,"max_hp_gain":0,"max_hp_loss":0,"event_name":"Back to Basics","floor":27,"gold_loss":0,"cards_upgraded":["Guardian:Strike_Guardian","Guardian:Strike_Guardian","Guardian:Defend_Guardian","Guardian:Defend_Guardian","Guardian:Defend_Guardian"]}],"is_beta":false,"boss_relics":[{"not_picked":["StuffTheSpire:Kangaroo","Runesmith:UraniumAnvil"],"picked":"SacredBark"},{"not_picked":["Calling Bell","Guardian:ModeShifterPlus"],"picked":"Velvet Choker"}],"items_purged_floors":[22,37],"is_endless":false,"potions_floor_spawned":[5,15,16,26,28,32,33,36,38,44,45,49],"ascension_level":0}}