{"host":"3w007pgvkin6up9o","time":1610586295,"event":{"mods":["100% Spire Juice","AchievementEnabler","Act Like it!","Arknights The Spire","BaseMod","Bestiary","Better Altar","Better Match","Better Note","Better Sensory Stone","Better Skull","Better Third Choice","ChefMod","Colored Map","Conspire","Evolution","Gensokyo","Hallownest","Hermit","HololiveMod","Hubris","Infinite Spire","Marisa????????","Minty Spire (QoL Compilation)","Pale of the Ancients","Poem Panic","Poor People Problems","Railgun Mod","Random Character Button","Rare Cards Sparkle","Reimu??????","Remilia??????","Replay The Spire","Shade Mod","Spicy Shops","StSLib","SuperFastMode","The Alterego","The Animator","The Bug Knight","The Construct","The Cursed","The Gatherer","The Mystic","The Senshi","The Servant 0.9.4","The Wild Card","Trackpad","Waifu the Spire","WarShipGirlsR/????R mod","??????REMEMod"],"gold_per_floor":[130,146,55,15,15,15,31,31,31,45,71,103,35,57,57,162,162,198,198,212,225,225,225,255,255,255,272,272,272],"floor_reached":28,"language":"ENG","playtime":1769,"items_purged":[],"score":240,"play_id":"ffbb138d-5a53-4cf1-98a5-dea9b57b49a3","local_time":"20210113200455","is_ascension_mode":false,"campfire_choices":[{"data":"animator:Aqua","floor":6,"key":"SMITH"},{"data":"animator:YunYun","floor":8,"key":"SMITH"},{"data":"animator:Hans","floor":15,"key":"SMITH"},{"data":"animator:Wiz","floor":23,"key":"SMITH"}],"circlet_count":0,"master_deck":["animator:Genos","animator:ShinjiMatou","animator:Genos","animator:Genos","animator:Kazuma","animator:Aqua+1","animator:KyokoSakura","Gensokyo:MorningMist","animator:YunYun+1","animator:YunYun","animator:Defend_FullmetalAlchemist+1","animator:Defend_TenSura","animator:Defend_Fate+1","animator:Kyubey","animator:Megumin+7","animator:Elsword","animator:Mikaela","animator:YunYun","animator:Hans+1","animator:Wiz+1","CurseOfTheBell","animator:Mitsurugi","animator:Ainz+1","animator:Vanir"],"relics":["animator:LivingPicture","animator:TheMissingPiece","EVO:Axolotl","REME_ComplimentaryCards","PaintedHorse:ReiMu","Pondfish Scales","Sundial","Replay:Grab Bag","conspire:RoyalGoblet","hubris:VirtuousBlindfold","Calling Bell","Simple Rune","Tea:ReiMu","Replay:Multitool","trackpad:Mousetrap","Paper Frog"],"acts_visited":["Exordium","TheCity"],"potions_floor_usage":[12,27],"damage_taken":[{"damage":6,"enemies":"2 Louse","floor":1,"turns":1},{"damage":7,"enemies":"Jaw Worm","floor":2,"turns":2},{"damage":0,"enemies":"Small Slimes","floor":7,"turns":2},{"damage":0,"enemies":"3 Louse","floor":10,"turns":2},{"damage":0,"enemies":"Exordium Thugs","floor":11,"turns":3},{"damage":13,"enemies":"3 Sentries","floor":12,"turns":2},{"damage":0,"enemies":"Blue Slaver","floor":14,"turns":1},{"damage":6,"enemies":"The Guardian","floor":16,"turns":7},{"damage":25,"enemies":"conspire:FuzzyDice","floor":18,"turns":5},{"damage":0,"enemies":"Spheric Guardian","floor":20,"turns":3},{"damage":5,"enemies":"3 Cultists","floor":21,"turns":3},{"damage":27,"enemies":"Gremlin Leader","floor":24,"turns":4},{"damage":14,"enemies":"Centurion and Healer","floor":27,"turns":3},{"damage":9,"enemies":"Snecko","floor":28,"turns":2}],"seed_played":"5220533847809827489","potions_obtained":[{"floor":1,"key":"Explosive Potion"},{"floor":11,"key":"Elixir"},{"floor":12,"key":"SteroidPotion"},{"floor":18,"key":"ZuzhouPotion:ReiMu"},{"floor":24,"key":"animator:GrowthPotion"}],"is_trial":false,"path_per_floor":["M","M","?","?","?","R","M","R","T","M","M","E","$","M","R","B",null,"M","?","M","M","?","R","E","?","T","M","M"],"character_chosen":"THE_ANIMATOR","items_purchased":["animator:YunYun"],"campfire_rested":0,"item_purchase_floors":[13],"current_hp_per_floor":[60,55,55,55,55,55,58,58,58,59,62,49,49,52,52,50,68,43,48,48,43,43,43,16,16,16,4,0,0],"gold":272,"neow_bonus":"THREE_CARDS","is_daily":false,"chose_seed":false,"campfire_upgraded":4,"win_rate":0.0,"timestamp":1610586295,"path_taken":["M","M","?","?","?","R","M","R","T","M","M","E","$","M","R","BOSS","M","?","M","M","?","R","E","?","T","M","M"],"items_purchased_type":["Card"],"build_version":"2020-12-22","purchased_purges":0,"victory":false,"max_hp_per_floor":[66,66,66,66,66,66,66,66,66,67,67,67,67,67,67,68,68,68,68,68,68,68,68,68,68,68,70,70,70],"card_choices":[{"not_picked":["animator:YaoHaDucy","animator:LeleiLaLalena"],"picked":"animator:KyokoSakura","floor":0},{"not_picked":["animator:Vanir","animator:Chris"],"picked":"animator:YunYun","floor":1},{"not_picked":["animator:Evileye","animator:Kuribayashi"],"picked":"animator:YunYun","floor":2},{"not_picked":[],"picked":"animator:Kyubey","floor":5},{"not_picked":["animator:YachiyoNanami","animator:Kuribayashi","animator:Ciel"],"picked":"SKIP","floor":7},{"not_picked":["animator:Chris","animator:Chomusuke"],"picked":"animator:Megumin","floor":10},{"not_picked":["animator:IrohaTamaki","animator:Ain"],"picked":"animator:Elsword","floor":11},{"not_picked":["animator:OrikoMikuni","animator:YuiTsuruno"],"picked":"animator:Mikaela","floor":12},{"not_picked":["animator:Shalltear","animator:Vanir"],"picked":"animator:Hans","floor":14},{"not_picked":["animator:MadokaKaname","animator:Elesis"],"picked":"animator:Wiz","floor":16},{"not_picked":["animator:Verdia","animator:Wiz"],"picked":"animator:Mitsurugi","floor":18},{"not_picked":["animator:Ciel+1","animator:MumenRider+1","animator:Sebas+1"],"picked":"SKIP","floor":20},{"not_picked":["animator:KrulTepes","animator:Ciel","animator:Elsword"],"picked":"SKIP","floor":21},{"not_picked":["animator:Shalltear","animator:FeridBathory"],"picked":"animator:Ainz","floor":24},{"not_picked":["animator:Verdia","animator:YunYun"],"picked":"animator:Vanir","floor":27}],"player_experience":204008,"relics_obtained":[{"floor":9,"key":"Pondfish Scales"},{"floor":12,"key":"Sundial"},{"floor":17,"key":"Simple Rune"},{"floor":17,"key":"Tea:ReiMu"},{"floor":17,"key":"Replay:Multitool"},{"floor":24,"key":"trackpad:Mousetrap"},{"floor":26,"key":"Paper Frog"}],"event_choices":[{"damage_healed":0,"gold_gain":0,"player_choice":"Donate","damage_taken":0,"relics_obtained":["PaintedHorse:ReiMu"],"max_hp_gain":0,"max_hp_loss":0,"event_name":"yidonshenshe","floor":4,"gold_loss":40},{"cards_removed":["animator:Genos"],"damage_healed":5,"gold_gain":0,"player_choice":"Offered Common","damage_taken":0,"max_hp_gain":0,"max_hp_loss":0,"event_name":"Bonfire Elementals","floor":19,"gold_loss":0},{"cards_removed":["animator:Genos"],"damage_healed":5,"gold_gain":0,"player_choice":"Offered Special","damage_taken":0,"max_hp_gain":0,"max_hp_loss":0,"event_name":"Bonfire Elementals","floor":19,"gold_loss":0},{"damage_healed":0,"gold_gain":0,"player_choice":"Ignored","damage_taken":0,"max_hp_gain":0,"max_hp_loss":0,"event_name":"betterNote:BetterNote","floor":22,"gold_loss":0,"cards_obtained":["animator:Megumin"]},{"damage_healed":0,"gold_gain":0,"player_choice":"Forge","damage_taken":0,"max_hp_gain":0,"max_hp_loss":0,"event_name":"Accursed Blacksmith","floor":25,"gold_loss":0,"cards_upgraded":["animator:Ainz"]}],"is_beta":false,"boss_relics":[{"not_picked":["hubris:Stopwatch","Replay:Ancient Bell"],"picked":"Replay:Grab Bag"},{"not_picked":["Painkiller Herb","hubris:GrandSneckoEye"],"picked":"conspire:RoyalGoblet"},{"not_picked":["conspire:SeveredTorchhead","ReplayTheSpireMod:Onyx Gauntlets"],"picked":"hubris:VirtuousBlindfold"},{"not_picked":["RedLine:ReiMu","SacredBark"],"picked":"Calling Bell"}],"items_purged_floors":[],"is_endless":false,"potions_floor_spawned":[1,11,12,18,21,24],"killed_by":"Snecko","ascension_level":0}}