{"host":"3fgya34xyet33lnh","time":1610632843,"event":{"mods":["100% Spire Juice","2.2 Compatiblity","AchievementEnabler","Aspiration","BaseMod","Better Vampires","Block Reminder","Colored Map","Colored Powertips","Curses Come First","Dark Map","DeckTracker","Filter the Spire","Highlight Path","Hubris","KinomotoSakuraMod(????)","Marisa????????","Minty Spire (QoL Compilation)","Quick Restart","Railgun Mod","Relic Stats","Replay The Spire","StSLib","SuperFastMode","The Marked","TheSwordswoman","TheVelvet","WarShipGirlsR/????R mod","Yakumo Yukari mod"],"gold_per_floor":[115,115,126,136,153,183,183],"floor_reached":6,"language":"ENG","playtime":388,"items_purged":[],"score":48,"play_id":"8fe7b95d-2482-46a5-9ed5-1f0c9f6d3ed9","local_time":"20210114090043","is_ascension_mode":false,"campfire_choices":[],"circlet_count":0,"master_deck":["theMarked:Strike","theMarked:Strike","theMarked:Strike","theMarked:Strike","theMarked:Strike","theMarked:Defend","theMarked:Defend","theMarked:Defend","theMarked:Defend","theMarked:SoldierOfQuellstein","Looming Evil","theMarked:ThrowWeapon","theMarked:SwordAndMagic","theMarked:MaelstromOfLightning","theMarked:WardOff","theMarked:LightningStrikesTwice","theMarked:ElectricStrings"],"relics":["theMarked:ArtifactOfAir","hubris:Towel"],"acts_visited":["Exordium"],"potions_floor_usage":[6,6],"damage_taken":[{"damage":0.0,"enemies":"Small Slimes","floor":1.0,"turns":5.0},{"damage":18.0,"enemies":"Jaw Worm","floor":3.0,"turns":4.0},{"damage":0.0,"enemies":"Cultist","floor":4.0,"turns":2.0},{"damage":9.0,"enemies":"Exordium Wildlife","floor":5.0,"turns":4.0},{"damage":4,"enemies":"Lagavulin","floor":6,"turns":7}],"seed_played":"-7961910647863025952","potions_obtained":[{"floor":4.0,"key":"CultistPotion"},{"floor":5.0,"key":"SkillPotion"},{"floor":6,"key":"AttackPotion"}],"is_trial":false,"path_per_floor":["M","?","M","M","M","E"],"character_chosen":"THE_DEFAULT","items_purchased":[],"campfire_rested":0,"item_purchase_floors":[],"current_hp_per_floor":[70,70,52,52,43,39,39],"gold":183,"neow_bonus":"THREE_RARE_CARDS","is_daily":false,"chose_seed":false,"campfire_upgraded":0,"win_rate":0.0,"timestamp":1610632843,"path_taken":["M","?","M","M","M","E"],"items_purchased_type":[],"build_version":"2020-12-22","purchased_purges":0,"victory":false,"max_hp_per_floor":[70,70,70,70,70,70,70],"relic_stats":{"counters":[5,22],"obtain_stats":[{"theMarked:ArtifactOfAir":0,"hubris:Towel":2},{"theMarked:ArtifactOfAir":0,"hubris:Towel":1},{"theMarked:ArtifactOfAir":0,"hubris:Towel":5}]},"card_choices":[{"not_picked":["theMarked:SummonStrength","theMarked:MagicAdept"],"picked":"theMarked:ThrowWeapon","floor":0.0},{"not_picked":["theMarked:Frustration","theMarked:TunnelVision"],"picked":"theMarked:SwordAndMagic","floor":1.0},{"not_picked":["theMarked:WastefulDefense","theMarked:Convert"],"picked":"theMarked:MaelstromOfLightning","floor":3.0},{"not_picked":["theMarked:BanishingStrike","theMarked:AttractMetal"],"picked":"theMarked:WardOff","floor":4.0},{"not_picked":["theMarked:PowerFlow","theMarked:WastefulAttack"],"picked":"theMarked:LightningStrikesTwice","floor":5.0},{"not_picked":["theMarked:MysticalArsenal","theMarked:SwordAndMagic"],"picked":"theMarked:ElectricStrings","floor":6}],"player_experience":67349,"relics_obtained":[],"event_choices":[],"is_beta":false,"boss_relics":[],"items_purged_floors":[],"is_endless":false,"potions_floor_spawned":[4,5,6],"killed_by":"Lagavulin","ascension_level":0}}