{"host":"xh3brefae6wm9kl8","time":1610594226,"event":{"mods":["AchievementEnabler","BaseMod","GifTheSpireLib","Keyboard Shortcuts","Minty Spire (QoL Compilation)","Permanent Neow","Relic Stats","StSLib","SuperFastMode"],"gold_per_floor":[111,125,125,144,69,69,94,94,94,119,119,145,162,162,162,260,260,273,289,307,307,105,105,0,25,50,50,50],"floor_reached":27,"language":"KOR","playtime":1037,"items_purged":["Strike_G","Strike_G"],"score":411,"play_id":"a21ad461-6e86-417c-bfa5-68c7f1157589","local_time":"20210114121706","is_ascension_mode":true,"campfire_choices":[{"data":"Blade Dance","floor":6,"key":"SMITH"},{"floor":8,"key":"REST"},{"floor":11,"key":"REST"},{"data":"Terror","floor":15,"key":"SMITH"},{"floor":23,"key":"REST"}],"circlet_count":0,"master_deck":["AscendersBane","Defend_G","Defend_G","Defend_G","Defend_G","Survivor","Neutralize","Blade Dance+1","Dagger Spray","Dagger Spray","Cloak And Dagger","Terror+1","Choke","Accuracy"],"relics":["Ring of the Snake","Paper Crane","Smiling Mask","Tingsha","Ancient Tea Set","Calipers","Empty Cage","Question Card","Omamori"],"acts_visited":["Exordium","TheCity"],"potions_floor_usage":[7,12,16,17,22,25,25],"damage_taken":[{"damage":0,"enemies":"Jaw Worm","floor":1,"turns":4},{"damage":4,"enemies":"Small Slimes","floor":2,"turns":4},{"damage":2,"enemies":"2 Louse","floor":4,"turns":2},{"damage":37,"enemies":"Lagavulin","floor":7,"turns":8},{"damage":22,"enemies":"3 Sentries","floor":10,"turns":8},{"damage":11,"enemies":"Lagavulin","floor":12,"turns":5},{"damage":7,"enemies":"Exordium Wildlife","floor":13,"turns":4},{"damage":10,"enemies":"The Guardian","floor":16,"turns":10},{"damage":22,"enemies":"2 Thieves","floor":18,"turns":5},{"damage":6,"enemies":"Shell Parasite","floor":19,"turns":5},{"damage":15,"enemies":"Centurion and Healer","floor":20,"turns":7},{"damage":17,"enemies":"Book of Stabbing","floor":25,"turns":4},{"damage":24,"enemies":"Sentry and Sphere","floor":27,"turns":3}],"seed_played":"-6031264240000605597","potions_obtained":[{"floor":4,"key":"Regen Potion"},{"floor":7,"key":"ColorlessPotion"},{"floor":13,"key":"SkillPotion"},{"floor":16,"key":"Fruit Juice"},{"floor":18,"key":"AttackPotion"},{"floor":20,"key":"CunningPotion"}],"is_trial":false,"path_per_floor":["M","M","?","M","$","R","E","R","T","E","R","E","M","?","R","B",null,"M","M","M","?","$","R","?","E","T","M"],"character_chosen":"THE_SILENT","items_purchased":["Fruit Juice","SteroidPotion"],"campfire_rested":3,"item_purchase_floors":[22,22],"current_hp_per_floor":[63,59,52,50,50,50,28,49,49,27,48,37,30,23,23,13,61,39,33,18,4,9,34,34,17,17,0,0],"gold":50,"neow_bonus":"REMOVE_CARD","is_daily":false,"chose_seed":false,"campfire_upgraded":2,"win_rate":0.0,"timestamp":1610594226,"path_taken":["M","M","?","M","$","R","E","R","T","E","R","E","M","?","R","BOSS","M","M","M","?","$","R","?","E","T","M"],"items_purchased_type":["Potion","Potion"],"build_version":"2020-12-22","purchased_purges":2,"victory":false,"max_hp_per_floor":[70,70,70,70,70,70,70,70,70,70,70,70,70,70,70,70,75,75,75,75,80,85,85,85,85,85,85,85],"relic_stats":{"counters":[13,69],"Tingsha":[33],"Smiling Mask":50,"Question Card":0,"obtain_stats":[{"Calipers":14,"Tingsha":10,"Omamori":26,"Paper Crane":7,"Smiling Mask":9,"Ancient Tea Set":12,"Empty Cage":17,"Question Card":25,"Ring of the Snake":0},{"Calipers":7,"Tingsha":5,"Omamori":12,"Paper Crane":4,"Smiling Mask":4,"Ancient Tea Set":6,"Empty Cage":8,"Question Card":12,"Ring of the Snake":0},{"Calipers":35,"Tingsha":26,"Omamori":66,"Paper Crane":18,"Smiling Mask":18,"Ancient Tea Set":31,"Empty Cage":45,"Question Card":66,"Ring of the Snake":0}],"Ring of the Snake":[26]},"card_choices":[{"not_picked":["Deflect","Caltrops"],"picked":"Blade Dance","floor":1},{"not_picked":["Quick Slash","Dodge and Roll"],"picked":"Dagger Spray","floor":2},{"not_picked":["Eviscerate","Quick Slash"],"picked":"Dagger Spray","floor":4},{"not_picked":["Night Terror","Deadly Poison"],"picked":"Cloak And Dagger","floor":7},{"not_picked":["Poisoned Stab","Reflex"],"picked":"Terror","floor":10},{"not_picked":["Flying Knee","Underhanded Strike","Tactician"],"picked":"SKIP","floor":12},{"not_picked":["Skewer","Underhanded Strike"],"picked":"Choke","floor":13},{"not_picked":["Slice","Quick Slash+1","Well Laid Plans"],"picked":"SKIP","floor":18},{"not_picked":["Escape Plan","Deadly Poison+1"],"picked":"Accuracy","floor":19},{"not_picked":["Terror","Predator","Catalyst"],"picked":"SKIP","floor":20},{"not_picked":["Outmaneuver","Acrobatics","Poisoned Stab"],"picked":"SKIP","floor":25}],"player_experience":381642,"relics_obtained":[{"floor":7,"key":"Paper Crane"},{"floor":9,"key":"Smiling Mask"},{"floor":10,"key":"Tingsha"},{"floor":12,"key":"Ancient Tea Set"},{"floor":25,"key":"Question Card"},{"floor":26,"key":"Omamori"}],"event_choices":[{"cards_removed":["Strike_G"],"damage_healed":0,"gold_gain":0,"player_choice":"Card Removal","damage_taken":7,"max_hp_gain":0,"max_hp_loss":0,"event_name":"Golden Wing","floor":3,"gold_loss":0},{"damage_healed":0,"gold_gain":0,"player_choice":"Success","damage_taken":7,"relics_obtained":["Calipers"],"max_hp_gain":0,"max_hp_loss":0,"event_name":"Scrap Ooze","floor":14,"gold_loss":0},{"damage_healed":0,"gold_gain":0,"player_choice":"Shed Blood","damage_taken":19,"max_hp_gain":5,"max_hp_loss":0,"event_name":"Forgotten Altar","floor":21,"gold_loss":0},{"damage_healed":0,"gold_gain":0,"player_choice":"Paid Fearfully","damage_taken":0,"max_hp_gain":0,"max_hp_loss":0,"event_name":"Masked Bandits","floor":24,"gold_loss":105}],"is_beta":false,"boss_relics":[{"not_picked":["Cursed Key","Astrolabe"],"picked":"Empty Cage"}],"items_purged_floors":[5,22],"is_endless":false,"potions_floor_spawned":[4,7,13,16,18,20],"killed_by":"Sentry and Sphere","ascension_level":11}}