{"host":"jak4ncvfzor9mys0","time":1610608953,"event":{"mods":["2.2 Compatiblity","AchievementEnabler","BaseMod","Better Altar","Better Match","Better Note","Better Sensory Stone","Better Skull","Better Third Choice","BetterRewards","Block Reminder","Colored Map","Colored Powertips","Energized Spire","Gold Saver","Hubris","Infinite Spire","Key Reminder","Minty Spire (QoL Compilation)","Rare Cards Sparkle","Red Circlet Mod","Relic Sorter","Relic Stats","Replay The Spire","Retaliation","Spicy Shops","StSLib","SuperFastMode","The Blue Laboratory"],"gold_per_floor":[3143,2629,2635,1864,1882,1933,1933,1961,1961,2009,2115,2127,2173,2285,2297,2437,2449,2502,2514,2526,2637,2649,2720,2766,2780,2792,2543,2543,2597,2597,1549,1549,1677,1677,1705,1734,1451,1492,1492,1509,1509],"floor_reached":40,"language":"ENG","playtime":1625,"items_purged":["Defend_R","Strike_R","Strike_R","Defend_R","Defend_R","Defend_R","Strike_R"],"score":660,"play_id":"192f9a68-e42b-4008-a0b2-fb5b46ea2c72","local_time":"20210113232233","is_ascension_mode":false,"campfire_choices":[{"data":"Body Slam","floor":7,"key":"SMITH"},{"data":"DDmod:SpikeMailSkill","floor":15,"key":"SMITH"},{"floor":28,"key":"REST"},{"data":"hubris:ReadiedAction","floor":28,"key":"SMITH"},{"data":"DDmod:SpikedSkill","floor":30,"key":"SMITH"},{"data":"DDmod:SpikedSkill","floor":32,"key":"SMITH"}],"circlet_count":0,"master_deck":["Strike_R","Strike_R","Bash","Shrug It Off","Body Slam+1","DDmod:SpikedSkill+1","infinitespire:Starlight","Shrug It Off","Body Slam+1","DDmod:SpikeMailSkill+1","Shrug It Off","hubris:ReadiedAction+1","Ghostly Armor","Shrug It Off","Impervious","DDmod:SpikedSkill","DDmod:ScaleUpSkill+1"],"relics":["Burning Blood","infinitespire:Magic Flask","WingedGreaves","Replay:Bandana","Anchor","HornCleat","CaptainsWheel","Bag of Marbles","Bronze Scales","Oddly Smooth Stone","Mercury Hourglass","infinitespire:Midas Blood","Gremlin Food","TheAbacus","CeramicFish","Boot","hubris:GlazedTorus","DollysMirror","Mango","MawBank","ReplayTheSpireMod:Spearhead","hubris:ScarierMask","hubris:Icosahedron","Blood Vial","Bloody Idol","Meat on the Bone","Membership Card"],"acts_visited":["Exordium","TheCity","TheBeyond"],"potions_floor_usage":[23,23,23,29,40],"damage_taken":[{"damage":1,"enemies":"Jaw Worm","floor":1,"turns":3},{"damage":0,"enemies":"Small Slimes","floor":5,"turns":2},{"damage":3,"enemies":"Replay:BlueRogue","floor":6,"turns":4},{"damage":0,"enemies":"Cultist","floor":8,"turns":2},{"damage":9,"enemies":"Lagavulin","floor":10,"turns":4},{"damage":12,"enemies":"3 Sentries","floor":11,"turns":5},{"damage":0,"enemies":"Large Slime","floor":13,"turns":1},{"damage":11,"enemies":"Slime Boss","floor":16,"turns":9},{"damage":0,"enemies":"Shell Parasite","floor":18,"turns":3},{"damage":71,"enemies":"Nightmare","floor":23,"turns":10},{"damage":4,"enemies":"Chosen","floor":24,"turns":4},{"damage":4,"enemies":"Snecko","floor":29,"turns":5},{"damage":9,"enemies":"Automaton","floor":33,"turns":11},{"damage":0,"enemies":"3 Shapes","floor":35,"turns":3},{"damage":0,"enemies":"3 Darklings","floor":36,"turns":4},{"damage":9,"enemies":"Spire Growth","floor":38,"turns":5},{"damage":116,"enemies":"Nemesis","floor":40,"turns":10}],"seed_played":"-8716565054506272217","potions_obtained":[{"floor":11,"key":"blueLaboratory:BottleOfVodka"},{"floor":13,"key":"Weak Potion"},{"floor":16,"key":"Block Potion"},{"floor":23,"key":"SkillPotion"},{"floor":35,"key":"blueLaboratory:BubblePotion"},{"floor":36,"key":"LiquidMemories"}],"is_trial":false,"path_per_floor":["M","?","?","$","M","E","R","M","T","E","?","?","M","?","R","B",null,"M","?","?","?","?","NM","M","?","T","$","R","M","R","$","R","B",null,"M","M","$","M","?","E"],"character_chosen":"IRONCLAD","items_purchased":["Bag of Marbles","Bronze Scales","Oddly Smooth Stone","Shrug It Off","Mercury Hourglass","Body Slam","DDmod:SpikedSkill","infinitespire:Midas Blood","Anchor","Gremlin Food","TheAbacus","Shrug It Off","hubris:GlazedTorus","Replay:Bandana","DollysMirror","Ghostly Armor","CaptainsWheel","HornCleat","Shrug It Off","Meat on the Bone","Membership Card","DDmod:SpikedSkill"],"campfire_rested":1,"item_purchase_floors":[0,0,0,0,0,0,0,0,0,0,0,4,4,4,4,27,31,31,31,31,37,37],"current_hp_per_floor":[80,80,43,43,59,72,72,80,94,91,88,88,94,94,94,89,94,94,94,94,94,94,39,53,11,16,26,54,83,83,88,88,94,94,94,94,94,94,94,0,0],"gold":1509,"neow_bonus":"","is_daily":false,"chose_seed":false,"campfire_upgraded":5,"win_rate":0.0,"timestamp":1610608953,"path_taken":["M","?","?","$","M","E","R","?","T","E","?","?","?","?","R","BOSS","M","?","?","?","?","NM","M","?","T","?","R","M","R","$","R","BOSS","M","M","$","M","?","E"],"items_purchased_type":["Relic","Relic","Relic","Card","Relic","Card","Card","Relic","Relic","Relic","Relic","Card","Relic","Relic","Relic","Card","Relic","Relic","Card","Relic","Relic","Card"],"build_version":"2020-12-22","purchased_purges":7,"victory":false,"max_hp_per_floor":[80,80,80,80,80,80,80,80,94,94,94,94,94,94,94,94,94,94,94,94,94,94,94,94,94,94,94,94,94,94,94,94,94,94,94,94,94,94,94,94,94],"relic_stats":{"Blood Vial":14,"TheAbacus":[420],"counters":[106,348],"Bronze Scales":[796],"CeramicFish":99,"Bloody Idol":1434,"Boot":[27],"MawBank":528,"obtain_stats":[{"Tiny House":17,"CeramicFish":3,"Vajra":197,"Whetstone":4,"Sling":38,"Boot":3,"Sozu":85,"Blood Vial":23,"HornCleat":31,"DollysMirror":4,"HandDrill":132,"Runic Cube":34,"Pear":205,"hubris:DuctTape":102,"Blue Candle":60,"Oddly Smooth Stone":26,"infinitespire:Beetle Shell":181,"Letter Opener":78,"infinitespire:Magic Flask":22,"War Paint":6,"infinitespire:EvilPickle":84,"SlaversCollar":80,"Replay:Baseball":139,"ReplayTheSpireMod:Spearhead":11,"ReplayTheSpireMod:Shallot":48,"MutagenicStrength":133,"Bronze Scales":0,"hubris:ToyBattleship":8,"infinitespire:EmpoweringShard":25,"Meat on the Bone":131,"Lantern":59,"Black Blood":153,"Magic Flower":178,"StoneCalendar":43,"Mango":9,"King of Hearts":109,"hubris:SlimyHat":111,"Bag of Preparation":200,"Replay:Mystery Machine":92,"Smiling Mask":156,"Ancient Tea Set":207,"Burning Blood":0,"Replay:Bandana":30,"Dream Catcher":193,"TheAbacus":11,"Shovel":189,"hubris:Icosahedron":20,"hubris:Stopwatch":136,"hubris:ScarierMask":17,"WingedGreaves":26,"energizedSpire:DecayingSkull":68,"hubris:GlazedTorus":4,"Potion Belt":102,"Gremlin Food":0,"ReplayTheSpireMod:Ninjato":109,"Quantum Egg":9,"infinitespire:Lucky Rock":57,"Frozen Egg 2":179,"MawBank":10,"Mercury Hourglass":0,"Calling Bell":102,"Peace Pipe":196,"Anchor":0,"CaptainsWheel":31,"infinitespire:WardingShard":94,"Ornamental Fan":80,"hubris:Spice":99,"Bloody Idol":25,"Turnip":102,"Bag of Marbles":0,"Membership Card":58,"ReplayTheSpireMod:Lightbulb":77,"DDmod:BarbedSlagRelic":79,"infinitespire:Midas Blood":0},{"Tiny House":9,"CeramicFish":90,"Vajra":84,"Whetstone":2,"Sling":18,"Boot":90,"Sozu":37,"Blood Vial":99,"HornCleat":101,"DollysMirror":90,"HandDrill":57,"Runic Cube":15,"Pear":87,"hubris:DuctTape":44,"Blue Candle":28,"Oddly Smooth Stone":13,"infinitespire:Beetle Shell":77,"Letter Opener":35,"infinitespire:Magic Flask":98,"War Paint":4,"infinitespire:EvilPickle":37,"SlaversCollar":35,"Replay:Baseball":59,"ReplayTheSpireMod:Spearhead":94,"ReplayTheSpireMod:Shallot":23,"MutagenicStrength":57,"Bronze Scales":89,"hubris:ToyBattleship":6,"infinitespire:EmpoweringShard":13,"Meat on the Bone":57,"Lantern":28,"Black Blood":65,"Magic Flower":75,"StoneCalendar":19,"Mango":93,"King of Hearts":46,"hubris:SlimyHat":46,"Bag of Preparation":85,"Replay:Mystery Machine":40,"Smiling Mask":66,"Ancient Tea Set":88,"Burning Blood":0,"Replay:Bandana":13,"Dream Catcher":83,"TheAbacus":6,"Shovel":82,"hubris:Icosahedron":98,"hubris:Stopwatch":58,"hubris:ScarierMask":97,"WingedGreaves":100,"energizedSpire:DecayingSkull":32,"hubris:GlazedTorus":90,"Potion Belt":44,"Gremlin Food":89,"ReplayTheSpireMod:Ninjato":46,"Quantum Egg":6,"infinitespire:Lucky Rock":28,"Frozen Egg 2":75,"MawBank":94,"Mercury Hourglass":89,"Calling Bell":44,"Peace Pipe":84,"Anchor":89,"CaptainsWheel":101,"infinitespire:WardingShard":40,"Ornamental Fan":35,"hubris:Spice":43,"Bloody Idol":100,"Turnip":44,"Bag of Marbles":89,"Membership Card":28,"ReplayTheSpireMod:Lightbulb":35,"DDmod:BarbedSlagRelic":35,"infinitespire:Midas Blood":89},{"Tiny House":46,"CeramicFish":267,"Vajra":252,"Whetstone":10,"Sling":91,"Boot":267,"Sozu":161,"Blood Vial":307,"HornCleat":316,"DollysMirror":267,"HandDrill":204,"Runic Cube":76,"Pear":257,"hubris:DuctTape":184,"Blue Candle":136,"Oddly Smooth Stone":62,"infinitespire:Beetle Shell":240,"Letter Opener":153,"infinitespire:Magic Flask":297,"War Paint":22,"infinitespire:EvilPickle":161,"SlaversCollar":153,"Replay:Baseball":209,"ReplayTheSpireMod:Spearhead":279,"ReplayTheSpireMod:Shallot":115,"MutagenicStrength":204,"Bronze Scales":264,"hubris:ToyBattleship":31,"infinitespire:EmpoweringShard":62,"Meat on the Bone":204,"Lantern":136,"Black Blood":222,"Magic Flower":237,"StoneCalendar":95,"Mango":275,"King of Hearts":186,"hubris:SlimyHat":186,"Bag of Preparation":254,"Replay:Mystery Machine":169,"Smiling Mask":223,"Ancient Tea Set":258,"Burning Blood":0,"Replay:Bandana":62,"Dream Catcher":250,"TheAbacus":31,"Shovel":249,"hubris:Icosahedron":297,"hubris:Stopwatch":207,"hubris:ScarierMask":294,"WingedGreaves":311,"energizedSpire:DecayingSkull":146,"hubris:GlazedTorus":267,"Potion Belt":184,"Gremlin Food":264,"ReplayTheSpireMod:Ninjato":186,"Quantum Egg":31,"infinitespire:Lucky Rock":136,"Frozen Egg 2":237,"MawBank":279,"Mercury Hourglass":264,"Calling Bell":184,"Peace Pipe":252,"Anchor":264,"CaptainsWheel":316,"infinitespire:WardingShard":169,"Ornamental Fan":153,"hubris:Spice":179,"Bloody Idol":311,"Turnip":184,"Bag of Marbles":264,"Membership Card":136,"ReplayTheSpireMod:Lightbulb":153,"DDmod:BarbedSlagRelic":153,"infinitespire:Midas Blood":264}],"Burning Blood":309,"Mercury Hourglass":[1739],"Meat on the Bone":18},"card_choices":[{"not_picked":["ReplayTheSpireMod:Strike From Hell","True Grit","Warcry"],"picked":"SKIP","floor":1},{"not_picked":["infinitespire:SealOfDarkness+","infinitespire:Menacing"],"picked":"infinitespire:Starlight","floor":2},{"not_picked":["Ghostly Armor","Pommel Strike","Defy Death"],"picked":"SKIP","floor":5},{"not_picked":["Corruption","DDmod:GrandUltimatumAttack","DDmod:RapidStrikeAttack"],"picked":"SKIP","floor":6},{"not_picked":["Havoc","Armaments","DDmod:CallousedSkill"],"picked":"SKIP","floor":8},{"not_picked":["Intimidate","ReplayTheSpireMod:Muscle Training","Power Through"],"picked":"SKIP","floor":10},{"not_picked":["DDmod:EasePowerCard","Life Link"],"picked":"DDmod:SpikeMailSkill","floor":11},{"not_picked":["DDmod:PokeAttack","Dark Embrace"],"picked":"Shrug It Off","floor":13},{"not_picked":["Thunderclap","Rupture"],"picked":"hubris:ReadiedAction","floor":18},{"not_picked":["DDmod:RapidStrikeAttack","Offering","Twin Strike+1"],"picked":"SKIP","floor":23},{"not_picked":["Sword Boomerang","DDmod:CallousedSkill+1","Iron Wave"],"picked":"SKIP","floor":24},{"not_picked":["Whirlwind","ReplayTheSpireMod:Strike From Hell"],"picked":"DDmod:SpikedSkill","floor":29},{"not_picked":["DDmod:SpikeShotSkill","DDmod:PlatedThornsSkill"],"picked":"Impervious","floor":33},{"not_picked":["Dropkick+1","Iron Wave","Heavy Blade"],"picked":"SKIP","floor":35},{"not_picked":["Massacre+1","Inflame+1","Iron Wave+1"],"picked":"SKIP","floor":36},{"not_picked":["Shrug It Off+1","Battle Trance+1"],"picked":"DDmod:ScaleUpSkill+1","floor":38}],"player_experience":2754004,"relics_obtained":[{"floor":9,"key":"Mango"},{"floor":10,"key":"MawBank"},{"floor":23,"key":"Blood Vial"},{"floor":26,"key":"WingedGreaves"}],"event_choices":[{"damage_healed":0,"gold_gain":0,"player_choice":"RE RE ","damage_taken":41,"relics_obtained":["CeramicFish","Boot"],"max_hp_gain":0,"max_hp_loss":0,"event_name":"betterSkull:BetterSkull","floor":3,"gold_loss":0,"cards_upgraded":[]},{"damage_healed":0,"gold_gain":30,"player_choice":"Searched \u00273\u0027 times","damage_taken":0,"relics_obtained":["ReplayTheSpireMod:Spearhead"],"max_hp_gain":0,"max_hp_loss":0,"event_name":"Dead Adventurer","floor":11,"gold_loss":0},{"damage_healed":0,"gold_gain":0,"player_choice":"Upgraded","damage_taken":0,"max_hp_gain":0,"max_hp_loss":0,"event_name":"Upgrade Shrine","floor":12,"gold_loss":0,"cards_upgraded":["Body Slam"]},{"damage_healed":0,"gold_gain":100,"player_choice":"Pray","damage_taken":0,"max_hp_gain":0,"max_hp_loss":0,"event_name":"Golden Shrine","floor":14,"gold_loss":0},{"cards_removed":["Strike_R"],"damage_healed":0,"gold_gain":0,"player_choice":"Give","damage_taken":0,"max_hp_gain":0,"max_hp_loss":0,"event_name":"betterNote:BetterNote","floor":19,"gold_loss":0,"cards_obtained":["Clumsy"]},{"damage_healed":0,"gold_gain":99,"player_choice":"Steal","damage_taken":0,"max_hp_gain":0,"max_hp_loss":0,"event_name":"betterThird:BetterNest","floor":21,"gold_loss":0},{"damage_healed":0,"gold_gain":0,"player_choice":"Opened","damage_taken":0,"relics_obtained":["infinitespire:Magic Flask"],"max_hp_gain":0,"max_hp_loss":0,"event_name":"The Mausoleum","floor":22,"gold_loss":0},{"damage_healed":0,"gold_gain":0,"player_choice":" Idol ","damage_taken":47,"relics_obtained":["Bloody Idol"],"max_hp_gain":53,"max_hp_loss":11,"event_name":"betterAltar:BetterAltar","floor":25,"potions_obtained":[],"relics_lost":[],"gold_loss":0},{"cards_removed":["DDmod:SpikedSkill"],"damage_healed":0,"gold_gain":0,"player_choice":"Removed Skill","damage_taken":0,"max_hp_gain":0,"max_hp_loss":0,"event_name":"Falling","floor":39,"gold_loss":0}],"is_beta":false,"boss_relics":[{"not_picked":["energizedSpire:DecayingSkull","Runic Dome"],"picked":"hubris:ScarierMask"},{"not_picked":["Kintsugi","Snecko Heart","energizedSpire:SpiderWeb"]}],"items_purged_floors":[0,0,0,4,27,31,37],"is_endless":true,"potions_floor_spawned":[6,11,13,16,23,35,36],"killed_by":"Nemesis","ascension_level":0}}