{"host":"Connor","time":1610644908,"event":{"mods":["Aspiration","BaseMod","Downfall","Hubris","Marisa????????","Minty Spire (QoL Compilation)","Replay The Spire","StSLib","The Cursed","The Jungle","The Servant 0.9.4"],"gold_per_floor":[119,137,62,62,81,112,112,112,136,136,136,155,155,169,169,169,169],"floor_reached":16,"language":"ENG","playtime":398,"items_purged":["Strike_R"],"score":195,"play_id":"57dfa160-f963-49ff-8058-664d18e1ecf8","local_time":"20210114092148","is_ascension_mode":true,"campfire_choices":[{"data":"Armaments","floor":7,"key":"SMITH"},{"data":"Brutality","floor":10,"key":"SMITH"},{"data":"Heavy Blade","floor":13,"key":"SMITH"},{"data":"Pummel","floor":15,"key":"SMITH"}],"circlet_count":0,"master_deck":["AscendersBane","Strike_R","Strike_R","Strike_R","Strike_R","Defend_R","Defend_R","Defend_R","Defend_R","Bash","Run Through","Armaments+1","Battle Trance","Brutality+1","Heavy Blade+1","Pummel+1"],"relics":["Burning Blood","aspiration:Nostalgia","m_BurningSludge","Pear","hubris:Icosahedron","Vajra"],"acts_visited":["Exordium"],"potions_floor_usage":[6,6,16,16],"damage_taken":[{"damage":6,"enemies":"Small Slimes","floor":1,"turns":4},{"damage":0,"enemies":"2 Louse","floor":2,"turns":2},{"damage":1,"enemies":"Cultist","floor":5,"turns":3},{"damage":16,"enemies":"3 Sentries","floor":6,"turns":8},{"damage":19,"enemies":"3 Louse","floor":12,"turns":3},{"damage":7,"enemies":"Looter","floor":14,"turns":2},{"damage":67,"enemies":"Hexaghost","floor":16,"turns":9}],"seed_played":"2753619135074801526","potions_obtained":[{"floor":1,"key":"AttackPotion"},{"floor":5,"key":"LifebloodPotion"},{"floor":12,"key":"Elixir"},{"floor":14,"key":"LifebloodPotion"}],"is_trial":false,"path_per_floor":["M","M","$","?","M","E","R","?","T","R","?","M","R","M","R","B"],"character_chosen":"IRONCLAD","items_purchased":[],"campfire_rested":0,"item_purchase_floors":[],"current_hp_per_floor":[68,74,74,74,75,75,75,75,75,75,80,67,67,66,66,0,0],"gold":169,"neow_bonus":"NOSTALGIA","is_daily":false,"chose_seed":false,"campfire_upgraded":4,"win_rate":0.0,"timestamp":1610644908,"path_taken":["M","M","$","?","M","E","R","?","T","R","?","?","R","M","R","BOSS"],"items_purchased_type":[],"build_version":"2020-12-18","purchased_purges":1,"victory":false,"max_hp_per_floor":[75,75,75,75,75,85,85,85,85,85,85,85,85,85,85,85,85],"card_choices":[{"not_picked":["Burning Pact","ReplayTheSpireMod:LeadingStrike"],"picked":"Perfected Strike","floor":1},{"not_picked":["Slimebound:ViciousTackle","hubris:ReadiedAction"],"picked":"Run Through","floor":2},{"not_picked":["Run Through","hubris:ReadiedAction"],"picked":"Battle Trance","floor":5},{"not_picked":["Sever Soul","Thunderclap"],"picked":"Brutality","floor":6},{"not_picked":["Anger","Flex"],"picked":"Heavy Blade","floor":12},{"not_picked":["hubris:SharpeningStone","Replay:Undeath\u0027s Touch"],"picked":"Pummel","floor":14}],"player_experience":636795,"relics_obtained":[{"floor":6,"key":"Pear"},{"floor":9,"key":"Vajra"}],"event_choices":[{"cards_removed":["Perfected Strike"],"damage_healed":5,"gold_gain":0,"player_choice":"Offered Common","damage_taken":0,"max_hp_gain":0,"max_hp_loss":0,"event_name":"Bonfire Elementals","floor":11,"gold_loss":0},{"cards_removed":["Perfected Strike"],"damage_healed":5,"gold_gain":0,"player_choice":"Offered Special","damage_taken":0,"max_hp_gain":0,"max_hp_loss":0,"event_name":"Bonfire Elementals","floor":11,"gold_loss":0}],"is_beta":true,"boss_relics":[],"items_purged_floors":[3],"is_endless":false,"potions_floor_spawned":[1,5,12,14],"killed_by":"Hexaghost","ascension_level":19}}