{"host":"p9t7qd83igtcp2bh","time":1610601889,"event":{"mods":["2.2 Compatiblity","AchievementEnabler","BaseMod","Colored Map","Colored Powertips","Custom Start","DeckTracker","Keyboard Shortcuts","Minty Spire (QoL Compilation)","Permanent Neow","StSLib","SuperFastMode","everything is the same but u backflip on backflip"],"gold_per_floor":[116,129,129,145,145,175,185,185,185,185,185,200,69,83,83,162,162,181,181,18,18,18,18,32,42,42,42,56,56,56],"floor_reached":29,"language":"KOR","playtime":640,"items_purged":[],"score":450,"play_id":"ca6315fa-168a-4c24-8778-209ee9417962","local_time":"20210114142449","is_ascension_mode":true,"campfire_choices":[{"floor":11,"key":"REST"},{"floor":15,"key":"REST"},{"floor":23,"key":"REST"},{"data":"Noxious Fumes","floor":27,"key":"SMITH"}],"circlet_count":0,"master_deck":["AscendersBane","Strike_G","Strike_G","Strike_G","Strike_G","Defend_G","Defend_G","Defend_G","Defend_G","Defend_G","Survivor","Neutralize","Trip+1","Underhanded Strike","Masterful Stab","Backstab","PiercingWail","Dagger Spray","Poisoned Stab","Noxious Fumes+1","Bane","PiercingWail","Phantasmal Killer","Backflip","Decay","Corpse Explosion+1","Catalyst+1","Deflect+1","Acrobatics+1"],"relics":["Ring of the Snake","Tiny Chest","Happy Flower","Sozu","Toxic Egg 2","Medical Kit","Toy Ornithopter"],"acts_visited":["Exordium","TheCity"],"potions_floor_usage":[12,16,16],"damage_taken":[{"damage":0,"enemies":"2 Louse","floor":1,"turns":3},{"damage":3,"enemies":"Jaw Worm","floor":2,"turns":3},{"damage":0,"enemies":"Small Slimes","floor":4,"turns":3},{"damage":31,"enemies":"Lagavulin","floor":6,"turns":6},{"damage":20,"enemies":"Exordium Thugs","floor":7,"turns":5},{"damage":2,"enemies":"Gremlin Gang","floor":12,"turns":5},{"damage":0,"enemies":"3 Louse","floor":14,"turns":2},{"damage":18,"enemies":"Slime Boss","floor":16,"turns":8},{"damage":30,"enemies":"Spheric Guardian","floor":18,"turns":5},{"damage":18,"enemies":"Shell Parasite","floor":24,"turns":5},{"damage":16,"enemies":"Centurion and Healer","floor":25,"turns":6},{"damage":0,"enemies":"3 Cultists","floor":28,"turns":2},{"damage":19,"enemies":"Snecko","floor":29,"turns":3}],"seed_played":"-7733113070861878725","potions_obtained":[{"floor":1,"key":"GamblersBrew"},{"floor":7,"key":"GamblersBrew"},{"floor":10,"key":"CultistPotion"},{"floor":10,"key":"LiquidMemories"},{"floor":12,"key":"BlessingOfTheForge"}],"is_trial":false,"path_per_floor":["M","M","?","M","?","E","M","?","T","?","R","M","$","M","R","B",null,"M","T","$","?","?","R","M","M","T","R","M","M"],"character_chosen":"THE_SILENT","items_purchased":["Noxious Fumes","Bane","Medical Kit"],"campfire_rested":3,"item_purchase_floors":[13,13,20],"current_hp_per_floor":[59,56,56,56,56,25,5,5,5,5,24,22,22,22,41,23,55,25,25,25,25,25,44,26,10,10,10,10,0,0],"gold":56,"neow_bonus":"RANDOM_COLORLESS","is_daily":false,"chose_seed":false,"campfire_upgraded":1,"win_rate":0.0,"timestamp":1610601889,"path_taken":["M","M","?","M","?","E","M","?","T","?","R","?","$","M","R","BOSS","M","?","$","?","?","R","?","M","T","R","M","M"],"items_purchased_type":["Card","Card","Relic"],"build_version":"2020-12-22","purchased_purges":0,"victory":false,"max_hp_per_floor":[66,66,66,66,66,66,66,66,66,66,66,66,66,66,66,66,66,66,66,66,66,66,66,66,66,66,66,66,66,66],"card_choices":[{"not_picked":["Forethought","Bandage Up"],"picked":"Trip","floor":0},{"not_picked":["Flying Knee","Deflect"],"picked":"Underhanded Strike","floor":1},{"not_picked":["Acrobatics","Dagger Throw"],"picked":"Masterful Stab","floor":2},{"not_picked":["Outmaneuver","Poisoned Stab"],"picked":"Backstab","floor":4},{"not_picked":["Corpse Explosion","Concentrate"],"picked":"PiercingWail","floor":6},{"not_picked":["Dodge and Roll","Caltrops"],"picked":"Dagger Spray","floor":7},{"not_picked":["Flying Knee","Well Laid Plans"],"picked":"Poisoned Stab","floor":12},{"not_picked":["Underhanded Strike","Acrobatics"],"picked":"PiercingWail","floor":14},{"not_picked":["Storm of Steel","Tools of the Trade"],"picked":"Phantasmal Killer","floor":16},{"not_picked":["Escape Plan","Outmaneuver"],"picked":"Backflip","floor":18},{"not_picked":["Catalyst+1","All Out Attack","Riddle With Holes"],"picked":"SKIP","floor":24},{"not_picked":["All Out Attack","Riddle With Holes"],"picked":"Catalyst+1","floor":24},{"not_picked":["PiercingWail+1","Underhanded Strike"],"picked":"Deflect+1","floor":25},{"not_picked":["Catalyst+1","Noxious Fumes+1"],"picked":"Acrobatics+1","floor":28}],"player_experience":634672,"relics_obtained":[{"floor":6,"key":"Tiny Chest"},{"floor":9,"key":"Happy Flower"},{"floor":19,"key":"Toxic Egg 2"},{"floor":26,"key":"Toy Ornithopter"}],"event_choices":[{"damage_healed":0,"gold_gain":0,"player_choice":"Grow","damage_taken":0,"max_hp_gain":0,"max_hp_loss":0,"event_name":"Living Wall","floor":3,"gold_loss":0,"cards_upgraded":["Trip"]},{"damage_healed":0,"gold_gain":0,"player_choice":"Ignored","damage_taken":0,"max_hp_gain":0,"max_hp_loss":0,"event_name":"Liars Game","floor":5,"gold_loss":0},{"damage_healed":0,"gold_gain":0,"player_choice":"Ignored","damage_taken":0,"max_hp_gain":0,"max_hp_loss":0,"event_name":"Shining Light","floor":8,"gold_loss":0},{"damage_healed":0,"gold_gain":0,"player_choice":"Got Potions","damage_taken":0,"max_hp_gain":0,"max_hp_loss":0,"event_name":"Lab","floor":10,"gold_loss":0},{"damage_healed":0,"gold_gain":0,"player_choice":"Smashed Altar","damage_taken":0,"max_hp_gain":0,"max_hp_loss":0,"event_name":"Forgotten Altar","floor":21,"gold_loss":0,"cards_obtained":["Decay"]},{"damage_healed":0,"gold_gain":0,"cards_transformed":["Strike_G"],"player_choice":"Transformed","damage_taken":0,"max_hp_gain":0,"max_hp_loss":0,"event_name":"Transmorgrifier","floor":22,"gold_loss":0,"cards_obtained":["Corpse Explosion"]}],"is_beta":false,"boss_relics":[{"not_picked":["Snecko Eye","Tiny House"],"picked":"Sozu"}],"items_purged_floors":[],"is_endless":false,"potions_floor_spawned":[1,7,12,25,28],"killed_by":"Snecko","ascension_level":20}}