{"host":"ttzdpsscxkem3xrs","time":1610666773,"event":{"mods":["BaseMod","Colored Map","Downfall","Minty Spire (QoL Compilation)","Replay The Spire","StSLib","The Cursed","The Hierophant"],"gold_per_floor":[109,74,74,182,21,50,61,61,112,103,104,104,104,89,89,183,183,177,192,190,37,37,37,77,75,98,109,109,109],"floor_reached":28,"language":"ENG","playtime":16033,"items_purged":[],"score":341,"play_id":"11297aa9-98c1-4efd-aa07-a29db26820b3","local_time":"20210114152613","is_ascension_mode":false,"campfire_choices":[{"data":"hierophant:ArchangelShield","floor":8,"key":"SMITH"},{"floor":15,"key":"REST"},{"floor":23,"key":"REST"}],"circlet_count":0,"master_deck":["hierophant:Strike_Hierophant","hierophant:Strike_Hierophant","hierophant:Strike_Hierophant","hierophant:Strike_Hierophant","hierophant:Punish","hierophant:Defend_Hierophant","hierophant:Defend_Hierophant","hierophant:Defend_Hierophant+1","hierophant:Defend_Hierophant","hierophant:ChurchCoffers","hierophant:ArchangelShield+1","hierophant:ArchangelShield+1","hierophant:Zeal","hierophant:Martyrdom","hierophant:HammerAndAnvil","hierophant:SolarFlare","hierophant:Kindle","hierophant:Martyrdom","hierophant:Exaltation","Injury","hierophant:LocustPlague","hierophant:Exaltation","hierophant:HolyVerse+1","hierophant:Glossolalia+1","hierophant:FieryStrike+1"],"relics":["hierophant:PropheticMaskRelic","NeowsBlessing","Pen Nib","Happy Flower","Blue Doll","Ginger","Golden Idol","NlothsMask","ChewingGum","Medical Kit","Dead Branch","Nunchaku"],"acts_visited":["Exordium","TheCity"],"potions_floor_usage":[14,16,16,18,24,27],"damage_taken":[{"damage":0,"enemies":"Small Slimes","floor":1,"turns":1},{"damage":0,"enemies":"Replay:BlueRogue","floor":6,"turns":1},{"damage":0,"enemies":"2 Louse","floor":7,"turns":2},{"damage":11,"enemies":"Jaw Worm","floor":10,"turns":2},{"damage":0,"enemies":"Gremlin Nob","floor":11,"turns":4},{"damage":11,"enemies":"Exordium Thugs","floor":14,"turns":3},{"damage":22,"enemies":"The Guardian","floor":16,"turns":7},{"damage":25,"enemies":"2 Thieves","floor":18,"turns":4},{"damage":10,"enemies":"Shell Parasite","floor":19,"turns":3},{"damage":15,"enemies":"Snake Plant","floor":20,"turns":4},{"damage":4,"enemies":"Book of Stabbing","floor":24,"turns":5},{"damage":12,"enemies":"Cultist and Chosen","floor":25,"turns":5},{"damage":34,"enemies":"Slavers","floor":27,"turns":5},{"damage":26,"enemies":"Centurion and Healer","floor":28,"turns":2}],"seed_played":"-8167778829269281938","potions_obtained":[{"floor":1,"key":"Energy Potion"},{"floor":10,"key":"sneckomod:MuddlingPotion"},{"floor":11,"key":"SteroidPotion"},{"floor":16,"key":"champ:CounterPotion"},{"floor":20,"key":"Slimebound:ThreeZeroPotion"},{"floor":24,"key":"Strength Potion"},{"floor":25,"key":"Strength Potion"}],"is_trial":false,"path_per_floor":["M","$","?","?","$","E","M","R","T","M","E","?","?","M","R","B",null,"M","M","M","$","?","R","E","M","T","E","M"],"character_chosen":"HIEROPHANT","items_purchased":["hierophant:ArchangelShield","hierophant:Martyrdom","hierophant:HammerAndAnvil","hierophant:SolarFlare","Medical Kit"],"campfire_rested":2,"item_purchase_floors":[2,5,5,5,21],"current_hp_per_floor":[75,75,60,60,60,60,60,60,60,49,49,49,49,38,60,38,75,50,40,25,25,50,72,68,56,56,22,0,0],"gold":109,"neow_bonus":"THREE_ENEMY_KILL","is_daily":false,"chose_seed":false,"campfire_upgraded":1,"win_rate":0.0,"timestamp":1610666773,"path_taken":["M","$","?","?","?","E","M","R","T","?","E","?","?","?","R","BOSS","M","M","M","$","?","R","E","M","T","E","M"],"items_purchased_type":["Card","Card","Card","Card","Relic"],"build_version":"2020-12-22","purchased_purges":0,"victory":false,"max_hp_per_floor":[75,75,75,75,75,75,75,75,75,75,75,75,75,75,75,75,75,75,75,75,75,75,75,75,75,75,75,75,75],"card_choices":[{"not_picked":["hierophant:Dazzle","hierophant:Empathy"],"picked":"hierophant:ArchangelShield","floor":1},{"not_picked":["hierophant:OrnateBuckler","hierophant:PassingBell"],"picked":"hierophant:Zeal","floor":4},{"not_picked":["hierophant:CoinFling","hierophant:Doubloon"],"picked":"hierophant:Kindle","floor":6},{"not_picked":["hierophant:Blessing","hierophant:SecretStash"],"picked":"hierophant:Martyrdom","floor":7},{"not_picked":["hierophant:Dazzle","hierophant:Charity","hierophant:Remorse"],"picked":"SKIP","floor":10},{"not_picked":["hierophant:ThreeLashes","hierophant:Zeal"],"picked":"hierophant:Exaltation","floor":11},{"not_picked":["hierophant:RustyCrate","hierophant:RepressedViolence","hierophant:AuricBeam"],"picked":"SKIP","floor":14},{"not_picked":["hierophant:AuricForm","hierophant:Anathema"],"picked":"hierophant:LocustPlague","floor":16},{"not_picked":["hierophant:Remorse","hierophant:FlamingChariot"],"picked":"hierophant:Exaltation","floor":18},{"not_picked":["hierophant:Shelter+1","hierophant:DisplayOfPower","hierophant:AuricShield"],"picked":"SKIP","floor":19},{"not_picked":["hierophant:Invocation","hierophant:Doubloon","hierophant:ArchangelShield"],"picked":"SKIP","floor":20},{"not_picked":["hierophant:AuricBeam+1","hierophant:FieryStrike"],"picked":"hierophant:HolyVerse+1","floor":24},{"not_picked":["hierophant:AuricShield","hierophant:Purify"],"picked":"hierophant:Glossolalia+1","floor":25},{"not_picked":["hierophant:AuricBeam","hierophant:Zeal+1"],"picked":"hierophant:FieryStrike+1","floor":27}],"player_experience":1357598,"relics_obtained":[{"floor":4,"key":"Pen Nib"},{"floor":6,"key":"Happy Flower"},{"floor":9,"key":"Blue Doll"},{"floor":11,"key":"Ginger"},{"floor":24,"key":"Dead Branch"},{"floor":27,"key":"Nunchaku"}],"event_choices":[{"damage_healed":0,"gold_gain":0,"player_choice":"Entered Light","damage_taken":15,"max_hp_gain":0,"max_hp_loss":0,"event_name":"Shining Light","floor":3,"gold_loss":0,"cards_upgraded":["hierophant:ArchangelShield","hierophant:Defend_Hierophant"]},{"damage_healed":0,"gold_gain":0,"player_choice":"Take Wound","damage_taken":0,"relics_obtained":["Golden Idol"],"max_hp_gain":0,"max_hp_loss":0,"event_name":"Golden Idol","floor":12,"gold_loss":0,"cards_obtained":["Injury"]},{"damage_healed":0,"gold_gain":0,"player_choice":"Trade","damage_taken":0,"relics_obtained":["NlothsMask"],"max_hp_gain":0,"max_hp_loss":0,"event_name":"FaceTrader","floor":13,"gold_loss":0},{"damage_healed":25,"gold_gain":0,"player_choice":"Heal","damage_taken":0,"max_hp_gain":0,"max_hp_loss":0,"event_name":"The Library","floor":22,"gold_loss":0}],"is_beta":false,"boss_relics":[{"not_picked":["Astrolabe","ReplayTheSpireMod:DimensionalGlitch"],"picked":"ChewingGum"}],"items_purged_floors":[],"is_endless":false,"potions_floor_spawned":[1,10,11,16,20,24,25],"killed_by":"Centurion and Healer","ascension_level":0}}