{"host":"tw7a6rmo9h75ssrt","time":1610632250,"event":{"mods":["AchievementEnabler","Act Like it!","BaseMod","Better Debug","Colored Map","Dark Map","Highlight Path","Minty Spire (QoL Compilation)","Quick Restart","StSLib","SuperFastMode"],"gold_per_floor":[109,129,129,129,129,129,157,82,150,162,181,201,201,55,55,153,153,173,173,0,0,13,13,26,125,125,138,155,155,187,203,203,303,303,314,331,331,349,6,35,46,64,64,64,99,99,99,118,118,118],"floor_reached":51,"language":"ZHS","playtime":2319,"items_purged":["Strike_R","Strike_R","Strike_R"],"score":1153,"play_id":"cd348e95-f173-45ae-bbe0-2edecc47174b","local_time":"20210114215050","is_ascension_mode":true,"campfire_choices":[{"data":"Shrug It Off","floor":6.0,"key":"SMITH"},{"data":"Armaments","floor":15.0,"key":"SMITH"},{"data":"Ghostly Armor","floor":23.0,"key":"SMITH"},{"data":"Entrench","floor":29.0,"key":"SMITH"},{"data":"Dual Wield","floor":32.0,"key":"SMITH"},{"floor":44,"key":"REST"},{"data":"Battle Trance","floor":49,"key":"SMITH"}],"circlet_count":0,"master_deck":["Strike_R","Strike_R","Defend_R","Defend_R","Defend_R","Defend_R","Bash","Shrug It Off+1","Body Slam+1","Armaments+1","Barricade+1","Battle Trance+1","Ghostly Armor+1","Dark Embrace+1","Pommel Strike+1","Entrench+1","Pommel Strike+1","Dual Wield+1","Brutality+1","True Grit+1","Burning Pact","Warcry+1","Dark Embrace+1"],"relics":["Burning Blood","NeowsBlessing","Gambling Chip","Frozen Egg 2","Molten Egg 2","StoneCalendar","Philosopher\u0027s Stone","Bronze Scales","Champion Belt","Sozu","ClockworkSouvenir","InkBottle","Mummified Hand","Pantograph"],"acts_visited":["Exordium","TheCity","TheBeyond"],"potions_floor_usage":[41,50],"damage_taken":[{"damage":0.0,"enemies":"2 Louse","floor":1.0,"turns":1.0},{"damage":0.0,"enemies":"Jaw Worm","floor":2.0,"turns":1.0},{"damage":0.0,"enemies":"3 Sentries","floor":7.0,"turns":1.0},{"damage":1.0,"enemies":"Cultist","floor":10.0,"turns":4.0},{"damage":18.0,"enemies":"Exordium Thugs","floor":11.0,"turns":6.0},{"damage":1.0,"enemies":"Looter","floor":12.0,"turns":3.0},{"damage":38.0,"enemies":"The Guardian","floor":16.0,"turns":14.0},{"damage":24.0,"enemies":"3 Byrds","floor":18.0,"turns":6.0},{"damage":6.0,"enemies":"2 Thieves","floor":22.0,"turns":5.0},{"damage":3.0,"enemies":"Snake Plant","floor":24.0,"turns":5.0},{"damage":8.0,"enemies":"Sentry and Sphere","floor":27.0,"turns":7.0},{"damage":0.0,"enemies":"Shelled Parasite and Fungi","floor":28.0,"turns":4.0},{"damage":0.0,"enemies":"Book of Stabbing","floor":30.0,"turns":4.0},{"damage":0.0,"enemies":"Chosen and Byrds","floor":31.0,"turns":5.0},{"damage":5.0,"enemies":"Collector","floor":33.0,"turns":9.0},{"damage":2.0,"enemies":"Orb Walker","floor":35.0,"turns":3.0},{"damage":6.0,"enemies":"3 Darklings","floor":36.0,"turns":7.0},{"damage":21.0,"enemies":"Jaw Worm Horde","floor":38.0,"turns":5.0},{"damage":19.0,"enemies":"Reptomancer","floor":40.0,"turns":4.0},{"damage":34,"enemies":"Transient","floor":41,"turns":5},{"damage":4,"enemies":"3 Darklings","floor":42,"turns":5},{"damage":2,"enemies":"Nemesis","floor":45,"turns":3},{"damage":3,"enemies":"4 Shapes","floor":48,"turns":4},{"damage":4,"enemies":"Awakened One","floor":50,"turns":5}],"seed_played":"-8869001587039257619","potions_obtained":[{"floor":2.0,"key":"DuplicationPotion"},{"floor":11.0,"key":"DuplicationPotion"},{"floor":12.0,"key":"FearPotion"},{"floor":16.0,"key":"Energy Potion"},{"floor":18.0,"key":"DistilledChaos"},{"floor":28.0,"key":"EntropicBrew"},{"floor":30.0,"key":"Fruit Juice"},{"floor":31.0,"key":"Block Potion"}],"is_trial":false,"path_per_floor":["M","M","?","?","?","R","E","$","T","M","M","M","T","$","R","B",null,"M","?","?","?","M","R","M","?","T","M","M","R","E","M","R","B",null,"M","M","?","M","$","E","M","M","T","R","E","$","?","M","R","B",null],"character_chosen":"IRONCLAD","items_purchased":["Armaments","ClockworkSouvenir","Burning Pact"],"campfire_rested":1,"item_purchase_floors":[14,39,39],"current_hp_per_floor":[78,80,80,73,73,73,79,79,79,80,68,73,73,73,73,41,70,52,52,52,52,52,52,55,55,55,53,59,59,70,76,76,77,83,85,85,85,70,70,57,29,31,31,56,60,60,60,63,63,85],"gold":118,"neow_bonus":"THREE_ENEMY_KILL","is_daily":false,"chose_seed":false,"campfire_upgraded":6,"win_rate":0.0,"timestamp":1610632250,"path_taken":["M","M","?","?","?","R","E","?","T","?","M","?","?","$","R","BOSS","M","?","?","?","M","R","?","?","T","M","M","R","E","M","R","BOSS","M","M","?","?","?","E","M","M","T","R","E","?","?","M","R","BOSS"],"items_purchased_type":["Card","Relic","Card"],"build_version":"2020-12-22","purchased_purges":3,"victory":true,"max_hp_per_floor":[80,80,80,80,80,80,80,80,80,80,80,80,80,80,80,80,80,80,80,80,80,80,80,80,80,80,80,80,80,85,85,85,85,85,85,85,85,85,85,85,85,85,85,85,85,85,85,85,85,85],"card_choices":[{"not_picked":["Warcry","Perfected Strike","Rage"],"picked":"SKIP","floor":1.0},{"not_picked":["Clothesline","Perfected Strike"],"picked":"Shrug It Off","floor":2.0},{"not_picked":["Shockwave","Searing Blow","Thunderclap"],"picked":"SKIP","floor":7.0},{"not_picked":["Dropkick+1","Wild Strike+1","Shrug It Off"],"picked":"SKIP","floor":10.0},{"not_picked":["Limit Break","True Grit"],"picked":"Body Slam+1","floor":11.0},{"not_picked":["Anger+1","Clash+1","Havoc"],"picked":"SKIP","floor":12.0},{"not_picked":["Offering","Impervious"],"picked":"Barricade+1","floor":16.0},{"not_picked":["Twin Strike+1","Wild Strike+1","Armaments"],"picked":"SKIP","floor":18.0},{"not_picked":["Perfected Strike+1","Heavy Blade+1"],"picked":"Ghostly Armor","floor":22.0},{"not_picked":["Warcry","Pummel+1"],"picked":"Dark Embrace+1","floor":24.0},{"not_picked":["Body Slam+1","Whirlwind+1"],"picked":"Pommel Strike+1","floor":27.0},{"not_picked":["Headbutt+1","Heavy Blade+1"],"picked":"Entrench","floor":28.0},{"not_picked":["Double Tap","Metallicize+1"],"picked":"Pommel Strike+1","floor":30.0},{"not_picked":["Iron Wave+1","Carnage+1"],"picked":"Dual Wield","floor":31.0},{"not_picked":["Reaper+1","Bludgeon+1"],"picked":"Brutality+1","floor":33.0},{"not_picked":["Headbutt+1","Sword Boomerang+1","Dropkick+1"],"picked":"SKIP","floor":35.0},{"not_picked":["Disarm","Headbutt+1","Sword Boomerang+1"],"picked":"SKIP","floor":36.0},{"not_picked":["Sword Boomerang+1","Iron Wave+1"],"picked":"True Grit+1","floor":38.0},{"not_picked":["Sword Boomerang+1","Shrug It Off+1","Juggernaut+1"],"picked":"SKIP","floor":40.0},{"not_picked":["Cleave+1","Anger+1","Thunderclap+1"],"picked":"SKIP","floor":41},{"not_picked":["Uppercut+1","Heavy Blade+1","Cleave+1"],"picked":"SKIP","floor":42},{"not_picked":["Pommel Strike+1","Cleave+1"],"picked":"Warcry+1","floor":45},{"not_picked":["Flex+1","Burning Pact","Carnage+1"],"picked":"SKIP","floor":48}],"player_experience":30395,"relics_obtained":[{"floor":7.0,"key":"Frozen Egg 2"},{"floor":9.0,"key":"Molten Egg 2"},{"floor":13.0,"key":"StoneCalendar"},{"floor":26.0,"key":"Bronze Scales"},{"floor":30.0,"key":"Champion Belt"},{"floor":40.0,"key":"InkBottle"},{"floor":43,"key":"Mummified Hand"},{"floor":45,"key":"Pantograph"}],"event_choices":[{"damage_healed":0.0,"max_hp_gain":0.0,"max_hp_loss":0.0,"gold_gain":0.0,"event_name":"Liars Game","player_choice":"Ignored","floor":3.0,"gold_loss":0.0,"damage_taken":0.0},{"damage_healed":0.0,"max_hp_gain":0.0,"max_hp_loss":0.0,"gold_gain":0.0,"event_name":"Scrap Ooze","player_choice":"Success","floor":4.0,"gold_loss":0.0,"damage_taken":7.0,"relics_obtained":["Gambling Chip"]},{"damage_healed":0.0,"max_hp_gain":0.0,"max_hp_loss":0.0,"gold_gain":0.0,"event_name":"Shining Light","player_choice":"Ignored","floor":5.0,"gold_loss":0.0,"damage_taken":0.0},{"damage_healed":0.0,"max_hp_gain":0.0,"max_hp_loss":0.0,"gold_gain":0.0,"event_name":"Masked Bandits","player_choice":"Paid Fearfully","floor":20.0,"gold_loss":173.0,"damage_taken":0.0},{"damage_healed":0.0,"max_hp_gain":0.0,"max_hp_loss":0.0,"gold_gain":0.0,"event_name":"The Library","player_choice":"Read","floor":21.0,"gold_loss":0.0,"damage_taken":0.0,"cards_obtained":["Battle Trance"]},{"damage_healed":0.0,"max_hp_gain":0.0,"max_hp_loss":0.0,"gold_gain":99.0,"event_name":"Nest","player_choice":"Stole From Cult","floor":25.0,"gold_loss":0.0,"damage_taken":0.0},{"damage_healed":0.0,"max_hp_gain":0.0,"max_hp_loss":0.0,"gold_gain":0.0,"event_name":"Lab","player_choice":"Got Potions","floor":37.0,"gold_loss":0.0,"damage_taken":0.0},{"damage_healed":0,"gold_gain":0,"player_choice":"Copied","damage_taken":0,"max_hp_gain":0,"max_hp_loss":0,"event_name":"Duplicator","floor":47,"gold_loss":0,"cards_obtained":["Dark Embrace"]}],"is_beta":false,"boss_relics":[{"not_picked":["Calling Bell","SacredBark"],"picked":"Philosopher\u0027s Stone"},{"not_picked":["Coffee Dripper","Astrolabe"],"picked":"Sozu"}],"items_purged_floors":[8,14,39],"is_endless":false,"potions_floor_spawned":[2,11,12,16,18,28,30,31,33,36,40,42,48],"ascension_level":6}}