{"host":"m5bsg12zcyqnofur","time":1610664767,"event":{"mods":["AchievementEnabler","BaseMod","BetterRewards","Colored Powertips","Downfall","Hermit","Highlight Path","Minty Spire (QoL Compilation)","Quick Restart","Replay The Spire","Shop Mod","StSLib","The Bug Knight"],"gold_per_floor":[115,115,40,54,73,111,111,111,111],"floor_reached":8,"language":"ENG","playtime":463,"items_purged":["HollowMod:NailStrikeStart"],"score":64,"play_id":"d38440cb-0062-4b0f-bf50-802407132fb8","local_time":"20210114165247","is_ascension_mode":true,"campfire_choices":[{"data":"HollowMod:FocusHealStart","floor":7.0,"key":"SMITH"}],"circlet_count":0,"master_deck":["HollowMod:NailStrikeStart","HollowMod:NailStrikeStart","HollowMod:NailStrikeStart","HollowMod:QuickDashStart","HollowMod:QuickDashStart","HollowMod:QuickDashStart","HollowMod:QuickDashStart","HollowMod:FocusHealStart+1","HollowMod:PogoStrike","HollowMod:WraithStrike","HollowMod:CloakDash"],"relics":["Ring of Chaos","Golden Idol","Mirror"],"acts_visited":[],"potions_floor_usage":[],"damage_taken":[{"damage":1.0,"enemies":"Jaw Worm","floor":1.0,"turns":4.0},{"damage":0.0,"enemies":"Small Slimes","floor":4.0,"turns":3.0},{"damage":7.0,"enemies":"2 Louse","floor":5.0,"turns":3.0},{"damage":23.0,"enemies":"HollowMod:MossKnight","floor":6.0,"turns":13.0},{"damage":32,"enemies":"Gremlin Nob","floor":8,"turns":3}],"seed_played":"3395575005602942835","potions_obtained":[{"floor":5.0,"key":"Swift Potion"}],"is_trial":false,"path_per_floor":["M","?","$","M","M","E","R","E"],"character_chosen":"THE_BUGKNIGHT","items_purchased":[],"campfire_rested":0,"item_purchase_floors":[],"current_hp_per_floor":[74,56,56,56,49,26,26,0,0],"gold":111,"neow_bonus":"BOSS_RELIC","is_daily":false,"chose_seed":false,"campfire_upgraded":1,"win_rate":0.0,"timestamp":1610664767,"path_taken":["M","?","$","M","M","E","R","E"],"items_purchased_type":[],"build_version":"2020-12-22","purchased_purges":1,"victory":false,"max_hp_per_floor":[75,75,75,75,75,75,75,75,75],"card_choices":[{"not_picked":["HollowMod:NewJinnsSoul","HollowMod:HowlingWraiths"],"picked":"HollowMod:WraithStrike","floor":1.0},{"not_picked":["HollowMod:TaintedHusks","HollowMod:CrystalDash","HollowMod:NewJinnsSoul"],"picked":"SKIP","floor":4.0},{"not_picked":["HollowMod:CoiledNail","HollowMod:NewLittleFool","HollowMod:CornifersMapStart"],"picked":"SKIP","floor":5.0},{"not_picked":["HollowMod:NewJinnsSoul","HollowMod:HornetsHelp"],"picked":"HollowMod:CloakDash","floor":6.0}],"player_experience":221415,"relics_obtained":[{"floor":6.0,"key":"Mirror"}],"event_choices":[{"damage_healed":0.0,"max_hp_gain":0.0,"max_hp_loss":0.0,"gold_gain":0.0,"event_name":"Golden Idol","player_choice":"Take Damage","floor":2.0,"gold_loss":0.0,"damage_taken":18.0,"relics_obtained":["Golden Idol"]}],"is_beta":false,"boss_relics":[],"items_purged_floors":[3],"is_endless":false,"potions_floor_spawned":[5],"killed_by":"Gremlin Nob","ascension_level":3}}