{"host":"opg65mucj6ra7dr1","time":1610620260,"event":{"mods":["BaseMod","DeckTracker","Keyboard Shortcuts","Minty Spire (QoL Compilation)","Permanent Neow","Quick Restart","everything is the same but u backflip on backflip"],"gold_per_floor":[118,136,136,146,146,177,177,205,251,251,308,308,327,327,327,423,423,443,443,459,459,469,502,513,541,568,478,478,497,373,401,401,505,505,519,532,532,532,550,550,570,366,366,397,409,409,436,217,217,217],"floor_reached":51,"language":"KOR","playtime":2347,"items_purged":["Strike_R","Defend_R"],"score":1119,"play_id":"d9c14f5f-7602-4880-8881-08674967d598","local_time":"20210114193100","is_ascension_mode":true,"campfire_choices":[{"data":"Armaments","floor":7.0,"key":"SMITH"},{"data":"Spot Weakness","floor":10.0,"key":"SMITH"},{"floor":12.0,"key":"REST"},{"data":"Shockwave","floor":15.0,"key":"SMITH"},{"floor":28.0,"key":"REST"},{"data":"1","floor":32.0,"key":"LIFT"},{"data":"2","floor":40,"key":"LIFT"},{"data":"3","floor":46,"key":"LIFT"},{"data":"Limit Break","floor":49,"key":"SMITH"}],"circlet_count":0,"master_deck":["Defend_R","Bash+1","Demon Form","Spot Weakness+1","Twin Strike","Armaments+1","Heavy Blade","Sword Boomerang","Shockwave+1","Headbutt","Offering","Pommel Strike+1","Flex+1","Shrug It Off","Iron Wave","Pommel Strike","Seeing Red","Feed","Heavy Blade+1","Offering","Limit Break+1","CurseOfTheBell","Evolve+1","Rage","Inflame+1","Thunderclap","Shrug It Off","Battle Trance+1"],"relics":["Burning Blood","Blue Candle","Bag of Preparation","Akabeko","Orichalcum","Astrolabe","Kunai","Frozen Egg 2","Meat on the Bone","Juzu Bracelet","Girya","Calling Bell","Centennial Puzzle","Paper Frog","Incense Burner","Question Card","Singing Bowl","Mercury Hourglass","Calipers","Lantern"],"acts_visited":["Exordium","TheCity","TheBeyond"],"potions_floor_usage":[50,50],"damage_taken":[{"damage":11.0,"enemies":"Cultist","floor":1.0,"turns":4.0},{"damage":7.0,"enemies":"Jaw Worm","floor":2.0,"turns":3.0},{"damage":0.0,"enemies":"2 Louse","floor":4.0,"turns":2.0},{"damage":35.0,"enemies":"3 Sentries","floor":6.0,"turns":7.0},{"damage":27.0,"enemies":"Lagavulin","floor":8.0,"turns":5.0},{"damage":13.0,"enemies":"Gremlin Nob","floor":11.0,"turns":3.0},{"damage":0.0,"enemies":"Looter","floor":13.0,"turns":1.0},{"damage":22.0,"enemies":"Slime Boss","floor":16.0,"turns":6.0},{"damage":7.0,"enemies":"Chosen","floor":18.0,"turns":3.0},{"damage":12.0,"enemies":"Shell Parasite","floor":20.0,"turns":2.0},{"damage":2.0,"enemies":"3 Cultists","floor":22.0,"turns":4.0},{"damage":28.0,"enemies":"Gremlin Leader","floor":23.0,"turns":5.0},{"damage":38.0,"enemies":"Snake Plant","floor":24.0,"turns":3.0},{"damage":17.0,"enemies":"Slavers","floor":25.0,"turns":5.0},{"damage":13.0,"enemies":"Chosen and Byrds","floor":29.0,"turns":4.0},{"damage":23.0,"enemies":"Book of Stabbing","floor":31.0,"turns":3.0},{"damage":38.0,"enemies":"Champ","floor":33.0,"turns":6.0},{"damage":17.0,"enemies":"Orb Walker","floor":35.0,"turns":3.0},{"damage":6.0,"enemies":"3 Shapes","floor":36.0,"turns":3.0},{"damage":21.0,"enemies":"Transient","floor":39.0,"turns":5.0},{"damage":12,"enemies":"Spire Growth","floor":41,"turns":2},{"damage":42,"enemies":"Nemesis","floor":44,"turns":5},{"damage":6,"enemies":"Writhing Mass","floor":45,"turns":1},{"damage":12,"enemies":"Giant Head","floor":47,"turns":3},{"damage":39,"enemies":"Awakened One","floor":50,"turns":5}],"seed_played":"2994480007718683648","potions_obtained":[{"floor":2.0,"key":"Explosive Potion"},{"floor":8.0,"key":"Explosive Potion"},{"floor":16.0,"key":"CultistPotion"},{"floor":20.0,"key":"LiquidMemories"},{"floor":24.0,"key":"AttackPotion"},{"floor":25.0,"key":"SkillPotion"},{"floor":33.0,"key":"Explosive Potion"},{"floor":36.0,"key":"GamblersBrew"}],"is_trial":false,"path_per_floor":["M","M","?","M","?","E","R","E","T","R","?","R","M","?","R","B",null,"M","?","M","?","M","E","M","E","T","?","R","M","$","E","R","B",null,"M","M","?","?","M","R","M","$","T","E","M","R","E","$","R","B",null],"character_chosen":"IRONCLAD","items_purchased":["True Grit","Thunderclap","Shrug It Off","Lantern","LiquidMemories"],"campfire_rested":2,"item_purchase_floors":[30,42,42,48,48],"current_hp_per_floor":[67,66,71,77,70,41,41,20,20,20,13,38,44,44,44,28,71,70,70,64,85,85,63,31,20,20,20,45,53,53,48,48,31,76,65,68,68,68,65,65,59,59,59,39,53,53,65,65,65,47],"gold":217,"neow_bonus":"ONE_RANDOM_RARE_CARD","is_daily":false,"chose_seed":false,"campfire_upgraded":4,"win_rate":0.0,"timestamp":1610620260,"path_taken":["M","?","?","M","?","E","R","E","T","R","?","R","M","?","R","BOSS","M","?","M","?","?","E","M","E","T","?","R","M","$","E","R","BOSS","M","M","?","?","M","R","M","$","T","E","M","R","E","?","R","BOSS"],"items_purchased_type":["Card","Card","Card","Relic","Potion"],"build_version":"2020-12-22","purchased_purges":2,"victory":true,"max_hp_per_floor":[80,80,85,85,85,85,85,85,85,85,85,85,85,85,85,85,85,85,85,85,85,85,85,85,85,85,85,85,88,88,88,88,91,91,91,94,94,94,94,94,94,94,94,98,100,100,106,106,106,109],"card_choices":[{"not_picked":["Headbutt","Warcry"],"picked":"Spot Weakness","floor":1.0},{"not_picked":["Warcry","Havoc"],"picked":"Twin Strike","floor":2.0},{"not_picked":["Hemokinesis","Iron Wave"],"picked":"Armaments","floor":4.0},{"not_picked":["Whirlwind","Rupture"],"picked":"Heavy Blade","floor":6.0},{"not_picked":["Double Tap","Blood for Blood"],"picked":"Sword Boomerang","floor":8.0},{"not_picked":["Rage","Havoc"],"picked":"Shockwave","floor":11.0},{"not_picked":["Rage","Warcry"],"picked":"Headbutt","floor":13.0},{"not_picked":["Impervious","Juggernaut"],"picked":"Offering","floor":16.0},{"not_picked":["Cleave","Blood for Blood"],"picked":"Shrug It Off","floor":18.0},{"not_picked":["Rampage","Wild Strike+1","Sentinel"],"picked":"SKIP","floor":20.0},{"not_picked":["Perfected Strike","Carnage"],"picked":"Iron Wave","floor":22.0},{"not_picked":["Iron Wave","Sentinel"],"picked":"Pommel Strike","floor":23.0},{"not_picked":["Rupture+1","Combust+1"],"picked":"Seeing Red","floor":24.0},{"not_picked":["Cleave","Heavy Blade"],"picked":"Feed","floor":25.0},{"not_picked":["Armaments+1","Flex"],"picked":"Heavy Blade+1","floor":29.0},{"not_picked":["Wild Strike","Anger+1"],"picked":"Offering","floor":31.0},{"not_picked":["Impervious","Demon Form+1"],"picked":"Limit Break","floor":33.0},{"not_picked":["Iron Wave+1","Dropkick"],"picked":"Evolve+1","floor":35.0},{"not_picked":["Havoc","Burning Pact+1"],"picked":"Rage","floor":36.0},{"not_picked":["Combust+1","Headbutt","Pommel Strike","Rupture+1"],"picked":"SKIP","floor":39},{"not_picked":["Havoc+1","Cleave","Perfected Strike+1"],"picked":"Inflame+1","floor":41},{"not_picked":["Anger","Uppercut+1","Second Wind"],"picked":"Battle Trance+1","floor":44},{"not_picked":["Thunderclap+1","Evolve+1","Dark Embrace+1","Heavy Blade+1"],"picked":"Singing Bowl","floor":45},{"not_picked":["Bloodletting+1","Clash+1","Wild Strike","Headbutt"],"picked":"Singing Bowl","floor":47}],"player_experience":106505,"relics_obtained":[{"floor":6.0,"key":"Blue Candle"},{"floor":8.0,"key":"Bag of Preparation"},{"floor":9.0,"key":"Akabeko"},{"floor":11.0,"key":"Orichalcum"},{"floor":23.0,"key":"Frozen Egg 2"},{"floor":25.0,"key":"Meat on the Bone"},{"floor":26.0,"key":"Juzu Bracelet"},{"floor":31.0,"key":"Girya"},{"floor":34.0,"key":"Centennial Puzzle"},{"floor":34.0,"key":"Paper Frog"},{"floor":34.0,"key":"Incense Burner"},{"floor":43,"key":"Singing Bowl"},{"floor":44,"key":"Mercury Hourglass"},{"floor":47,"key":"Calipers"}],"event_choices":[{"damage_healed":0.0,"max_hp_gain":5.0,"max_hp_loss":0.0,"gold_gain":0.0,"event_name":"Big Fish","player_choice":"Donut","floor":3.0,"gold_loss":0.0,"damage_taken":0.0},{"cards_removed":["Strike_R"],"damage_healed":0.0,"max_hp_gain":0.0,"max_hp_loss":0.0,"gold_gain":0.0,"event_name":"Golden Wing","player_choice":"Card Removal","floor":5.0,"gold_loss":0.0,"damage_taken":7.0},{"damage_healed":0.0,"max_hp_gain":0.0,"max_hp_loss":0.0,"gold_gain":0.0,"event_name":"Dead Adventurer","player_choice":"Searched \u00272\u0027 times","floor":11.0,"gold_loss":0.0,"damage_taken":0.0},{"cards_removed":["Strike_R"],"damage_healed":0.0,"max_hp_gain":0.0,"max_hp_loss":0.0,"gold_gain":0.0,"event_name":"Living Wall","player_choice":"Forget","floor":14.0,"gold_loss":0.0,"damage_taken":0.0},{"damage_healed":0.0,"max_hp_gain":0.0,"max_hp_loss":0.0,"gold_gain":0.0,"event_name":"The Mausoleum","player_choice":"Opened","floor":19.0,"gold_loss":0.0,"damage_taken":0.0,"relics_obtained":["Kunai"]},{"cards_removed":["Combust"],"damage_healed":21.0,"max_hp_gain":0.0,"max_hp_loss":0.0,"gold_gain":0.0,"event_name":"Bonfire Elementals","player_choice":"Offered Uncommon","floor":21.0,"gold_loss":0.0,"damage_taken":0.0},{"cards_removed":["Strike_R"],"damage_healed":0.0,"max_hp_gain":0.0,"max_hp_loss":0.0,"gold_gain":0.0,"event_name":"Designer","player_choice":"Upgrade and Remove","floor":27.0,"gold_loss":90.0,"damage_taken":0.0,"cards_upgraded":["Bash"]},{"damage_healed":0.0,"max_hp_gain":0.0,"max_hp_loss":0.0,"gold_gain":0.0,"event_name":"SensoryStone","player_choice":"Memory 1","floor":37.0,"gold_loss":0.0,"damage_taken":0.0},{"cards_removed":["True Grit"],"damage_healed":0.0,"max_hp_gain":0.0,"max_hp_loss":0.0,"gold_gain":0.0,"event_name":"WeMeetAgain","player_choice":"Gave Card","floor":38.0,"gold_loss":0.0,"damage_taken":0.0,"relics_obtained":["Question Card"]}],"is_beta":false,"boss_relics":[{"not_picked":["Ectoplasm","Mark of Pain"],"picked":"Astrolabe"},{"not_picked":["Runic Cube","Velvet Choker"],"picked":"Calling Bell"}],"items_purged_floors":[30,42],"is_endless":false,"potions_floor_spawned":[2,8,16,20,24,25,33,36,39,41],"ascension_level":7}}