{"host":"sa4ahr18fk2zb79f","time":1610661549,"event":{"mods":["AchievementEnabler","BaseMod","Colored Map","Colored Powertips","Highlight Path","Minty Spire (QoL Compilation)","Permanent Neow","Quick Restart","Rare Cards Sparkle","Relic Sorter"],"gold_per_floor":[113,113,129,149,161,196,196,231,231,241,241,241,60,85,85,181,181,194,109,109,123,138,163,163,181,181,181,181,198,230,247,247,346,346,364,382,432,60,112,145,145,173,208,228,228,246,246,146,146,146,146,146,76,105,105],"floor_reached":56,"language":"ENG","playtime":7563,"items_purged":["Shame","Shame"],"score":1288,"play_id":"e63bb6e3-5084-49a6-b366-1ad9cd97dab1","local_time":"20210114225909","is_ascension_mode":false,"campfire_choices":[{"data":"Echo Form","floor":7.0,"key":"SMITH"},{"data":"Self Repair","floor":11.0,"key":"SMITH"},{"data":"Storm","floor":15.0,"key":"SMITH"},{"data":"Electrodynamics","floor":24.0,"key":"SMITH"},{"data":"Heatsinks","floor":27.0,"key":"SMITH"},{"data":"Buffer","floor":32.0,"key":"SMITH"},{"data":"Creative AI","floor":41.0,"key":"SMITH"},{"floor":45.0,"key":"RECALL"},{"data":"Thinking Ahead","floor":49.0,"key":"SMITH"},{"data":"Defragment","floor":52,"key":"SMITH"}],"circlet_count":0,"master_deck":["Strike_B","Strike_B","Strike_B","Strike_B","Defend_B","Defend_B","Defend_B","Defend_B+1","Zap","Dualcast+1","Self Repair+1","Defragment+1","Coolheaded","Echo Form+1","BootSequence","Compile Driver","Sunder","Static Discharge","Doom and Gloom","Storm+1","Electrodynamics+1","Conserve Battery","Heatsinks+1","Static Discharge+1","Chill","Capacitor+1","Buffer+1","Melter+1","Creative AI+1","Parasite","Skim+1","BootSequence+1","Hello World","Defragment+1","Capacitor","Consume","Double Energy+1","Loop+1","Mayhem","Thinking Ahead+1","Storm"],"relics":["Coffee Dripper","War Paint","Pantograph","Symbiotic Virus","Ornamental Fan","Cursed Key","HornCleat","DataDisk","Akabeko","Molten Egg 2","Astrolabe","Incense Burner","Medical Kit","Torii","Matryoshka","CeramicFish","Bag of Preparation","Boot","Mummified Hand"],"acts_visited":["Exordium","TheCity","TheBeyond","TheEnding"],"potions_floor_usage":[54,55,55],"damage_taken":[{"damage":6.0,"enemies":"Cultist","floor":1.0,"turns":3.0},{"damage":5.0,"enemies":"Small Slimes","floor":3.0,"turns":3.0},{"damage":8.0,"enemies":"2 Louse","floor":4.0,"turns":3.0},{"damage":2.0,"enemies":"Blue Slaver","floor":5.0,"turns":4.0},{"damage":59.0,"enemies":"Gremlin Nob","floor":6.0,"turns":6.0},{"damage":7.0,"enemies":"3 Sentries","floor":8.0,"turns":10.0},{"damage":2.0,"enemies":"Gremlin Gang","floor":10.0,"turns":6.0},{"damage":1.0,"enemies":"Lagavulin","floor":14.0,"turns":6.0},{"damage":34.0,"enemies":"The Guardian","floor":16.0,"turns":7.0},{"damage":0.0,"enemies":"Chosen","floor":18.0,"turns":3.0},{"damage":5.0,"enemies":"3 Byrds","floor":21.0,"turns":3.0},{"damage":0.0,"enemies":"Snecko","floor":22.0,"turns":3.0},{"damage":3.0,"enemies":"Gremlin Leader","floor":23.0,"turns":5.0},{"damage":0.0,"enemies":"Snake Plant","floor":25.0,"turns":3.0},{"damage":1.0,"enemies":"Cultist and Chosen","floor":29.0,"turns":4.0},{"damage":19.0,"enemies":"Slavers","floor":30.0,"turns":4.0},{"damage":0.0,"enemies":"Snecko","floor":31.0,"turns":4.0},{"damage":39.0,"enemies":"Automaton","floor":33.0,"turns":7.0},{"damage":0.0,"enemies":"Orb Walker","floor":35.0,"turns":3.0},{"damage":2.0,"enemies":"3 Shapes","floor":36.0,"turns":3.0},{"damage":0.0,"enemies":"Mind Bloom Boss Battle","floor":37.0,"turns":4.0},{"damage":0.0,"enemies":"2 Orb Walkers","floor":39.0,"turns":4.0},{"damage":0.0,"enemies":"Reptomancer","floor":40.0,"turns":5.0},{"damage":6.0,"enemies":"Nemesis","floor":42.0,"turns":5.0},{"damage":1.0,"enemies":"Spire Growth","floor":44.0,"turns":4.0},{"damage":0.0,"enemies":"Time Eater","floor":50.0,"turns":7.0},{"damage":1,"enemies":"Shield and Spear","floor":54,"turns":3},{"damage":74,"enemies":"The Heart","floor":55,"turns":4}],"seed_played":"-1177760524981105134","potions_obtained":[{"floor":5.0,"key":"Dexterity Potion"},{"floor":8.0,"key":"EssenceOfSteel"},{"floor":10.0,"key":"ColorlessPotion"},{"floor":14.0,"key":"PotionOfCapacity"},{"floor":22.0,"key":"BlessingOfTheForge"},{"floor":29.0,"key":"PotionOfCapacity"},{"floor":30.0,"key":"DistilledChaos"},{"floor":31.0,"key":"Dexterity Potion"},{"floor":33.0,"key":"AttackPotion"},{"floor":36.0,"key":"SkillPotion"},{"floor":39.0,"key":"FocusPotion"}],"is_trial":false,"path_per_floor":["M","?","M","M","M","E","R","E","T","M","R","?","$","E","R","B",null,"M","?","?","M","M","E","R","M","T","R","T","M","E","M","R","B",null,"M","M","?","$","?","E","R","E","T","M","R","?","?","$","R","B",null,"R","$","E","B",null],"character_chosen":"DEFECT","items_purchased":["Sunder","Static Discharge","Doom and Gloom","Medical Kit","Capacitor","Consume","Storm"],"campfire_rested":0,"item_purchase_floors":[13,13,13,38,38,38,53],"current_hp_per_floor":[69,69,71,63,68,16,16,23,23,35,35,35,35,44,44,45,75,75,75,75,75,75,75,75,75,75,75,75,75,56,66,66,46,75,75,73,75,75,75,75,75,75,75,74,74,69,69,69,69,75,75,75,75,75,11],"gold":105,"neow_bonus":"BOSS_RELIC","is_daily":false,"chose_seed":false,"campfire_upgraded":9,"win_rate":0.0,"timestamp":1610661549,"path_taken":["M","?","?","M","M","E","R","E","T","M","R","?","$","E","R","BOSS","M","?","?","M","M","E","R","M","T","R","?","?","E","M","R","BOSS","M","M","?","$","?","E","R","E","T","M","R","?","?","$","R","BOSS","R","$","E","BOSS"],"items_purchased_type":["Card","Card","Card","Relic","Card","Card","Card"],"build_version":"2020-12-22","purchased_purges":2,"victory":true,"max_hp_per_floor":[75,75,75,75,75,75,75,75,75,75,75,75,75,75,75,75,75,75,75,75,75,75,75,75,75,75,75,75,75,75,75,75,75,75,75,75,75,75,75,75,75,75,75,75,75,75,75,75,75,75,75,75,75,75,75],"card_choices":[{"not_picked":["Coolheaded","Leap"],"picked":"Self Repair","floor":1.0},{"not_picked":["Hologram","Storm"],"picked":"Auto Shields","floor":3.0},{"not_picked":["Hologram","Stack"],"picked":"Defragment","floor":4.0},{"not_picked":["Double Energy","Go for the Eyes"],"picked":"Coolheaded","floor":5.0},{"not_picked":["Self Repair","Go for the Eyes"],"picked":"Echo Form","floor":6.0},{"not_picked":["Gash","Streamline"],"picked":"BootSequence","floor":8.0},{"not_picked":["Cold Snap","Beam Cell"],"picked":"Compile Driver","floor":10.0},{"not_picked":["White Noise","Leap"],"picked":"Storm","floor":14.0},{"not_picked":["Reboot","Amplify"],"picked":"Electrodynamics","floor":16.0},{"not_picked":["Redo","Compile Driver+1"],"picked":"Conserve Battery","floor":18.0},{"not_picked":["Go for the Eyes","Leap"],"picked":"Heatsinks","floor":21.0},{"not_picked":["Conserve Battery","Steam"],"picked":"Static Discharge+1","floor":22.0},{"not_picked":["Turbo","Recycle+1"],"picked":"Chill","floor":23.0},{"not_picked":["Conserve Battery","Hyperbeam","FTL"],"picked":"SKIP","floor":25.0},{"not_picked":["Darkness","Undo"],"picked":"Capacitor+1","floor":29.0},{"not_picked":["Lockon+1","Genetic Algorithm"],"picked":"Buffer","floor":30.0},{"not_picked":["Cold Snap+1","Steam+1"],"picked":"Melter+1","floor":31.0},{"not_picked":["Reboot","Echo Form"],"picked":"Creative AI","floor":33.0},{"not_picked":["Streamline+1","Ball Lightning+1"],"picked":"BootSequence+1","floor":35.0},{"not_picked":["Melter+1","Streamline+1"],"picked":"Hello World","floor":36.0},{"not_picked":["Conserve Battery+1","Beam Cell+1"],"picked":"Defragment+1","floor":37.0},{"not_picked":["Skim+1","Gash+1"],"picked":"Double Energy+1","floor":40.0},{"not_picked":["Conserve Battery+1","Hologram","Genetic Algorithm+1"],"picked":"SKIP","floor":42.0},{"not_picked":["Go for the Eyes+1","BootSequence+1"],"picked":"Loop+1","floor":44.0},{"not_picked":["Swift Strike+1","Forethought"],"picked":"Mayhem","floor":46.0},{"not_picked":["Forethought","Dark Shackles"],"picked":"Thinking Ahead","floor":46.0},{"not_picked":["Steam Power","Self Repair+1","Redo+1"],"picked":"SKIP","floor":54}],"player_experience":400443,"relics_obtained":[{"floor":6.0,"key":"War Paint"},{"floor":8.0,"key":"Pantograph"},{"floor":9.0,"key":"Symbiotic Virus"},{"floor":14.0,"key":"Ornamental Fan"},{"floor":23.0,"key":"DataDisk"},{"floor":28.0,"key":"Akabeko"},{"floor":30.0,"key":"Molten Egg 2"},{"floor":37.0,"key":"Incense Burner"},{"floor":39.0,"key":"Torii"},{"floor":40.0,"key":"Matryoshka"},{"floor":42.0,"key":"CeramicFish"},{"floor":43.0,"key":"Bag of Preparation"},{"floor":43.0,"key":"Boot"},{"floor":54,"key":"Mummified Hand"}],"event_choices":[{"damage_healed":0.0,"max_hp_gain":0.0,"max_hp_loss":0.0,"gold_gain":0.0,"event_name":"NoteForYourself","player_choice":"Ignored","floor":2.0,"gold_loss":0.0,"damage_taken":0.0},{"damage_healed":0.0,"max_hp_gain":0.0,"max_hp_loss":0.0,"gold_gain":0.0,"event_name":"Shining Light","player_choice":"Ignored","floor":12.0,"gold_loss":0.0,"damage_taken":0.0},{"damage_healed":0.0,"max_hp_gain":0.0,"max_hp_loss":0.0,"gold_gain":0.0,"event_name":"Addict","player_choice":"Obtained Relic","floor":19.0,"gold_loss":85.0,"damage_taken":0.0,"relics_obtained":["HornCleat"]},{"damage_healed":0.0,"max_hp_gain":0.0,"max_hp_loss":0.0,"gold_gain":0.0,"event_name":"Beggar","player_choice":"Ignored","floor":20.0,"gold_loss":0.0,"damage_taken":0.0},{"damage_healed":0.0,"max_hp_gain":0.0,"max_hp_loss":0.0,"gold_gain":0.0,"event_name":"MindBloom","player_choice":"Fight","floor":37.0,"gold_loss":0.0,"damage_taken":0.0},{"damage_healed":0.0,"max_hp_gain":0.0,"max_hp_loss":0.0,"gold_gain":0.0,"event_name":"Mysterious Sphere","player_choice":"Fight","floor":39.0,"gold_loss":0.0,"damage_taken":0.0},{"damage_healed":0.0,"max_hp_gain":0.0,"max_hp_loss":0.0,"gold_gain":0.0,"event_name":"SensoryStone","player_choice":"Memory 2","floor":46.0,"gold_loss":0.0,"damage_taken":5.0},{"damage_healed":0.0,"max_hp_gain":0.0,"max_hp_loss":0.0,"gold_gain":0.0,"event_name":"Tomb of Lord Red Mask","player_choice":"Ignored","floor":47.0,"gold_loss":0.0,"damage_taken":0.0}],"is_beta":false,"boss_relics":[{"not_picked":["SacredBark","Tiny House"],"picked":"Cursed Key"},{"not_picked":["Calling Bell","Snecko Eye"],"picked":"Astrolabe"}],"items_purged_floors":[38,48],"is_endless":false,"potions_floor_spawned":[5,8,10,14,22,29,30,31,33,36,39,40,44],"ascension_level":0}}