{"host":"okzzojfld2krd5j7","time":1610619926,"event":{"mods":["BaseMod","Better Third Choice","Googly Eyes","Minty Spire (QoL Compilation)","Rare Cards Sparkle","Relic Stats","Replay The Spire","Spicy Shops","StSLib","TheLocksmith","Wandering Minibosses","vexMod"],"gold_per_floor":[128,152,164,31,21,21,21,21],"floor_reached":6,"language":"ENG","playtime":268,"items_purged":[],"score":36,"play_id":"1576c847-0f05-41ee-9e18-ee876640f51d","local_time":"20210114112526","is_ascension_mode":false,"campfire_choices":[],"circlet_count":0,"master_deck":["locksmith:Strike","locksmith:Strike","locksmith:Strike","locksmith:Strike","locksmith:Defend+1","locksmith:Defend","locksmith:Defend","locksmith:Defend","locksmith:KeyMove+1","locksmith:LockCrash","locksmith:JingleLoan","locksmith:ShrapnelLock","locksmith:SlowSapping"],"relics":["locksmith:FreeKey"],"acts_visited":["Exordium"],"potions_floor_usage":[6],"damage_taken":[{"damage":0,"enemies":"2 Louse","floor":1,"turns":3},{"damage":6,"enemies":"Jaw Worm","floor":2,"turns":4},{"damage":21,"enemies":"Cultist","floor":5,"turns":6},{"damage":52,"enemies":"Gremlin Nob","floor":6,"turns":5}],"seed_played":"3182024492647426158","potions_obtained":[{"floor":5,"key":"Adrenaline Potion"}],"is_trial":false,"path_per_floor":["M","M","?","$","M","E"],"character_chosen":"THE_LOCKSMITH","items_purchased":["locksmith:SlowSapping"],"campfire_rested":0,"item_purchase_floors":[4],"current_hp_per_floor":[79,73,57,57,36,0,0,0],"gold":21,"neow_bonus":"RANDOM_COMMON_RELIC","is_daily":false,"chose_seed":false,"campfire_upgraded":0,"win_rate":0.0,"timestamp":1610619926,"path_taken":["M","M","?","$","M","E"],"items_purchased_type":["Card"],"build_version":"2020-12-22","purchased_purges":0,"victory":false,"max_hp_per_floor":[79,79,79,79,79,79,79,79],"relic_stats":{"counters":[4,18],"obtain_stats":[{"locksmith:FreeKey":0,"MawBank":0},{"locksmith:FreeKey":0,"MawBank":0},{"locksmith:FreeKey":0,"MawBank":0}]},"card_choices":[{"not_picked":["locksmith:Keysmack","locksmith:ZaHando"],"picked":"locksmith:JingleLoan","floor":1},{"not_picked":["locksmith:SmackSmackBurn","locksmith:StrengthDummy"],"picked":"locksmith:ShrapnelLock","floor":2},{"not_picked":["locksmith:DeathGaze","locksmith:KeychainRain","locksmith:DDummy"],"picked":"SKIP","floor":5}],"player_experience":637834,"relics_obtained":[],"event_choices":[{"damage_healed":73,"gold_gain":0,"player_choice":"Upgrade","damage_taken":16,"max_hp_gain":0,"max_hp_loss":79,"event_name":"betterThird:BetterShining","floor":3,"gold_loss":0,"cards_upgraded":["locksmith:KeyMove","locksmith:Defend"]}],"is_beta":false,"boss_relics":[],"items_purged_floors":[],"is_endless":false,"potions_floor_spawned":[5],"killed_by":"Gremlin Nob","ascension_level":0}}