{"host":"k85tjwrh7mjrrc9a","time":1610668330,"event":{"mods":["AchievementEnabler","BaseMod","Colored Powertips","Highlight Path","Minty Spire (QoL Compilation)","Rare Cards Sparkle","StSLib"],"gold_per_floor":[118,137,205,224,239,239,266,191,237,237,254,271,305,322,322,418,418,433,433,451,376,340,340,340,373,373,373,72,72,82,112,112,207,207,226,242,324,336,353,353,363,56,83,83,83,131,159,179,179,179],"floor_reached":51,"language":"ENG","playtime":2505,"items_purged":["Strike_R"],"score":1128,"play_id":"b78786f9-da9a-4198-9cb7-1adfa501fc4c","local_time":"20210114185210","is_ascension_mode":true,"campfire_choices":[{"data":"Bash","floor":6.0,"key":"SMITH"},{"floor":15.0,"key":"REST"},{"floor":23.0,"key":"REST"},{"floor":27.0,"key":"REST"},{"floor":32.0,"key":"REST"},{"floor":40.0,"key":"REST"},{"floor":44.0,"key":"REST"},{"floor":49.0,"key":"REST"}],"circlet_count":0,"master_deck":["AscendersBane","Strike_R","Strike_R","Strike_R+1","Defend_R","Defend_R","Defend_R","Bash+1","Cleave","Flame Barrier","Perfected Strike","Perfected Strike","Shrug It Off","Wild Strike+1","Clothesline","Offering","Inflame","Battle Trance","Necronomicurse","Perfected Strike+1","Double Tap","Cleave+1","Decay","Shrug It Off","Barricade+1","True Grit","Ghostly Armor+1","Ghostly Armor","Pommel Strike","Body Slam","Deep Breath","True Grit+1"],"relics":["Burning Blood","Strawberry","Gremlin Horn","Boot","Toy Ornithopter","Dead Branch","Fusion Hammer","Necronomicon","Bag of Marbles","Singing Bowl","Orrery","Dream Catcher","Frozen Egg 2","Runic Cube","Mercury Hourglass","Whetstone","Pen Nib","Happy Flower","Du-Vu Doll","PreservedInsect"],"acts_visited":["Exordium","TheCity","TheBeyond"],"potions_floor_usage":[50,50,50],"damage_taken":[{"damage":6.0,"enemies":"Cultist","floor":1.0,"turns":4.0},{"damage":0.0,"enemies":"2 Louse","floor":2.0,"turns":2.0},{"damage":14.0,"enemies":"Jaw Worm","floor":4.0,"turns":3.0},{"damage":12.0,"enemies":"Blue Slaver","floor":5.0,"turns":5.0},{"damage":50.0,"enemies":"Lagavulin","floor":7.0,"turns":8.0},{"damage":13.0,"enemies":"Large Slime","floor":11.0,"turns":5.0},{"damage":0.0,"enemies":"Exordium Wildlife","floor":12.0,"turns":3.0},{"damage":17.0,"enemies":"3 Sentries","floor":13.0,"turns":7.0},{"damage":14.0,"enemies":"Red Slaver","floor":14.0,"turns":4.0},{"damage":26.0,"enemies":"Slime Boss","floor":16.0,"turns":11.0},{"damage":13.0,"enemies":"Spheric Guardian","floor":18.0,"turns":4.0},{"damage":19.0,"enemies":"2 Thieves","floor":20.0,"turns":3.0},{"damage":27.0,"enemies":"Slavers","floor":25.0,"turns":5.0},{"damage":2.0,"enemies":"Snecko","floor":30.0,"turns":2.0},{"damage":20.0,"enemies":"Gremlin Leader","floor":31.0,"turns":4.0},{"damage":71.0,"enemies":"Collector","floor":33.0,"turns":6.0},{"damage":10.0,"enemies":"3 Darklings","floor":35.0,"turns":3.0},{"damage":11.0,"enemies":"Orb Walker","floor":36.0,"turns":2.0},{"damage":38.0,"enemies":"Writhing Mass","floor":38.0,"turns":2.0},{"damage":13.0,"enemies":"4 Shapes","floor":39.0,"turns":4.0},{"damage":11.0,"enemies":"Jaw Worm Horde","floor":41.0,"turns":3.0},{"damage":22.0,"enemies":"2 Orb Walkers","floor":46.0,"turns":4.0},{"damage":6.0,"enemies":"Reptomancer","floor":47.0,"turns":3.0},{"damage":19.0,"enemies":"3 Darklings","floor":48.0,"turns":3.0},{"damage":56,"enemies":"Time Eater","floor":50,"turns":15}],"seed_played":"-4039292079962819897","potions_obtained":[{"floor":2.0,"key":"HeartOfIron"},{"floor":5.0,"key":"Ancient Potion"},{"floor":13.0,"key":"Strength Potion"},{"floor":14.0,"key":"Block Potion"},{"floor":16.0,"key":"ColorlessPotion"},{"floor":25.0,"key":"SkillPotion"},{"floor":30.0,"key":"SpeedPotion"},{"floor":31.0,"key":"Energy Potion"},{"floor":33.0,"key":"Fire Potion"},{"floor":41.0,"key":"SkillPotion"},{"floor":47.0,"key":"EssenceOfSteel"}],"is_trial":false,"path_per_floor":["M","M","T","M","M","R","E","$","T","?","M","M","E","M","R","B",null,"M","$","M","?","$","R","?","E","T","R","$","?","M","E","R","B",null,"M","M","T","M","M","R","M","$","T","R","?","?","E","M","R","B",null],"character_chosen":"IRONCLAD","items_purchased":["Battle Trance","Orrery","Dream Catcher","Whetstone","Pen Nib"],"campfire_rested":7,"item_purchase_floors":[22,28,28,42,42],"current_hp_per_floor":[79,85,85,77,71,71,27,27,27,27,20,26,20,12,38,23,71,64,64,56,56,56,82,66,45,45,71,77,77,83,71,97,32,81,79,76,76,49,42,72,72,72,72,101,101,85,87,76,107,57],"gold":179,"neow_bonus":"RANDOM_COMMON_RELIC","is_daily":false,"chose_seed":false,"campfire_upgraded":1,"win_rate":0.0,"timestamp":1610668330,"path_taken":["M","M","?","M","M","R","E","?","T","?","M","?","E","?","R","BOSS","M","$","M","?","$","R","?","E","T","R","$","?","?","E","R","BOSS","M","M","?","M","M","R","?","$","T","R","?","?","E","M","R","BOSS"],"items_purchased_type":["Card","Relic","Relic","Relic","Relic"],"build_version":"2020-12-22","purchased_purges":1,"victory":true,"max_hp_per_floor":[87,87,87,87,87,87,87,87,87,87,87,87,87,87,87,87,87,87,87,87,87,87,87,87,87,87,87,93,93,95,97,97,97,97,99,101,101,101,101,101,101,101,101,101,101,101,103,105,107,107],"card_choices":[{"not_picked":["Heavy Blade","Ghostly Armor"],"picked":"Cleave","floor":1.0},{"not_picked":["Fire Breathing","Clothesline"],"picked":"Flame Barrier","floor":2.0},{"not_picked":["Metallicize","Spot Weakness"],"picked":"Perfected Strike","floor":4.0},{"not_picked":["Combust","Flex","Searing Blow"],"picked":"SKIP","floor":5.0},{"not_picked":["Clothesline","Clash"],"picked":"Perfected Strike","floor":7.0},{"not_picked":["Perfected Strike","Cleave","Anger"],"picked":"SKIP","floor":11.0},{"not_picked":["Metallicize","Cleave"],"picked":"Shrug It Off","floor":12.0},{"not_picked":["Bludgeon","Dark Embrace"],"picked":"Wild Strike","floor":13.0},{"not_picked":["Flex","Blood for Blood"],"picked":"Clothesline","floor":14.0},{"not_picked":["Brutality","Berserk"],"picked":"Offering","floor":16.0},{"not_picked":["Heavy Blade","Entrench"],"picked":"Inflame","floor":18.0},{"not_picked":["Blood for Blood","Wild Strike","Fire Breathing"],"picked":"SKIP","floor":20.0},{"not_picked":["Sentinel","Flex"],"picked":"Perfected Strike+1","floor":25.0},{"not_picked":["Power Through","Clash+1"],"picked":"Double Tap","floor":28.0},{"not_picked":["Havoc","Armaments","Intimidate"],"picked":"Singing Bowl","floor":28.0},{"not_picked":["Sword Boomerang","Flex"],"picked":"Cleave+1","floor":28.0},{"not_picked":["Offering","Sever Soul","Flex"],"picked":"Singing Bowl","floor":28.0},{"not_picked":["Sever Soul","Sentinel","Spot Weakness+1"],"picked":"Singing Bowl","floor":28.0},{"not_picked":["Inflame","Reckless Charge","Clothesline+1"],"picked":"Singing Bowl","floor":30.0},{"not_picked":["Rage","Rupture+1","Seeing Red"],"picked":"Singing Bowl","floor":31.0},{"not_picked":["Clothesline","Thunderclap+1"],"picked":"Shrug It Off","floor":32.0},{"not_picked":["Offering","Berserk+1"],"picked":"Barricade+1","floor":33.0},{"not_picked":["Headbutt+1","Armaments","Rupture+1"],"picked":"Singing Bowl","floor":35.0},{"not_picked":["Clash+1","Armaments","Second Wind"],"picked":"Singing Bowl","floor":36.0},{"not_picked":["Sword Boomerang+1","Clash+1"],"picked":"True Grit","floor":38.0},{"not_picked":["Uppercut+1","Armaments"],"picked":"Ghostly Armor+1","floor":39.0},{"not_picked":["Cleave","Warcry+1"],"picked":"Ghostly Armor","floor":40.0},{"not_picked":["Berserk+1","Dark Embrace+1"],"picked":"Pommel Strike","floor":41.0},{"not_picked":["Thunderclap+1","Twin Strike"],"picked":"Body Slam","floor":44.0},{"not_picked":["Chrysalis","Panache+1"],"picked":"Deep Breath","floor":45.0},{"not_picked":["Warcry+1","Shrug It Off+1"],"picked":"True Grit+1","floor":46.0},{"not_picked":["Corruption+1","Perfected Strike","Body Slam+1"],"picked":"Singing Bowl","floor":47.0},{"not_picked":["Dark Embrace+1","Sword Boomerang","Thunderclap+1"],"picked":"Singing Bowl","floor":48.0},{"not_picked":["Warcry+1","Flex","Sword Boomerang"],"picked":"Singing Bowl","floor":49.0}],"player_experience":194523,"relics_obtained":[{"floor":3.0,"key":"Gremlin Horn"},{"floor":7.0,"key":"Boot"},{"floor":9.0,"key":"Toy Ornithopter"},{"floor":13.0,"key":"Dead Branch"},{"floor":24.0,"key":"Necronomicon"},{"floor":25.0,"key":"Bag of Marbles"},{"floor":26.0,"key":"Singing Bowl"},{"floor":31.0,"key":"Frozen Egg 2"},{"floor":37.0,"key":"Mercury Hourglass"},{"floor":43.0,"key":"Happy Flower"},{"floor":46.0,"key":"Du-Vu Doll"},{"floor":47.0,"key":"PreservedInsect"}],"event_choices":[{"cards_removed":["Strike_R"],"damage_healed":0.0,"max_hp_gain":0.0,"max_hp_loss":0.0,"gold_gain":0.0,"event_name":"Bonfire Elementals","player_choice":"Offered Basic","floor":10.0,"gold_loss":0.0,"damage_taken":0.0},{"cards_removed":["Defend_R"],"damage_healed":0.0,"max_hp_gain":0.0,"max_hp_loss":0.0,"gold_gain":0.0,"event_name":"Beggar","player_choice":"Gave Gold","floor":21.0,"gold_loss":75.0,"damage_taken":0.0},{"damage_healed":0.0,"max_hp_gain":0.0,"max_hp_loss":0.0,"gold_gain":0.0,"event_name":"Cursed Tome","player_choice":"Obtained Book","floor":24.0,"gold_loss":0.0,"damage_taken":16.0},{"damage_healed":0.0,"max_hp_gain":0.0,"max_hp_loss":0.0,"gold_gain":0.0,"event_name":"Forgotten Altar","player_choice":"Smashed Altar","floor":29.0,"gold_loss":0.0,"damage_taken":0.0,"cards_obtained":["Decay"]},{"damage_healed":0.0,"max_hp_gain":0.0,"max_hp_loss":0.0,"gold_gain":0.0,"event_name":"SensoryStone","player_choice":"Memory 1","floor":45.0,"gold_loss":0.0,"damage_taken":0.0},{"damage_healed":0.0,"max_hp_gain":0.0,"max_hp_loss":0.0,"gold_gain":0.0,"event_name":"Mysterious Sphere","player_choice":"Fight","floor":46.0,"gold_loss":0.0,"damage_taken":0.0}],"is_beta":false,"boss_relics":[{"not_picked":["Coffee Dripper","SacredBark"],"picked":"Fusion Hammer"},{"not_picked":["Sozu","Black Blood"],"picked":"Runic Cube"}],"items_purged_floors":[8],"is_endless":false,"potions_floor_spawned":[2,5,13,14,16,25,30,31,33,35,41,47],"ascension_level":10}}