{"host":"y3h3n3f7seyagppx","time":1610593364,"event":{"mods":["AlwaysNeverKeys","BaseMod","Better Vampires","Colored Powertips","DeckTracker","Emptier Cage","Minty Spire (QoL Compilation)","Permanent Neow","Quick Restart","Rare Cards Sparkle","Relic Sorter","Relic Stats","StSLib","Transform Curses"],"gold_per_floor":[111,12,12,27,44,44,77,102,102,112,142,14,49,60,60,132,132,152,152,77,2,16,16,47,60,84,84,104,130,45,145,145,219,219,234,76,76,87,101,126,126,151,174,204,216,35,55,83,83,83,83,83,83,7,38,38,38],"floor_reached":56,"language":"ENG","playtime":4658,"items_purged":["Regret","Strike_R"],"score":2122,"play_id":"f4a883fa-2829-4c88-8e91-faa12f8a46b0","local_time":"20210113220244","is_ascension_mode":true,"campfire_choices":[{"data":"Hemokinesis","floor":6.0,"key":"SMITH"},{"data":"Bash","floor":15.0,"key":"SMITH"},{"data":"Armaments","floor":23.0,"key":"SMITH"},{"data":"Inflame","floor":27.0,"key":"SMITH"},{"floor":32.0,"key":"REST"},{"floor":41.0,"key":"REST"},{"floor":49.0,"key":"REST"},{"floor":53.0,"key":"REST"}],"circlet_count":0,"master_deck":["AscendersBane","Bash+1","Master of Strategy","Twin Strike","Clothesline+1","Hemokinesis+1","Anger+1","Immolate+1","Fiend Fire+1","True Grit","Inflame+1","Heavy Blade+1","Armaments+1","Rupture","Shockwave","Exhume","Disarm","Iron Wave+1","Barricade","Flame Barrier","Metallicize","Limit Break","Limit Break","Master of Strategy","Entrench","Sword Boomerang+1","Shrug It Off","Feel No Pain","Flash of Steel+1","Shrug It Off","Corruption","Second Wind","Iron Wave+1"],"relics":["Burning Blood","HornCleat","Shuriken","Sundial","Pen Nib","Nunchaku","Red Skull","Eternal Feather","Odd Mushroom","Molten Egg 2","Pandora\u0027s Box","Enchiridion","Juzu Bracelet","Dream Catcher","Oddly Smooth Stone","Unceasing Top","Fusion Hammer","DollysMirror","Vajra","MawBank","Bag of Preparation","Whetstone"],"acts_visited":["Exordium","TheCity","TheBeyond","TheEnding"],"potions_floor_usage":[55],"damage_taken":[{"damage":3.0,"enemies":"Small Slimes","floor":1.0,"turns":4.0},{"damage":1.0,"enemies":"Cultist","floor":4.0,"turns":3.0},{"damage":2.0,"enemies":"2 Louse","floor":5.0,"turns":2.0},{"damage":49.0,"enemies":"3 Sentries","floor":7.0,"turns":8.0},{"damage":4.0,"enemies":"Blue Slaver","floor":10.0,"turns":3.0},{"damage":15.0,"enemies":"The Mushroom Lair","floor":11.0,"turns":4.0},{"damage":17.0,"enemies":"Lagavulin","floor":13.0,"turns":5.0},{"damage":2.0,"enemies":"Red Slaver","floor":14.0,"turns":1.0},{"damage":25.0,"enemies":"Hexaghost","floor":16.0,"turns":5.0},{"damage":0.0,"enemies":"Chosen","floor":18.0,"turns":3.0},{"damage":23.0,"enemies":"2 Thieves","floor":22.0,"turns":3.0},{"damage":28.0,"enemies":"Book of Stabbing","floor":24.0,"turns":4.0},{"damage":2.0,"enemies":"Cultist and Chosen","floor":25.0,"turns":3.0},{"damage":2.0,"enemies":"Snecko","floor":28.0,"turns":2.0},{"damage":0.0,"enemies":"Slavers","floor":29.0,"turns":1.0},{"damage":5.0,"enemies":"Colosseum Slavers","floor":31.0,"turns":2.0},{"damage":15.0,"enemies":"Colosseum Nobs","floor":31.0,"turns":3.0},{"damage":20.0,"enemies":"Champ","floor":33.0,"turns":12.0},{"damage":19.0,"enemies":"3 Shapes","floor":35.0,"turns":9.0},{"damage":25.0,"enemies":"3 Darklings","floor":38.0,"turns":4.0},{"damage":11.0,"enemies":"Maw","floor":39.0,"turns":7.0},{"damage":12.0,"enemies":"Reptomancer","floor":40.0,"turns":2.0},{"damage":19.0,"enemies":"Giant Head","floor":42.0,"turns":5.0},{"damage":23.0,"enemies":"Reptomancer","floor":44.0,"turns":5.0},{"damage":5.0,"enemies":"Writhing Mass","floor":47.0,"turns":5.0},{"damage":7.0,"enemies":"Nemesis","floor":48.0,"turns":4.0},{"damage":22.0,"enemies":"Awakened One","floor":50.0,"turns":9.0},{"damage":21.0,"enemies":"Time Eater","floor":51.0,"turns":9.0},{"damage":0,"enemies":"Shield and Spear","floor":55,"turns":2},{"damage":75,"enemies":"The Heart","floor":56,"turns":5}],"seed_played":"1274637742183084128","potions_obtained":[{"floor":4.0,"key":"ElixirPotion"},{"floor":5.0,"key":"Dexterity Potion"},{"floor":11.0,"key":"SteroidPotion"},{"floor":16.0,"key":"AttackPotion"},{"floor":24.0,"key":"DuplicationPotion"},{"floor":25.0,"key":"DistilledChaos"},{"floor":31.0,"key":"SteroidPotion"},{"floor":44.0,"key":"SteroidPotion"}],"is_trial":false,"path_per_floor":["M","$","?","M","M","R","E","T","T","M","?","$","E","M","R","B",null,"M","?","$","?","M","R","E","M","T","R","M","E","?","?","R","B",null,"M","$","?","M","M","E","R","E","T","E","?","$","M","E","R","B","B",null,"R","$","E","B"],"character_chosen":"IRONCLAD","items_purchased":["Clothesline","Anger","Exhume","DollysMirror","Bag of Preparation","Shrug It Off","Second Wind"],"campfire_rested":4,"item_purchase_floors":[2,12,20,36,46,46,54],"current_hp_per_floor":[71,71,71,75,75,75,32,32,32,34,25,25,14,18,27,8,58,64,43,43,43,26,35,13,17,17,26,30,36,36,28,62,48,68,55,55,55,36,31,25,62,49,49,32,32,32,33,32,72,56,41,67,75,75,75,0,0],"gold":38,"neow_bonus":"RANDOM_COLORLESS_2","is_daily":false,"chose_seed":false,"campfire_upgraded":4,"win_rate":0.0,"timestamp":1610593364,"path_taken":["M","$","?","?","M","R","E","?","T","M","?","?","E","M","R","BOSS","M","?","$","?","M","R","E","M","T","R","M","E","?","?","R","BOSS","M","$","?","M","M","E","R","E","T","E","?","$","M","E","R","BOSS","BOSS","R","$","E","BOSS"],"items_purchased_type":["Card","Card","Card","Relic","Relic","Card","Card"],"build_version":"2020-12-22","purchased_purges":2,"victory":false,"max_hp_per_floor":[75,75,75,75,75,75,75,75,75,75,75,75,75,75,75,75,75,75,75,75,75,75,75,75,75,75,75,75,75,75,75,75,75,75,75,75,75,75,75,75,75,75,75,75,75,75,75,75,75,75,75,75,75,75,75,75,75],"relic_stats":{"counters":[30,134],"Eternal Feather":80,"Pen Nib":[5],"Juzu Bracelet":1,"Bag of Preparation":[12],"Whetstone":["Anger","Clothesline"],"MawBank":24,"Burning Blood":163,"Nunchaku":[19],"Dream Catcher":4,"Shuriken":[19],"Sundial":[12],"Pandora\u0027s Box":["Searing Blow","True Grit","Inflame","Heavy Blade","Armaments","Rupture","Shockwave"],"obtain_stats":[{"Enchiridion":19,"Oddly Smooth Stone":30,"Vajra":42,"Eternal Feather":9,"Pen Nib":43,"Juzu Bracelet":26,"Bag of Preparation":46,"Whetstone":55,"Odd Mushroom":11,"MawBank":44,"Burning Blood":0,"Nunchaku":7,"Dream Catcher":29,"HornCleat":40,"Sundial":24,"Shuriken":31,"DollysMirror":36,"Molten Egg 2":13,"Pandora\u0027s Box":17,"Fusion Hammer":34,"Red Skull":8,"Unceasing Top":31},{"Enchiridion":10,"Oddly Smooth Stone":15,"Vajra":23,"Eternal Feather":4,"Pen Nib":23,"Juzu Bracelet":13,"Bag of Preparation":24,"Whetstone":29,"Odd Mushroom":6,"MawBank":24,"Burning Blood":0,"Nunchaku":4,"Dream Catcher":15,"HornCleat":22,"Sundial":12,"Shuriken":17,"DollysMirror":19,"Molten Egg 2":7,"Pandora\u0027s Box":9,"Fusion Hammer":18,"Red Skull":4,"Unceasing Top":17},{"Enchiridion":38,"Oddly Smooth Stone":51,"Vajra":95,"Eternal Feather":17,"Pen Nib":95,"Juzu Bracelet":48,"Bag of Preparation":100,"Whetstone":129,"Odd Mushroom":24,"MawBank":100,"Burning Blood":0,"Nunchaku":17,"Dream Catcher":51,"HornCleat":90,"Sundial":45,"Shuriken":56,"DollysMirror":77,"Molten Egg 2":29,"Pandora\u0027s Box":35,"Fusion Hammer":68,"Red Skull":17,"Unceasing Top":56}],"Unceasing Top":[17]},"card_choices":[{"not_picked":["Panache","Metamorphosis"],"picked":"Master of Strategy","floor":0.0},{"not_picked":["Armaments","Infernal Blade"],"picked":"Twin Strike","floor":1.0},{"not_picked":["Anger","Clothesline"],"picked":"Hemokinesis","floor":4.0},{"not_picked":["Iron Wave","Dropkick","Carnage"],"picked":"SKIP","floor":5.0},{"not_picked":["Perfected Strike","Iron Wave","Whirlwind"],"picked":"SKIP","floor":7.0},{"not_picked":["Rupture","Wild Strike","Thunderclap"],"picked":"SKIP","floor":10.0},{"not_picked":["Anger+1","Shockwave"],"picked":"Immolate+1","floor":13.0},{"not_picked":["Perfected Strike+1","Pommel Strike+1","Thunderclap+1"],"picked":"SKIP","floor":14.0},{"not_picked":["Bludgeon+1","Berserk"],"picked":"Fiend Fire+1","floor":16.0},{"not_picked":["Heavy Blade+1","Cleave+1","Twin Strike+1"],"picked":"SKIP","floor":18.0},{"not_picked":["Body Slam+1","Twin Strike+1"],"picked":"Disarm","floor":22.0},{"not_picked":["Sword Boomerang+1","Shockwave","Pommel Strike+1"],"picked":"SKIP","floor":24.0},{"not_picked":["Clash+1","Clothesline+1","Body Slam+1"],"picked":"SKIP","floor":25.0},{"not_picked":["Flex","Iron Wave+1","Rupture"],"picked":"SKIP","floor":28.0},{"not_picked":["Flex","Rupture"],"picked":"Iron Wave+1","floor":28.0},{"not_picked":["Sentinel","Thunderclap+1"],"picked":"Barricade","floor":29.0},{"not_picked":["Armaments","Flex"],"picked":"Flame Barrier","floor":31.0},{"not_picked":["Body Slam+1","Seeing Red+1"],"picked":"Metallicize","floor":32.0},{"not_picked":["Feed+1","Immolate+1"],"picked":"Limit Break","floor":33.0},{"not_picked":["Flex+1","Flame Barrier","Hemokinesis+1"],"picked":"SKIP","floor":35.0},{"not_picked":["Carnage+1","Heavy Blade+1","Twin Strike+1"],"picked":"SKIP","floor":38.0},{"not_picked":["Fire Breathing","Shockwave"],"picked":"Entrench","floor":39.0},{"not_picked":["Carnage+1","Cleave+1","Heavy Blade+1"],"picked":"SKIP","floor":40.0},{"not_picked":["Body Slam+1","Havoc+1"],"picked":"Sword Boomerang+1","floor":41.0},{"not_picked":["Wild Strike+1","Sword Boomerang+1"],"picked":"Shrug It Off","floor":42.0},{"not_picked":["Bloodletting+1","Clash+1"],"picked":"Feel No Pain","floor":44.0},{"not_picked":["Impatience","Discovery"],"picked":"Flash of Steel+1","floor":45.0},{"not_picked":["Reckless Charge+1","Armaments","Hemokinesis+1"],"picked":"SKIP","floor":47.0},{"not_picked":["Flame Barrier","Metallicize+1"],"picked":"Corruption","floor":48.0},{"not_picked":["Shrug It Off","Anger+1"],"picked":"Iron Wave+1","floor":55}],"player_experience":20847543,"relics_obtained":[{"floor":7.0,"key":"Nunchaku"},{"floor":8.0,"key":"Red Skull"},{"floor":9.0,"key":"Eternal Feather"},{"floor":11.0,"key":"Odd Mushroom"},{"floor":13.0,"key":"Molten Egg 2"},{"floor":19.0,"key":"Enchiridion"},{"floor":24.0,"key":"Sundial"},{"floor":26.0,"key":"Juzu Bracelet"},{"floor":29.0,"key":"Dream Catcher"},{"floor":31.0,"key":"Unceasing Top"},{"floor":31.0,"key":"Shuriken"},{"floor":40.0,"key":"HornCleat"},{"floor":42.0,"key":"Vajra"},{"floor":43.0,"key":"Pen Nib"},{"floor":44.0,"key":"MawBank"},{"floor":55,"key":"Whetstone"}],"event_choices":[{"cards_removed":["Strike_R"],"damage_healed":0.0,"max_hp_gain":0.0,"max_hp_loss":0.0,"gold_gain":0.0,"event_name":"Bonfire Elementals","player_choice":"Offered Basic","floor":3.0,"gold_loss":0.0,"damage_taken":0.0},{"damage_healed":0.0,"max_hp_gain":0.0,"max_hp_loss":0.0,"gold_gain":0.0,"event_name":"Mushrooms","player_choice":"Fought Mushrooms","floor":11.0,"gold_loss":0.0,"damage_taken":0.0},{"damage_healed":0.0,"max_hp_gain":0.0,"max_hp_loss":0.0,"gold_gain":0.0,"event_name":"Cursed Tome","player_choice":"Obtained Book","floor":19.0,"gold_loss":0.0,"damage_taken":21.0},{"cards_removed":["Searing Blow"],"damage_healed":0.0,"max_hp_gain":0.0,"max_hp_loss":0.0,"gold_gain":0.0,"event_name":"Beggar","player_choice":"Gave Gold","floor":21.0,"gold_loss":75.0,"damage_taken":0.0},{"damage_healed":0.0,"max_hp_gain":0.0,"max_hp_loss":0.0,"gold_gain":0.0,"event_name":"Addict","player_choice":"Obtained Relic","floor":30.0,"gold_loss":85.0,"damage_taken":0.0,"relics_obtained":["Oddly Smooth Stone"]},{"damage_healed":0.0,"max_hp_gain":0.0,"max_hp_loss":0.0,"gold_gain":0.0,"event_name":"Colosseum","player_choice":"Fight","floor":31.0,"gold_loss":0.0,"damage_taken":0.0},{"damage_healed":0.0,"max_hp_gain":0.0,"max_hp_loss":0.0,"gold_gain":0.0,"event_name":"Colosseum","player_choice":"Fought Nobs","floor":31.0,"gold_loss":0.0,"damage_taken":0.0},{"damage_healed":0.0,"max_hp_gain":0.0,"max_hp_loss":0.0,"gold_gain":0.0,"event_name":"Duplicator","player_choice":"Copied","floor":37.0,"gold_loss":0.0,"damage_taken":0.0,"cards_obtained":["Master of Strategy"]},{"damage_healed":0.0,"max_hp_gain":0.0,"max_hp_loss":0.0,"gold_gain":0.0,"event_name":"SensoryStone","player_choice":"Memory 1","floor":45.0,"gold_loss":0.0,"damage_taken":0.0}],"is_beta":false,"boss_relics":[{"not_picked":["Black Star","SacredBark"],"picked":"Pandora\u0027s Box"},{"not_picked":["Sozu","Astrolabe"],"picked":"Fusion Hammer"}],"items_purged_floors":[2,12],"is_endless":false,"potions_floor_spawned":[4,5,11,16,18,24,25,31,31,33,39,44,48],"killed_by":"The Heart","ascension_level":20}}