{"host":"4lch21uqe3ag08cj","time":1612229801,"event":{"mods":["AchievementEnabler","BaseMod","Block Reminder","Colored Map","Colored Powertips","Minty Spire (QoL Compilation)","Permanent Neow","Relic Stats"],"gold_per_floor":[15,32,49,66,66,100,100,100,100],"floor_reached":8,"language":"ENG","playtime":338,"items_purged":[],"score":61,"play_id":"229c2470-6cdd-4883-a302-833bd6e57b74","local_time":"20210201223641","is_ascension_mode":true,"campfire_choices":[],"circlet_count":0,"master_deck":["Strike_B","Strike_B","Strike_B","Strike_B","Defend_B","Defend_B","Defend_B","Defend_B","Zap","Dualcast","Echo Form","Rebound","Consume","Genetic Algorithm","Ball Lightning","Reboot"],"relics":["Cracked Core","Bag of Marbles","Molten Egg 2"],"acts_visited":["Exordium"],"potions_floor_usage":[4],"damage_taken":[{"damage":7,"enemies":"2 Louse","floor":1,"turns":3},{"damage":6,"enemies":"Jaw Worm","floor":2,"turns":3},{"damage":0,"enemies":"Cultist","floor":3,"turns":3},{"damage":7,"enemies":"3 Louse","floor":4,"turns":2},{"damage":35,"enemies":"3 Sentries","floor":6,"turns":7},{"damage":40,"enemies":"Gremlin Nob","floor":8,"turns":4}],"seed_played":"-5996245060568243104","potions_obtained":[{"floor":3,"key":"Fire Potion"},{"floor":6,"key":"Ancient Potion"}],"is_trial":false,"path_per_floor":["M","M","M","M","?","E","T","E"],"character_chosen":"DEFECT","items_purchased":[],"campfire_rested":0,"item_purchase_floors":[],"current_hp_per_floor":[68,62,62,55,60,25,25,0,0],"gold":100,"neow_bonus":"THREE_RARE_CARDS","is_daily":false,"chose_seed":false,"campfire_upgraded":0,"win_rate":0.0,"timestamp":1612229801,"path_taken":["M","M","M","M","?","E","?","E"],"items_purchased_type":[],"build_version":"2020-12-22","purchased_purges":0,"victory":false,"max_hp_per_floor":[75,75,75,75,80,80,80,80,80],"relic_stats":{"counters":[6,22],"obtain_stats":[{"Molten Egg 2":7,"Bag of Marbles":6,"Cracked Core":0},{"Molten Egg 2":5,"Bag of Marbles":5,"Cracked Core":0},{"Molten Egg 2":18,"Bag of Marbles":18,"Cracked Core":0}]},"card_choices":[{"not_picked":["Thunder Strike","Seek"],"picked":"Echo Form","floor":0},{"not_picked":["Leap","Compile Driver"],"picked":"Rebound","floor":1},{"not_picked":["Streamline","Redo"],"picked":"Consume","floor":2},{"not_picked":["Loop","Chill"],"picked":"Genetic Algorithm","floor":3},{"not_picked":["Steam","Consume"],"picked":"Ball Lightning","floor":4},{"not_picked":["Fusion","Auto Shields"],"picked":"Reboot","floor":6}],"player_experience":15925,"relics_obtained":[{"floor":6,"key":"Bag of Marbles"},{"floor":7,"key":"Molten Egg 2"}],"event_choices":[{"damage_healed":0,"gold_gain":0,"player_choice":"Donut","damage_taken":0,"max_hp_gain":5,"max_hp_loss":0,"event_name":"Big Fish","floor":5,"gold_loss":0}],"is_beta":false,"boss_relics":[],"items_purged_floors":[],"is_endless":false,"potions_floor_spawned":[3,6],"killed_by":"Gremlin Nob","ascension_level":1}}