{"host":"8lno9xwgef3sjccz","time":1612302577,"event":{"mods":["AchievementEnabler","BaseMod","Minty Spire (QoL Compilation)","Relic Stats"],"gold_per_floor":[217,235,245,17,17,52,52,127,203,203,228,241,61,85,85,185,185,198,212,212,222,241,576,594,594,594],"floor_reached":25,"language":"ENG","playtime":1321,"items_purged":["Strike_B","Strike_B"],"score":245,"play_id":"41f19a48-2057-48a2-82f3-49bcd9129be7","local_time":"20210202164937","is_ascension_mode":true,"campfire_choices":[{"data":"Ball Lightning","floor":7,"key":"SMITH"},{"data":"Conserve Battery","floor":10,"key":"SMITH"},{"data":"Darkness","floor":15,"key":"SMITH"}],"circlet_count":0,"master_deck":["Strike_B","Strike_B","Defend_B","Defend_B","Defend_B","Defend_B","Zap","Dualcast","Conserve Battery+1","Static Discharge","Ball Lightning+1","Steam","Cold Snap","Capacitor","Darkness+1","Hologram","Creative AI","Beam Cell","Coolheaded","Aggregate","Redo+1","Chill+1"],"relics":["Cracked Core","Lantern","Tiny Chest","Mummified Hand","DataDisk","Odd Mushroom","Snecko Eye","Bottled Lightning","Old Coin"],"acts_visited":["Exordium","TheCity"],"potions_floor_usage":[16,23,24,24],"damage_taken":[{"damage":10,"enemies":"Small Slimes","floor":1,"turns":4},{"damage":0,"enemies":"Jaw Worm","floor":2,"turns":3},{"damage":0,"enemies":"2 Louse","floor":3,"turns":3},{"damage":20,"enemies":"Gremlin Nob","floor":6,"turns":4},{"damage":10,"enemies":"3 Sentries","floor":11,"turns":6},{"damage":0,"enemies":"Exordium Wildlife","floor":12,"turns":3},{"damage":13,"enemies":"The Mushroom Lair","floor":14,"turns":4},{"damage":8,"enemies":"Slime Boss","floor":16,"turns":4},{"damage":4,"enemies":"3 Byrds","floor":18,"turns":5},{"damage":2,"enemies":"Shell Parasite","floor":19,"turns":4},{"damage":19,"enemies":"Sentry and Sphere","floor":21,"turns":6},{"damage":0,"enemies":"3 Cultists","floor":22,"turns":6},{"damage":17,"enemies":"Book of Stabbing","floor":23,"turns":7},{"damage":13,"enemies":"Snake Plant","floor":24,"turns":3},{"damage":20,"enemies":"Slavers","floor":25,"turns":2}],"seed_played":"6716910991993580000","potions_obtained":[{"floor":1,"key":"SneckoOil"},{"floor":3,"key":"Strength Potion"},{"floor":6,"key":"EssenceOfDarkness"},{"floor":16,"key":"EssenceOfSteel"},{"floor":23,"key":"LiquidMemories"}],"is_trial":false,"path_per_floor":["M","M","M","$","?","E","R","?","T","R","E","M","$","?","R","B",null,"M","M","T","M","M","E","M","E"],"character_chosen":"DEFECT","items_purchased":["Lantern","Darkness"],"campfire_rested":0,"item_purchase_floors":[4,13],"current_hp_per_floor":[65,65,65,65,65,45,45,34,34,34,24,24,24,11,11,3,75,71,69,69,50,50,33,20,0,0],"gold":594,"neow_bonus":"HUNDRED_GOLD","is_daily":false,"chose_seed":false,"campfire_upgraded":3,"win_rate":0.0,"timestamp":1612302577,"path_taken":["M","M","M","$","?","E","R","?","T","R","E","?","$","?","R","BOSS","M","M","?","M","M","E","M","E"],"items_purchased_type":["Relic","Card"],"build_version":"2020-12-22","purchased_purges":2,"victory":false,"max_hp_per_floor":[75,75,75,75,75,75,75,75,75,75,75,75,75,75,75,75,75,75,75,75,75,75,75,75,75,75],"relic_stats":{"counters":[15,64],"Mummified Hand":[81],"Snecko Eye":[69,62,56,51],"Tiny Chest":1,"obtain_stats":[{"Lantern":4,"DataDisk":11,"Mummified Hand":9,"Snecko Eye":17,"Tiny Chest":6,"Bottled Lightning":20,"Odd Mushroom":14,"Cracked Core":0,"Old Coin":23},{"Lantern":3,"DataDisk":5,"Mummified Hand":4,"Snecko Eye":8,"Tiny Chest":4,"Bottled Lightning":10,"Odd Mushroom":7,"Cracked Core":0,"Old Coin":13},{"Lantern":10,"DataDisk":20,"Mummified Hand":14,"Snecko Eye":31,"Tiny Chest":14,"Bottled Lightning":40,"Odd Mushroom":27,"Cracked Core":0,"Old Coin":59}]},"card_choices":[{"not_picked":["Rip and Tear","Leap"],"picked":"Conserve Battery","floor":1},{"not_picked":["Barrage","Leap"],"picked":"Static Discharge","floor":2},{"not_picked":["Aggregate","Gash"],"picked":"Ball Lightning","floor":3},{"not_picked":["White Noise","Beam Cell"],"picked":"Steam","floor":6},{"not_picked":["Skim","Storm"],"picked":"Cold Snap","floor":11},{"not_picked":["Glacier","BootSequence"],"picked":"Capacitor","floor":12},{"not_picked":["Beam Cell","Leap"],"picked":"Hologram","floor":14},{"not_picked":["Fission","Reboot"],"picked":"Creative AI","floor":16},{"not_picked":["Rip and Tear","Consume"],"picked":"Beam Cell","floor":18},{"not_picked":["Rebound","Recycle"],"picked":"Coolheaded","floor":19},{"not_picked":["Hologram+1","Gash+1"],"picked":"Aggregate","floor":21},{"not_picked":["Rebound","Genetic Algorithm","Stack"],"picked":"SKIP","floor":22},{"not_picked":["Scrape","Sweeping Beam"],"picked":"Redo+1","floor":23},{"not_picked":["Genetic Algorithm","Conserve Battery"],"picked":"Chill+1","floor":24}],"player_experience":98781,"relics_obtained":[{"floor":6,"key":"Tiny Chest"},{"floor":9,"key":"Mummified Hand"},{"floor":11,"key":"DataDisk"},{"floor":14,"key":"Odd Mushroom"},{"floor":20,"key":"Bottled Lightning"},{"floor":23,"key":"Old Coin"}],"event_choices":[{"damage_healed":0,"gold_gain":0,"player_choice":"Ignored","damage_taken":0,"max_hp_gain":0,"max_hp_loss":0,"event_name":"Golden Idol","floor":5,"gold_loss":0},{"damage_healed":0,"gold_gain":75,"player_choice":"Gather Gold","damage_taken":11,"max_hp_gain":0,"max_hp_loss":0,"event_name":"World of Goop","floor":8,"gold_loss":0},{"damage_healed":0,"gold_gain":0,"player_choice":"Fought Mushrooms","damage_taken":0,"max_hp_gain":0,"max_hp_loss":0,"event_name":"Mushrooms","floor":14,"gold_loss":0}],"is_beta":false,"boss_relics":[{"not_picked":["Fusion Hammer","FrozenCore"],"picked":"Snecko Eye"}],"items_purged_floors":[4,13],"is_endless":false,"potions_floor_spawned":[1,3,6,16,18,19,23],"killed_by":"Slavers","ascension_level":1}}