{"host":"sz8c8ni79nvzjmmg","time":1612285712,"event":{"mods":["AchievementEnabler","BaseMod","DeckTracker","Keyboard Shortcuts","Minty Spire (QoL Compilation)","SuperFastMode"],"gold_per_floor":[118,4,4,4,4,4,35,35,35,35,52,108,120,138,138,215,215,231,247,247,2,13,13,39,39,89,119,136,146,46,60,60,137,137,154,64,64,84,130,164,164,164,164],"floor_reached":42,"language":"KOR","playtime":2511,"items_purged":["Strike_B","Strike_B"],"score":1128,"play_id":"9c55c174-4675-41b1-846a-5548183be675","local_time":"20210203020832","is_ascension_mode":true,"campfire_choices":[{"data":"Sunder","floor":6.0,"key":"SMITH"},{"data":"Zap","floor":8.0,"key":"SMITH"},{"data":"Dualcast","floor":10.0,"key":"SMITH"},{"data":"Turbo","floor":15,"key":"SMITH"},{"floor":23,"key":"REST"},{"data":"Skim","floor":25,"key":"SMITH"},{"floor":32,"key":"REST"},{"floor":41,"key":"REST"}],"circlet_count":0,"master_deck":["AscendersBane","Strike_B","Strike_B","Defend_B","Defend_B+1","Defend_B","Defend_B","Zap+1","Dualcast+1","Secret Technique+1","Cold Snap","Sunder+1","Skim","Turbo+1","Echo Form","Hologram","Creative AI","Hologram","Doom and Gloom","Skim+1","Core Surge","Compile Driver","Electrodynamics","Defragment","Reinforced Body","Aggregate"],"relics":["Cracked Core","Toy Ornithopter","Orichalcum","HornCleat","Lantern","Snecko Eye","Medical Kit","Bottled Lightning","Oddly Smooth Stone","Lizard Tail","Busted Crown","Calipers","Thread and Needle"],"acts_visited":["Exordium","TheCity","TheBeyond"],"potions_floor_usage":[16,24,28,31,40,40],"damage_taken":[{"damage":12.0,"enemies":"Jaw Worm","floor":1.0,"turns":3.0},{"damage":3.0,"enemies":"3 Sentries","floor":7.0,"turns":6.0},{"damage":5.0,"enemies":"Small Slimes","floor":11.0,"turns":3.0},{"damage":9,"enemies":"3 Sentries","floor":12,"turns":6},{"damage":1,"enemies":"2 Louse","floor":13,"turns":2},{"damage":1,"enemies":"Looter","floor":14,"turns":2},{"damage":0,"enemies":"Slime Boss","floor":16,"turns":6},{"damage":0,"enemies":"3 Byrds","floor":18,"turns":4},{"damage":0,"enemies":"Spheric Guardian","floor":19,"turns":3},{"damage":17,"enemies":"Snecko","floor":22,"turns":5},{"damage":1,"enemies":"Book of Stabbing","floor":24,"turns":4},{"damage":0,"enemies":"Gremlin Leader","floor":27,"turns":5},{"damage":10,"enemies":"Cultist and Chosen","floor":28,"turns":5},{"damage":7,"enemies":"3 Cultists","floor":29,"turns":4},{"damage":26,"enemies":"Shelled Parasite and Fungi","floor":31,"turns":5},{"damage":29,"enemies":"Collector","floor":33,"turns":11},{"damage":1,"enemies":"Orb Walker","floor":35,"turns":2},{"damage":3,"enemies":"3 Shapes","floor":38,"turns":3},{"damage":54,"enemies":"2 Orb Walkers","floor":39,"turns":4},{"damage":0,"enemies":"Reptomancer","floor":40,"turns":5},{"damage":43,"enemies":"Giant Head","floor":42,"turns":7}],"seed_played":"5297637998374335952","potions_obtained":[{"floor":11,"key":"BlessingOfTheForge"},{"floor":13,"key":"Explosive Potion"},{"floor":16,"key":"SteroidPotion"},{"floor":27,"key":"EssenceOfSteel"},{"floor":28,"key":"EssenceOfDarkness"},{"floor":33,"key":"Dexterity Potion"},{"floor":35,"key":"SneckoOil"},{"floor":39,"key":"Swift Potion"}],"is_trial":false,"path_per_floor":["M","$","?","?","?","R","E","R","T","R","M","?","M","M","R","B",null,"M","M","?","$","M","R","E","R","T","E","M","M","$","M","R","B",null,"M","$","?","M","?","E","R","E"],"character_chosen":"DEFECT","items_purchased":["Sunder","Medical Kit","Skim","Defragment"],"campfire_rested":3,"item_purchase_floors":[2,21,21,36],"current_hp_per_floor":[34,34,13,36,25,25,22,22,22,22,17,8,7,6,6,11,56,56,56,56,56,39,60,64,64,64,64,59,52,52,31,52,23,59,58,58,58,55,1,11,32,35,35],"gold":164,"neow_bonus":"RANDOM_COLORLESS_2","is_daily":false,"chose_seed":false,"campfire_upgraded":5,"win_rate":0.0,"timestamp":1612285712,"path_taken":["M","$","?","?","?","R","E","R","T","R","M","?","?","M","R","BOSS","M","M","?","$","M","R","E","R","T","E","M","M","?","M","R","BOSS","M","$","?","?","?","E","R","E"],"items_purchased_type":["Card","Relic","Card","Card"],"build_version":"2020-12-22","purchased_purges":2,"victory":false,"max_hp_per_floor":[71,71,71,71,71,71,71,71,71,71,71,71,71,71,71,71,71,71,71,71,71,71,71,71,71,71,71,71,71,71,71,71,71,71,71,71,71,71,71,71,71,71,71],"card_choices":[{"not_picked":["Metamorphosis","Secret Weapon"],"picked":"Secret Technique","floor":0.0},{"not_picked":["Barrage","Coolheaded"],"picked":"Cold Snap","floor":1.0},{"not_picked":["Self Repair","Cold Snap"],"picked":"Skim","floor":7.0},{"not_picked":["Coolheaded","Conserve Battery"],"picked":"Turbo","floor":11},{"not_picked":["Conserve Battery","Chaos"],"picked":"Echo Form","floor":12},{"not_picked":["Rebound","Storm","Sweeping Beam"],"picked":"SKIP","floor":13},{"not_picked":["Leap","Coolheaded"],"picked":"Hologram","floor":14},{"not_picked":["Buffer","Biased Cognition"],"picked":"Creative AI","floor":16},{"not_picked":["Sweeping Beam","Rebound+1","BootSequence"],"picked":"SKIP","floor":18},{"not_picked":["White Noise","Reprogram"],"picked":"Hologram","floor":19},{"not_picked":["Ball Lightning","Barrage+1","Conserve Battery"],"picked":"SKIP","floor":22},{"not_picked":["Gash","Reprogram"],"picked":"Core Surge","floor":24},{"not_picked":["Consume","Gash","Ball Lightning"],"picked":"SKIP","floor":27},{"not_picked":["Stack","Streamline"],"picked":"Compile Driver","floor":28},{"not_picked":["Consume","Stack+1","Streamline"],"picked":"SKIP","floor":29},{"not_picked":["Conserve Battery","Reboot","Rebound"],"picked":"SKIP","floor":31},{"not_picked":["Creative AI","Buffer"],"picked":"Electrodynamics","floor":33},{"not_picked":["Cold Snap"],"picked":"SKIP","floor":35},{"not_picked":["Cold Snap"],"picked":"SKIP","floor":35},{"not_picked":["Hologram"],"picked":"SKIP","floor":38},{"not_picked":[],"picked":"Reinforced Body","floor":39},{"not_picked":[],"picked":"Aggregate","floor":40}],"player_experience":1242089,"relics_obtained":[{"floor":7.0,"key":"Orichalcum"},{"floor":9.0,"key":"HornCleat"},{"floor":12,"key":"Lantern"},{"floor":24,"key":"Bottled Lightning"},{"floor":26,"key":"Oddly Smooth Stone"},{"floor":27,"key":"Lizard Tail"},{"floor":39,"key":"Thread and Needle"}],"event_choices":[{"damage_healed":0.0,"max_hp_gain":0.0,"max_hp_loss":0.0,"gold_gain":0.0,"event_name":"Shining Light","player_choice":"Entered Light","floor":3.0,"gold_loss":0.0,"damage_taken":21.0,"cards_upgraded":["Defend_B","Secret Technique"]},{"damage_healed":23.0,"max_hp_gain":0.0,"max_hp_loss":0.0,"gold_gain":0.0,"event_name":"Big Fish","player_choice":"Banana","floor":4.0,"gold_loss":0.0,"damage_taken":0.0},{"damage_healed":0.0,"max_hp_gain":0.0,"max_hp_loss":0.0,"gold_gain":0.0,"event_name":"Scrap Ooze","player_choice":"Success","floor":5.0,"gold_loss":0.0,"damage_taken":11.0,"relics_obtained":["Toy Ornithopter"]},{"damage_healed":0,"gold_gain":0,"player_choice":"Searched \u00271\u0027 times","damage_taken":0,"max_hp_gain":0,"max_hp_loss":0,"event_name":"Dead Adventurer","floor":12,"gold_loss":0},{"damage_healed":0,"gold_gain":0,"player_choice":"Read","damage_taken":0,"max_hp_gain":0,"max_hp_loss":0,"event_name":"The Library","floor":20,"gold_loss":0,"cards_obtained":["Doom and Gloom"]},{"damage_healed":0,"gold_gain":0,"player_choice":"Gave Potion","damage_taken":0,"relics_obtained":["Calipers"],"max_hp_gain":0,"max_hp_loss":0,"event_name":"WeMeetAgain","floor":37,"gold_loss":0},{"damage_healed":0,"gold_gain":0,"player_choice":"Fight","damage_taken":0,"max_hp_gain":0,"max_hp_loss":0,"event_name":"Mysterious Sphere","floor":39,"gold_loss":0}],"is_beta":false,"boss_relics":[{"not_picked":["Cursed Key","Coffee Dripper"],"picked":"Snecko Eye"},{"not_picked":["Philosopher\u0027s Stone","Tiny House"],"picked":"Busted Crown"}],"items_purged_floors":[2,30],"is_endless":false,"potions_floor_spawned":[11,13,16,22,27,28,33,35,39],"killed_by":"Giant Head","ascension_level":20}}