{"host":"3j2m8n0ywf988fwb","time":1612289931,"event":{"mods":["2.2 Compatiblity","AchievementEnabler","Act Like it!","Aspiration","Astrologer","BaseMod","Better Altar","Better Match","Better Note","Better Sensory Stone","Better Skull","Better Third Choice","CCEM2","ChefMod","Colored Map","Colored Powertips","Conspire","Dark Map","Energized Spire","GifTheSpireLib","Halation","Hallownest","Highlight Path","Hubris","Infinite Spire","Jedi Mod","Marisa????????","Marked Mod","Mimic Mod","Minty Spire (QoL Compilation)","Monster B Gone","Random Character Button","Relic Filter Mod","Relic Stats","Reliquary","Replay The Spire","Robot Space Explorer","Shade Mod","Shop Mod","Somnambulant","StS++","StSLib","Stuff the Spire","The Bug Knight","The Elementalist","The Hierophant","The Runesmith","TheBandit","TheFirefly","TheSurvivalist","Unceasing Turn Reminder","Weighted Paths","everything is the same but u backflip on backflip"],"gold_per_floor":[114,114,114,132,132,162,162,162,162],"floor_reached":8,"language":"ENG","playtime":416,"items_purged":[],"score":79,"play_id":"30016c55-2613-44e7-97b2-749367063915","local_time":"20210202121851","is_ascension_mode":false,"campfire_choices":[{"data":"elementalist:Crystal_Chalk","floor":7,"key":"SMITH"}],"circlet_count":0,"master_deck":["elementalist:Earth_Emblem","elementalist:Strike+Elemblue","elementalist:Defend_Elemblue","elementalist:Defend_Elemblue","elementalist:Defend_Elemblue","elementalist:Defend_Elemblue","elementalist:Defend_Elemblue","elementalist:Firestrike","elementalist:Earthstrike","elementalist:Waterstrike","elementalist:Airstrike","elementalist:Crystal_Chalk+1","elementalist:Momentum","Looming Evil","elementalist:Monument","elementalist:Aegis"],"relics":["elementalistmod:MagusStaff","elementalistmod:YellowCirclet","NeowsBlessing","Ring of Peace","hubris:DisguiseKit","reliquary:TuningFork","StuffTheSpire:OldFever"],"acts_visited":["Exordium"],"potions_floor_usage":[],"damage_taken":[{"damage":0,"enemies":"Cultist","floor":1,"turns":1},{"damage":0,"enemies":"Small Slimes","floor":4,"turns":1},{"damage":0,"enemies":"Lagavulin","floor":6,"turns":1},{"damage":38,"enemies":"3 Sentries","floor":8,"turns":9}],"seed_played":"-388580348216669176","potions_obtained":[{"floor":1,"key":"Regen Potion"}],"is_trial":false,"path_per_floor":["M","?","?","M","?","E","R","E"],"character_chosen":"THE_ELEMENTALIST","items_purchased":[],"campfire_rested":0,"item_purchase_floors":[],"current_hp_per_floor":[70,70,70,70,37,37,37,0,0],"gold":162,"neow_bonus":"THREE_ENEMY_KILL","is_daily":false,"chose_seed":false,"campfire_upgraded":1,"win_rate":0.0,"timestamp":1612289931,"path_taken":["M","?","?","M","?","E","R","E"],"items_purchased_type":[],"build_version":"2020-12-22","purchased_purges":0,"victory":false,"max_hp_per_floor":[70,70,70,70,70,70,70,70,70],"relic_stats":{"counters":[4,12],"obtain_stats":[{"hubris:DisguiseKit":3,"NeowsBlessing":0,"Ring of Peace":2,"elementalistmod:YellowCirclet":8,"reliquary:TuningFork":5,"elementalistmod:MagusStaff":0,"elementalistmod:GraduationLetter":0,"StuffTheSpire:OldFever":6},{"hubris:DisguiseKit":1,"NeowsBlessing":0,"Ring of Peace":1,"elementalistmod:YellowCirclet":4,"reliquary:TuningFork":2,"elementalistmod:MagusStaff":0,"elementalistmod:GraduationLetter":0,"StuffTheSpire:OldFever":3},{"hubris:DisguiseKit":1,"NeowsBlessing":0,"Ring of Peace":1,"elementalistmod:YellowCirclet":5,"reliquary:TuningFork":2,"elementalistmod:MagusStaff":0,"elementalistmod:GraduationLetter":0,"StuffTheSpire:OldFever":3}]},"card_choices":[{"not_picked":["elementalist:Caution","elementalist:Cauterize"],"picked":"elementalist:Momentum","floor":1},{"not_picked":["elementalist:Mage_Hand","elementalist:Caution","ReachHeaven"],"picked":"elementalist:Monument","floor":4},{"not_picked":["elementalist:Reckless_Dance","elementalist:Spark","Replay:ManipulateFuture"],"picked":"elementalist:Aegis","floor":6}],"player_experience":1054797,"relics_obtained":[{"floor":2,"key":"Ring of Peace"},{"floor":6,"key":"StuffTheSpire:OldFever"}],"event_choices":[{"damage_healed":0,"gold_gain":0,"player_choice":"Relic ","damage_taken":33,"max_hp_gain":0,"max_hp_loss":0,"event_name":"betterThird:BetterScrap","floor":5,"gold_loss":0,"cards_obtained":["jedi:onestrike"]}],"is_beta":false,"boss_relics":[],"items_purged_floors":[],"is_endless":false,"potions_floor_spawned":[1],"killed_by":"3 Sentries","ascension_level":0}}