{"host":"Nexxot","time":1612299948,"event":{"mods":["AchievementEnabler","BaseMod","Bestiary","Colored Map","Curses Come First","Highlight Path","Minty Spire (QoL Compilation)","Relic Stats","StSLib"],"gold_per_floor":[118,88,100,117,131,160,176,202,202,202,221,221,252,47,47,147,147,167,167,23,34,133,133,151,186,186,215,231,231,32,61,61,157,157,167,186,238,11,21,55,74,101,124,135,135,147,178,228,228,228],"floor_reached":51,"language":"ENG","playtime":2992,"items_purged":["Strike_R","Strike_R"],"score":1301,"play_id":"0cc511a9-1a72-4ab8-b7c8-5f4c58de62c2","local_time":"20210202220548","is_ascension_mode":true,"campfire_choices":[{"floor":10,"key":"REST"},{"data":"True Grit","floor":15,"key":"SMITH"},{"data":"Warcry","floor":23,"key":"SMITH"},{"floor":29,"key":"REST"},{"data":"Battle Trance","floor":32,"key":"SMITH"},{"floor":45,"key":"REST"},{"floor":49,"key":"REST"}],"circlet_count":0,"master_deck":["AscendersBane","Defend_R","Defend_R","Defend_R","Bash","Immolate+1","Feed+1","Juggernaut+1","True Grit+1","Warcry+1","Exhume","Thunderclap","Immolate","Shrug It Off","Metallicize","Juggernaut","Disarm+1","Battle Trance+1","Intimidate+1","Demon Form","Disarm","Dark Embrace","Burning Pact","Burning Pact","Armaments+1","Flame Barrier+1","Flame Barrier+1","Feel No Pain+1","Reaper"],"relics":["Astrolabe","Pen Nib","Mummified Hand","Mercury Hourglass","Happy Flower","Runic Pyramid","Champion Belt","Medical Kit","Vajra","Du-Vu Doll","OrangePellets","Kunai","Velvet Choker","Shovel","Nunchaku","Art of War","Omamori","Unceasing Top"],"acts_visited":["Exordium","TheCity","TheBeyond"],"potions_floor_usage":[5,8,8,8,16,18,27,33,37,40,44,50],"damage_taken":[{"damage":7,"enemies":"Jaw Worm","floor":1,"turns":2},{"damage":0,"enemies":"Cultist","floor":3,"turns":3},{"damage":0,"enemies":"2 Louse","floor":4,"turns":2},{"damage":12,"enemies":"2 Fungi Beasts","floor":5,"turns":5},{"damage":45,"enemies":"Gremlin Nob","floor":6,"turns":5},{"damage":12,"enemies":"Exordium Wildlife","floor":7,"turns":4},{"damage":2,"enemies":"Lagavulin","floor":8,"turns":7},{"damage":0,"enemies":"Large Slime","floor":11,"turns":3},{"damage":23,"enemies":"3 Sentries","floor":13,"turns":5},{"damage":14,"enemies":"Hexaghost","floor":16,"turns":11},{"damage":0,"enemies":"Spheric Guardian","floor":18,"turns":3},{"damage":3,"enemies":"3 Byrds","floor":21,"turns":3},{"damage":0,"enemies":"Cultist and Chosen","floor":24,"turns":4},{"damage":20,"enemies":"Book of Stabbing","floor":25,"turns":6},{"damage":16,"enemies":"Slavers","floor":27,"turns":3},{"damage":11,"enemies":"Centurion and Healer","floor":28,"turns":4},{"damage":3,"enemies":"Gremlin Leader","floor":31,"turns":4},{"damage":36,"enemies":"Automaton","floor":33,"turns":10},{"damage":1,"enemies":"Orb Walker","floor":35,"turns":3},{"damage":9,"enemies":"3 Shapes","floor":36,"turns":3},{"damage":22,"enemies":"2 Orb Walkers","floor":37,"turns":2},{"damage":0,"enemies":"Jaw Worm Horde","floor":39,"turns":1},{"damage":26,"enemies":"Nemesis","floor":40,"turns":7},{"damage":13,"enemies":"Spire Growth","floor":41,"turns":5},{"damage":29,"enemies":"Reptomancer","floor":42,"turns":6},{"damage":15,"enemies":"3 Darklings","floor":44,"turns":3},{"damage":4,"enemies":"4 Shapes","floor":46,"turns":5},{"damage":0,"enemies":"Nemesis","floor":47,"turns":7},{"damage":0,"enemies":"Mind Bloom Boss Battle","floor":48,"turns":6},{"damage":55,"enemies":"Awakened One","floor":50,"turns":38}],"seed_played":"-5662525681327422633","potions_obtained":[{"floor":1,"key":"ColorlessPotion"},{"floor":2,"key":"Dexterity Potion"},{"floor":2,"key":"SpeedPotion"},{"floor":4,"key":"Ancient Potion"},{"floor":7,"key":"Weak Potion"},{"floor":13,"key":"LiquidMemories"},{"floor":21,"key":"Energy Potion"},{"floor":31,"key":"LiquidBronze"},{"floor":33,"key":"DistilledChaos"},{"floor":39,"key":"SteroidPotion"},{"floor":40,"key":"HeartOfIron"},{"floor":47,"key":"SkillPotion"}],"is_trial":false,"path_per_floor":["M","?","M","M","M","E","M","E","T","R","M","?","E","$","R","B",null,"M","?","$","M","?","R","M","E","T","E","M","R","$","E","R","B",null,"M","M","?","$","M","E","M","E","T","M","R","M","E","?","R","B",null],"character_chosen":"IRONCLAD","items_purchased":["Metallicize","BloodPotion","Medical Kit","OrangePellets","Energy Potion","Dark Embrace","Strength Potion"],"campfire_rested":4,"item_purchase_floors":[14,14,20,30,30,38,38],"current_hp_per_floor":[69,69,69,69,61,16,12,10,10,38,46,39,16,16,16,26,88,92,92,92,93,93,93,97,81,81,73,66,106,106,107,107,75,127,130,129,115,115,115,89,80,55,55,44,96,100,104,108,165,118],"gold":228,"neow_bonus":"BOSS_RELIC","is_daily":false,"chose_seed":false,"campfire_upgraded":3,"win_rate":0.0,"timestamp":1612299948,"path_taken":["M","?","M","M","?","E","M","E","T","R","M","?","E","?","R","BOSS","M","?","$","M","?","R","M","E","T","E","M","R","?","E","R","BOSS","M","M","?","$","M","E","M","E","T","M","R","M","E","?","R","BOSS"],"items_purchased_type":["Card","Potion","Relic","Relic","Potion","Card","Potion"],"build_version":"2020-12-18","purchased_purges":2,"victory":true,"max_hp_per_floor":[84,84,84,84,88,88,96,96,96,96,104,104,104,104,104,108,108,112,112,112,116,116,116,120,124,124,132,136,136,136,140,140,144,144,148,156,164,164,164,164,168,172,172,176,176,184,188,192,192,200],"relic_stats":{"Happy Flower":[44],"counters":[30,167],"Astrolabe":["Immolate","Feed","Juggernaut"],"Pen Nib":[13],"Medical Kit":[27],"Mercury Hourglass":[571],"OrangePellets":[5],"Nunchaku":[4],"Shovel":0,"Mummified Hand":[73],"Art of War":[37],"Champion Belt":[58],"Kunai":[3],"obtain_stats":[{"Happy Flower":13,"Astrolabe":0,"Vajra":25,"Velvet Choker":34,"Pen Nib":6,"Omamori":47,"Medical Kit":20,"Burning Blood":0,"Mercury Hourglass":9,"Du-Vu Doll":26,"OrangePellets":30,"Nunchaku":40,"Shovel":37,"Mummified Hand":8,"Art of War":42,"Champion Belt":19,"Kunai":31,"Unceasing Top":48,"Runic Pyramid":17},{"Happy Flower":9,"Astrolabe":0,"Vajra":14,"Velvet Choker":18,"Pen Nib":5,"Omamori":28,"Medical Kit":11,"Burning Blood":0,"Mercury Hourglass":7,"Du-Vu Doll":14,"OrangePellets":16,"Nunchaku":23,"Shovel":21,"Mummified Hand":7,"Art of War":25,"Champion Belt":11,"Kunai":17,"Unceasing Top":29,"Runic Pyramid":10},{"Happy Flower":35,"Astrolabe":0,"Vajra":62,"Velvet Choker":83,"Pen Nib":17,"Omamori":123,"Medical Kit":49,"Burning Blood":0,"Mercury Hourglass":28,"Du-Vu Doll":62,"OrangePellets":69,"Nunchaku":98,"Shovel":90,"Mummified Hand":28,"Art of War":109,"Champion Belt":49,"Kunai":73,"Unceasing Top":129,"Runic Pyramid":46}],"Unceasing Top":[0]},"card_choices":[{"not_picked":["Evolve","Perfected Strike"],"picked":"True Grit","floor":1},{"not_picked":["Dropkick","Cleave"],"picked":"Warcry","floor":3},{"not_picked":["Sword Boomerang","Flex","Twin Strike"],"picked":"SKIP","floor":4},{"not_picked":["Fire Breathing","Perfected Strike","Evolve"],"picked":"SKIP","floor":5},{"not_picked":["Fire Breathing","Perfected Strike"],"picked":"Exhume","floor":6},{"not_picked":["Cleave","Perfected Strike","Rampage"],"picked":"SKIP","floor":7},{"not_picked":["Headbutt","Clash"],"picked":"Thunderclap","floor":8},{"not_picked":["Pommel Strike","Pummel"],"picked":"Immolate","floor":11},{"not_picked":["Anger","Twin Strike"],"picked":"Shrug It Off","floor":13},{"not_picked":["Double Tap","Corruption"],"picked":"Juggernaut","floor":16},{"not_picked":["Havoc","Sword Boomerang","Anger"],"picked":"SKIP","floor":18},{"not_picked":["Battle Trance","Heavy Blade"],"picked":"Disarm+1","floor":21},{"not_picked":["Cleave","Havoc","Twin Strike"],"picked":"SKIP","floor":24},{"not_picked":["Clash+1","Body Slam","Pummel+1"],"picked":"SKIP","floor":25},{"not_picked":["Power Through","Barricade"],"picked":"Battle Trance","floor":27},{"not_picked":["Cleave","Dropkick"],"picked":"Intimidate+1","floor":28},{"not_picked":["Wild Strike","Body Slam","Clothesline"],"picked":"SKIP","floor":31},{"not_picked":["Corruption","Bludgeon"],"picked":"Demon Form","floor":33},{"not_picked":["Clothesline+1","Anger","Perfected Strike"],"picked":"SKIP","floor":35},{"not_picked":["Juggernaut","Carnage"],"picked":"Disarm","floor":36},{"not_picked":["Havoc","Berserk"],"picked":"Burning Pact","floor":39},{"not_picked":["Wild Strike+1","Flex+1"],"picked":"Burning Pact","floor":40},{"not_picked":["True Grit","Anger"],"picked":"Armaments+1","floor":41},{"not_picked":["Warcry","Clothesline"],"picked":"Flame Barrier+1","floor":42},{"not_picked":["Anger","Intimidate+1"],"picked":"Flame Barrier+1","floor":44},{"not_picked":["Twin Strike","Inflame+1"],"picked":"Feel No Pain+1","floor":46},{"not_picked":["Iron Wave","Clothesline+1","Thunderclap"],"picked":"SKIP","floor":47},{"not_picked":["Clothesline+1","Sword Boomerang"],"picked":"Reaper","floor":48}],"player_experience":344676,"relics_obtained":[{"floor":6,"key":"Pen Nib"},{"floor":8,"key":"Mummified Hand"},{"floor":9,"key":"Mercury Hourglass"},{"floor":13,"key":"Happy Flower"},{"floor":25,"key":"Vajra"},{"floor":26,"key":"Du-Vu Doll"},{"floor":31,"key":"Kunai"},{"floor":37,"key":"Shovel"},{"floor":40,"key":"Nunchaku"},{"floor":42,"key":"Art of War"},{"floor":47,"key":"Omamori"},{"floor":48,"key":"Unceasing Top"}],"event_choices":[{"damage_healed":0,"gold_gain":0,"player_choice":"Bought 2 Potions","damage_taken":0,"max_hp_gain":0,"max_hp_loss":0,"event_name":"The Woman in Blue","floor":2,"gold_loss":0},{"cards_removed":["Strike_R"],"damage_healed":0,"gold_gain":0,"player_choice":"Card Removal","damage_taken":7,"max_hp_gain":0,"max_hp_loss":0,"event_name":"Golden Wing","floor":12,"gold_loss":0},{"damage_healed":0,"gold_gain":0,"player_choice":"Opened","damage_taken":0,"relics_obtained":["Champion Belt"],"max_hp_gain":0,"max_hp_loss":0,"event_name":"The Mausoleum","floor":19,"gold_loss":0},{"damage_healed":0,"gold_gain":99,"player_choice":"Stole From Cult","damage_taken":0,"max_hp_gain":0,"max_hp_loss":0,"event_name":"Nest","floor":22,"gold_loss":0},{"damage_healed":0,"gold_gain":0,"player_choice":"Fight","damage_taken":0,"max_hp_gain":0,"max_hp_loss":0,"event_name":"Mysterious Sphere","floor":37,"gold_loss":0},{"damage_healed":0,"gold_gain":0,"player_choice":"Fight","damage_taken":0,"max_hp_gain":0,"max_hp_loss":0,"event_name":"MindBloom","floor":48,"gold_loss":0}],"is_beta":true,"boss_relics":[{"not_picked":["Black Star","Fusion Hammer"],"picked":"Runic Pyramid"},{"not_picked":["Runic Cube","Snecko Eye"],"picked":"Velvet Choker"}],"items_purged_floors":[14,38],"is_endless":false,"potions_floor_spawned":[1,4,7,13,21,31,33,39,40,42,47],"ascension_level":10}}