{"host":"jw4qy1ihmjslahm8","time":1612227507,"event":{"mods":["2.2 Compatiblity","Act Like it!","BaseMod","BetterRewards","Colored Map","Downfall","Duelist Mod","GifTheSpireLib","Hallownest","HololiveMod","Hubris","Infinite Spire","KinomotoSakuraMod(ñÿîVñ{?)","Lobotomy","LobotomyExtend","Minty Spire (QoL Compilation)","Reliquary","Replay The Spire","StSLib","The Animator","WarShipGirlsR/??è≠èóR mod"],"gold_per_floor":[127,144,144,144,168,168,178,178,178,211,229,243,325,343,343,343,343],"floor_reached":16,"language":"ENG","playtime":1313,"items_purged":[],"score":107,"play_id":"4e0481ee-46b1-42d7-a6c7-5b57f99fcca5","local_time":"20210201165827","is_ascension_mode":true,"campfire_choices":[{"data":"animator:UneriGinkaku","floor":6,"key":"SMITH"},{"data":"animator:Kuroyukihime","floor":8,"key":"SMITH"},{"floor":15,"key":"REST"}],"circlet_count":0,"master_deck":["animator:Strike_AccelWorld","animator:Defend_AccelWorld","animator:Strike","animator:Strike","animator:Strike","animator:Defend","animator:Defend","animator:Kuroyukihime+1","animator:LimeBell","CrumblingArmor","animator:Priestess","OldLady","animator:UneriGinkaku+1","BigBadWolf","animator:RinTohsaka","LittlePrince","animator:Chung","Wellcheers","animator:Lu","FieryBird","animator:Berserker","animator:NarberalGamma","animator:Saber","VoidDream","animator:Sloth"],"relics":["animator:LivingPicture","animator:TheMissingPiece","animator:PurgingStone","CogitoBucket","LetterFromLob","Snack Pack","reliquary:OuijaBoard","White Beast Statue","HellTrain","Replay:Bottled Eggs"],"acts_visited":["Exordium"],"potions_floor_usage":[10],"damage_taken":[{"damage":0,"enemies":"Cultist","floor":1,"turns":5},{"damage":2,"enemies":"2 Louse","floor":2,"turns":4},{"damage":0,"enemies":"Jaw Worm","floor":5,"turns":5},{"damage":5,"enemies":"Blue Slaver","floor":7,"turns":5},{"damage":18,"enemies":"Lagavulin","floor":10,"turns":14},{"damage":9,"enemies":"Looter","floor":11,"turns":8},{"damage":15,"enemies":"3 Louse","floor":14,"turns":3},{"damage":67,"enemies":"The Guardian","floor":16,"turns":6}],"seed_played":"86813603881887829","potions_obtained":[{"floor":1,"key":"EssenceOfSteel"},{"floor":11,"key":"AttackPotion"},{"floor":14,"key":"Energy Potion"}],"is_trial":false,"path_per_floor":["M","M","?","?","M","R","M","R","T","E","M","?","T","M","R","B"],"character_chosen":"THE_ANIMATOR","items_purchased":[],"campfire_rested":1,"item_purchase_floors":[],"current_hp_per_floor":[66,64,64,64,64,64,59,59,59,45,37,37,37,22,42,0,0],"gold":343,"neow_bonus":"","is_daily":false,"chose_seed":false,"campfire_upgraded":2,"win_rate":0.0,"timestamp":1612227507,"path_taken":["M","?","?","?","M","R","M","R","T","E","M","?","?","?","R","BOSS"],"items_purchased_type":[],"build_version":"2020-12-22","purchased_purges":0,"victory":false,"max_hp_per_floor":[66,66,66,66,66,66,66,66,66,66,67,67,67,67,67,67,67],"card_choices":[{"not_picked":["WallGazer","FairyFestival"],"picked":"CrumblingArmor","floor":1},{"not_picked":["animator:Togame","animator:Genos"],"picked":"animator:Priestess","floor":1},{"not_picked":["PunishingBird","Alriune"],"picked":"OldLady","floor":2},{"not_picked":["animator:ElricAlphonse","animator:Azekura"],"picked":"animator:UneriGinkaku","floor":2},{"not_picked":["WallGazer","SingingMachine"],"picked":"BigBadWolf","floor":5},{"not_picked":["animator:Tatsumaki","animator:Shalltear"],"picked":"animator:RinTohsaka","floor":5},{"not_picked":["MeatLantern","SingingMachine"],"picked":"LittlePrince","floor":7},{"not_picked":["animator:Elsword","animator:Laby"],"picked":"animator:Chung","floor":7},{"not_picked":["GalaxyChild","CENSORED"],"picked":"Wellcheers","floor":10},{"not_picked":["animator:GazelDwargon","animator:ZankiKiguchi"],"picked":"animator:Lu","floor":10},{"not_picked":["Murderer","Scorched"],"picked":"FieryBird","floor":11},{"not_picked":["animator:Evileye","animator:Shichika"],"picked":"animator:Berserker","floor":11},{"not_picked":[],"picked":"animator:NarberalGamma","floor":12},{"not_picked":[],"picked":"animator:Saber","floor":12},{"not_picked":["BeautyBeast","LongBird"],"picked":"VoidDream","floor":14},{"not_picked":["animator:Aisha","animator:CrowleyEusford"],"picked":"animator:Sloth","floor":14}],"player_experience":69358,"relics_obtained":[{"floor":1,"key":"LetterFromLob"},{"floor":4,"key":"Snack Pack"},{"floor":9,"key":"reliquary:OuijaBoard"},{"floor":10,"key":"White Beast Statue"},{"floor":13,"key":"Replay:Bottled Eggs"}],"event_choices":[],"is_beta":false,"boss_relics":[],"items_purged_floors":[],"is_endless":false,"potions_floor_spawned":[1,11,14],"killed_by":"The Guardian","ascension_level":1}}