{"host":"ow66nzv2xecjoor3","time":1612230945,"event":{"mods":["BaseMod","Bestiary","Block Reminder","Colored Powertips","Curses Come First","Highlight Path","Keyboard Shortcuts","Minty Spire (QoL Compilation)","Permanent Neow","Relic Stats","StSLib","UnlockEverythingMod"],"gold_per_floor":[116,128,128,139,23,23,58,68,148,148,148,148,175,198,210,299,311,337,365,377,402,430,476,508,540,552,575,587,587],"floor_reached":28,"language":"ENG","playtime":1511,"items_purged":["Strike_B"],"score":558,"play_id":"bb04f480-db95-424b-90c5-4833cba8d1aa","local_time":"20210201195545","is_ascension_mode":true,"campfire_choices":[{"data":"Doom and Gloom","floor":6.0,"key":"SMITH"},{"floor":10.0,"key":"REST"},{"data":"Loop","floor":12.0,"key":"SMITH"},{"data":"Self Repair","floor":15.0,"key":"SMITH"}],"circlet_count":0,"master_deck":["AscendersBane","Strike_B","Strike_B","Defend_B","Defend_B","Defend_B","Defend_B","Zap","Dualcast","Core Surge","Loop+1","Undo","Self Repair+1","Compile Driver","Doom and Gloom+1","Cold Snap","Ball Lightning","Loop","Machine Learning","Cold Snap","Streamline+1","Trip","Chill","Compile Driver","Creative AI","Genetic Algorithm","Lockon"],"relics":["Cracked Core","Torii","Bottled Flame","MawBank","Coffee Dripper","Bag of Marbles","StrikeDummy"],"acts_visited":["Exordium","TheCity"],"potions_floor_usage":[22,23],"damage_taken":[{"damage":2.0,"enemies":"Jaw Worm","floor":1.0,"turns":4.0},{"damage":9.0,"enemies":"2 Louse","floor":2.0,"turns":2.0},{"damage":1.0,"enemies":"Cultist","floor":4.0,"turns":4.0},{"damage":39.0,"enemies":"3 Sentries","floor":7.0,"turns":7.0},{"damage":1.0,"enemies":"Exordium Thugs","floor":8.0,"turns":4.0},{"damage":2.0,"enemies":"Lagavulin","floor":13.0,"turns":7.0},{"damage":1.0,"enemies":"Large Slime","floor":14.0,"turns":4.0},{"damage":28.0,"enemies":"Slime Boss","floor":16.0,"turns":5.0},{"damage":8.0,"enemies":"3 Byrds","floor":18.0,"turns":2.0},{"damage":17.0,"enemies":"Shell Parasite","floor":19.0,"turns":8.0},{"damage":8,"enemies":"Cultist and Chosen","floor":21,"turns":7},{"damage":9,"enemies":"Chosen and Byrds","floor":22,"turns":4},{"damage":27,"enemies":"Slavers","floor":23,"turns":5},{"damage":12,"enemies":"Snecko","floor":24,"turns":5},{"damage":31,"enemies":"Snake Plant","floor":25,"turns":4},{"damage":10,"enemies":"Sentry and Sphere","floor":27,"turns":5},{"damage":12,"enemies":"Cultist and Chosen","floor":28,"turns":3}],"seed_played":"-6371427658482007125","potions_obtained":[{"floor":1.0,"key":"LiquidBronze"},{"floor":8.0,"key":"Weak Potion"},{"floor":14.0,"key":"SteroidPotion"},{"floor":19,"key":"LiquidBronze"},{"floor":22,"key":"FearPotion"}],"is_trial":false,"path_per_floor":["M","M","?","M","$","R","E","M","T","R","?","R","E","M","R","B",null,"M","M","?","M","M","E","M","M","T","M","M"],"character_chosen":"DEFECT","items_purchased":["Doom and Gloom"],"campfire_rested":1,"item_purchase_floors":[5],"current_hp_per_floor":[44,35,35,41,41,41,2,8,8,29,52,52,57,63,63,45,65,67,60,48,50,51,34,32,11,11,11,0,0],"gold":587,"neow_bonus":"THREE_RARE_CARDS","is_daily":false,"chose_seed":false,"campfire_upgraded":3,"win_rate":0.0,"timestamp":1612230945,"path_taken":["M","M","?","M","$","R","E","M","T","R","?","R","E","M","R","BOSS","M","M","?","?","M","E","M","M","T","M","M"],"items_purchased_type":["Card"],"build_version":"2020-12-22","purchased_purges":1,"victory":false,"max_hp_per_floor":[71,71,71,71,71,71,71,71,71,71,71,71,71,71,71,71,71,71,71,71,71,71,71,71,71,71,71,71,71],"relic_stats":{"Torii":25,"counters":[17,79],"MawBank":180,"obtain_stats":[{"Bottled Flame":9,"Torii":7,"Coffee Dripper":17,"Bag of Marbles":23,"Cracked Core":0,"MawBank":13,"StrikeDummy":26},{"Bottled Flame":5,"Torii":4,"Coffee Dripper":8,"Bag of Marbles":13,"Cracked Core":0,"MawBank":6,"StrikeDummy":15},{"Bottled Flame":21,"Torii":17,"Coffee Dripper":36,"Bag of Marbles":62,"Cracked Core":0,"MawBank":27,"StrikeDummy":71}]},"card_choices":[{"not_picked":["Machine Learning","Multi-Cast"],"picked":"Core Surge","floor":0.0},{"not_picked":["Go for the Eyes","Stack"],"picked":"Loop","floor":1.0},{"not_picked":["Reprogram","Go for the Eyes"],"picked":"Undo","floor":2.0},{"not_picked":["Force Field","Redo"],"picked":"Compile Driver","floor":4.0},{"not_picked":["Barrage","Rip and Tear"],"picked":"Cold Snap","floor":7.0},{"not_picked":["Redo","Amplify"],"picked":"Ball Lightning","floor":8.0},{"not_picked":["Sunder","Hologram","Meteor Strike"],"picked":"SKIP","floor":13.0},{"not_picked":["Force Field","Chaos"],"picked":"Loop","floor":14.0},{"not_picked":["Meteor Strike","All For One"],"picked":"Machine Learning","floor":16.0},{"not_picked":["Redo","Gash"],"picked":"Cold Snap","floor":18.0},{"not_picked":["Blizzard","Gash"],"picked":"Streamline+1","floor":19},{"not_picked":["Self Repair","Chaos"],"picked":"Chill","floor":21},{"not_picked":["Stack","Sweeping Beam"],"picked":"Compile Driver","floor":22},{"not_picked":["Barrage","Meteor Strike"],"picked":"Creative AI","floor":23},{"not_picked":["Skim","Tempest","Heatsinks"],"picked":"SKIP","floor":24},{"not_picked":["Doom and Gloom+1","Chaos"],"picked":"Genetic Algorithm","floor":25},{"not_picked":["Barrage","Compile Driver+1"],"picked":"Lockon","floor":27}],"player_experience":2807219,"relics_obtained":[{"floor":7.0,"key":"Torii"},{"floor":9.0,"key":"Bottled Flame"},{"floor":13.0,"key":"MawBank"},{"floor":23,"key":"Bag of Marbles"},{"floor":26,"key":"StrikeDummy"}],"event_choices":[{"damage_healed":0.0,"max_hp_gain":0.0,"max_hp_loss":0.0,"gold_gain":0.0,"cards_transformed":["Strike_B"],"event_name":"Living Wall","player_choice":"Change","floor":3.0,"gold_loss":0.0,"damage_taken":0.0,"cards_obtained":["Self Repair"]},{"damage_healed":23.0,"max_hp_gain":0.0,"max_hp_loss":0.0,"gold_gain":0.0,"event_name":"Big Fish","player_choice":"Banana","floor":11.0,"gold_loss":0.0,"damage_taken":0.0},{"damage_healed":0,"gold_gain":0,"player_choice":"CARD ","damage_taken":12,"max_hp_gain":0,"max_hp_loss":0,"event_name":"Knowing Skull","floor":20,"potions_obtained":[],"gold_loss":0,"cards_obtained":["Trip"]}],"is_beta":false,"boss_relics":[{"not_picked":["Velvet Choker","Philosopher\u0027s Stone"],"picked":"Coffee Dripper"}],"items_purged_floors":[5],"is_endless":false,"potions_floor_spawned":[1,8,14,16,19,22],"killed_by":"Cultist and Chosen","ascension_level":20}}