{"host":"8xzc7f3sd104n9ql","time":1612225786,"event":{"mods":["Ascension Reborn","Aspiration","BaseMod","Better Altar","Better Match","Better Note","Better Sensory Stone","Better Skull","Better Third Choice","Better Vampires","Colored Map","Colored Powertips","Colorless Booster Pack","Conspire","DeckTracker","Downfall","Energized Spire","Halation","Highlight Path","Hubris","Infinite Spire","Minty Spire (QoL Compilation)","Rare Cards Sparkle","RatMod","Reliquary","Replay The Spire","Spicy Shops","Spikes Relics","StSLib","The Blue Laboratory","Transform Curses","Unceasing Turn Reminder","UnlockEverythingMod"],"gold_per_floor":[111,130,176,45,62,77,90,145,145,161,161,172,189,37,37,139,139,155,174,174,174,174,174,174,191,191,266,278,278,292,308,308,308,308],"floor_reached":33,"language":"ENG","playtime":2069,"items_purged":["Strike_R"],"score":268,"play_id":"37f8e3e0-b017-4674-acc2-c3dd845d7f25","local_time":"20210201182946","is_ascension_mode":false,"campfire_choices":[{"floor":11,"key":"REST"},{"floor":15,"key":"DIG"},{"floor":23,"key":"REST"},{"data":"Inflame","floor":24,"key":"SMITH"},{"data":"infinitespire:Starlight","floor":29,"key":"SMITH"},{"data":"Barricade","floor":29,"key":"SMITH"},{"floor":32,"key":"REST"}],"circlet_count":0,"master_deck":["Strike_R","Strike_R","Strike_R","Strike_R","Defend_R","Defend_R","Defend_R","Defend_R","Bash","True Grit","Inflame","Disarm","Inflame+1","Inflame","Pummel","Sword Boomerang","Feel No Pain","ReplayTheSpireMod:Strike From Hell","ReplayTheSpireMod:Strike From Hell","Inflame","Sword Boomerang","Flex","conspire:HitWhereItHurts","Carnage","Anger","infinitespire:Starlight+1","Sentinel","Barricade+1","hubris:SharpeningStone","Thunderclap"],"relics":["Burning Blood","aspiration:Nostalgia","PureWater","aspiration:TomeofQuesting","Replay:Wax Seal","Bag of Marbles","Question Card","Replay:Baseball","aspiration:AnachronicSnailShell","reliquary:Craggleroot","Nilry\u0027s Codex","halation:Komachan","Replay:Arrowhead"],"acts_visited":["Exordium","TheCity"],"potions_floor_usage":[31,33,33],"damage_taken":[{"damage":7,"enemies":"Small Slimes","floor":1,"turns":4},{"damage":1,"enemies":"Jaw Worm","floor":2,"turns":3},{"damage":39,"enemies":"conspire:MimicChest","floor":3,"turns":10},{"damage":0,"enemies":"2 Louse","floor":5,"turns":3},{"damage":21,"enemies":"Exordium Thugs","floor":6,"turns":4},{"damage":3,"enemies":"Looter","floor":7,"turns":2},{"damage":15,"enemies":"Exordium Wildlife","floor":10,"turns":4},{"damage":0,"enemies":"3 Louse","floor":12,"turns":2},{"damage":30,"enemies":"Exordium Thugs","floor":13,"turns":3},{"damage":15,"enemies":"Hexaghost","floor":16,"turns":8},{"damage":3,"enemies":"Chosen","floor":18,"turns":3},{"damage":32,"enemies":"3 Byrds","floor":19,"turns":5},{"damage":16,"enemies":"Centurion and Healer","floor":25,"turns":6},{"damage":23,"enemies":"Snecko","floor":28,"turns":4},{"damage":28,"enemies":"Snake Plant","floor":30,"turns":3},{"damage":35,"enemies":"Centurion and Healer","floor":31,"turns":4},{"damage":50,"enemies":"Automaton","floor":33,"turns":8}],"seed_played":"7088464790326398498","potions_obtained":[{"floor":2,"key":"blueLaboratory:SmithPotion"},{"floor":5,"key":"blueLaboratory:BottledHope"},{"floor":6,"key":"SpeedPotion"},{"floor":31,"key":"Ancient Potion"}],"is_trial":false,"path_per_floor":["M","M","?","$","M","M","M","?","T","M","R","M","M","$","R_BF","B",null,"M","M","?","?","AVR","R","R","M","T","?","M","R","M","M","R","B"],"character_chosen":"IRONCLAD","items_purchased":["Replay:Wax Seal","Inflame","Replay:Baseball"],"campfire_rested":3,"item_purchase_floors":[4,4,14],"current_hp_per_floor":[79,80,47,47,53,38,41,41,41,32,56,62,38,38,38,29,80,80,54,54,38,38,62,62,62,62,54,47,47,25,11,35,0,0],"gold":308,"neow_bonus":"NOSTALGIA","is_daily":false,"chose_seed":false,"campfire_upgraded":3,"win_rate":0.0,"timestamp":1612225786,"path_taken":["M","M","?","$","M","M","M","?","T","M","R","?","M","$","R_BF","BOSS","M","M","?","?","AVR","R","R","M","T","?","M","R","M","M","R","BOSS"],"items_purchased_type":["Relic","Card","Relic"],"build_version":"2020-12-22","purchased_purges":1,"victory":false,"max_hp_per_floor":[80,80,80,80,80,80,80,80,80,80,80,80,80,80,80,80,80,80,80,80,80,80,80,80,80,80,80,80,80,80,80,80,80,80],"card_choices":[{"not_picked":["Havoc","Whirlwind"],"picked":"True Grit","floor":1},{"not_picked":["Rupture","Rampage"],"picked":"Inflame","floor":2},{"not_picked":["Flex","Rampage"],"picked":"Disarm","floor":3},{"not_picked":["Cleave","Havoc"],"picked":"Pummel","floor":5},{"not_picked":["hubris:ReadiedAction","Armaments"],"picked":"Sword Boomerang","floor":6},{"not_picked":["ReplayTheSpireMod:Strike From Hell","Combust"],"picked":"Feel No Pain","floor":7},{"not_picked":["hubris:SharpeningStone","Wild Strike"],"picked":"ReplayTheSpireMod:Strike From Hell","floor":8},{"not_picked":["Sword Boomerang","Havoc"],"picked":"ReplayTheSpireMod:Strike From Hell","floor":8},{"not_picked":["Headbutt","Havoc","Demonic Infusion"],"picked":"Inflame","floor":10},{"not_picked":["Battle Trance","hubris:CleavingFinish","ReplayTheSpireMod:Corrosion Curse"],"picked":"Sword Boomerang","floor":12},{"not_picked":["Warcry","Anger","ReplayTheSpireMod:Muscle Training"],"picked":"Flex","floor":13},{"not_picked":["Impervious","rat:Execute","Berserk"],"picked":"conspire:HitWhereItHurts","floor":16},{"not_picked":["Battle Trance","Warcry","Shrug It Off"],"picked":"Carnage","floor":18},{"not_picked":["True Grit","Reckless Charge+1","Thunderclap"],"picked":"Anger","floor":19},{"not_picked":["Havoc","conspire:Charge","Headbutt"],"picked":"Sentinel","floor":25},{"not_picked":["Replay:Undeath\u0027s Touch+1","Havoc","Headbutt"],"picked":"Barricade","floor":28},{"not_picked":["hubris:ReadiedAction","Clash","Anger"],"picked":"hubris:SharpeningStone","floor":30},{"not_picked":["Perfected Strike","Defy Death","Clash"],"picked":"Thunderclap","floor":31}],"player_experience":426869,"relics_obtained":[{"floor":3,"key":"aspiration:TomeofQuesting"},{"floor":8,"key":"Bag of Marbles"},{"floor":9,"key":"Question Card"},{"floor":15,"key":"aspiration:AnachronicSnailShell"},{"floor":21,"key":"Nilry\u0027s Codex"},{"floor":26,"key":"Replay:Arrowhead"}],"event_choices":[{"cards_removed":["Inflame"],"damage_healed":0,"gold_gain":0,"player_choice":"Give","damage_taken":0,"max_hp_gain":0,"max_hp_loss":0,"event_name":"betterNote:BetterNote","floor":20,"gold_loss":0,"cards_obtained":["Strike_R"]},{"damage_healed":0,"gold_gain":0,"player_choice":"Obtained Book","damage_taken":16,"max_hp_gain":0,"max_hp_loss":0,"event_name":"Cursed Tome","floor":21,"gold_loss":0},{"damage_healed":0,"gold_gain":75,"player_choice":"Touch","damage_taken":8,"max_hp_gain":0,"max_hp_loss":0,"event_name":"FaceTrader","floor":27,"gold_loss":0}],"is_beta":false,"boss_relics":[{"not_picked":["halation:SmartPhone","aspiration:SecretTechniqueScroll"],"picked":"reliquary:Craggleroot"}],"items_purged_floors":[14],"is_endless":false,"potions_floor_spawned":[2,5,6,7,16,18,25,31],"killed_by":"Automaton","ascension_level":0}}