{"host":"pjgcdp3h1plnbocs","time":1612227549,"event":{"mods":["AchievementEnabler","BaseMod","Colored Map","Downfall","Highlight Path","Minty Spire (QoL Compilation)","StSLib"],"gold_per_floor":[116,134,134,209,220,247,247,422,422,52,52,84,156,156,156,156,156],"floor_reached":16,"language":"ENG","playtime":2494,"items_purged":["Doubt"],"score":111,"play_id":"d7858ac3-dca1-48ea-b3d3-6d905e7eb69e","local_time":"20210202015909","is_ascension_mode":true,"campfire_choices":[{"data":"Cloak And Dagger","floor":7,"key":"SMITH"},{"floor":11,"key":"DIG"},{"floor":15,"key":"DIG"}],"circlet_count":0,"master_deck":["Strike_G","Strike_G","Strike_G","Strike_G+1","Strike_G","Defend_G","Defend_G+1","Defend_G","Defend_G+1","Defend_G+1","Survivor","Neutralize","Quick Slash","Blade Dance","Cloak And Dagger+1","Poisoned Stab"],"relics":["Ring of the Snake","Gambling Chip","Shovel","War Paint","Anchor","PreservedInsect","Prayer Wheel","Bag of Marbles"],"acts_visited":["Exordium"],"potions_floor_usage":[16,16],"damage_taken":[{"damage":2,"enemies":"Small Slimes","floor":1,"turns":4},{"damage":0,"enemies":"Jaw Worm","floor":2,"turns":4},{"damage":0,"enemies":"2 Louse","floor":5,"turns":2},{"damage":28,"enemies":"Gremlin Nob","floor":6,"turns":5},{"damage":14,"enemies":"3 Sentries","floor":12,"turns":7},{"damage":8,"enemies":"Slime Boss","floor":16,"turns":13}],"seed_played":"8697888282800124211","potions_obtained":[{"floor":1,"key":"Block Potion"},{"floor":6,"key":"Guardian:BlockOnCardUsePotion"}],"is_trial":false,"path_per_floor":["M","M","?","?","M","E","R","?","T","$","R","E","T","?","R","B"],"character_chosen":"THE_SILENT","items_purchased":["War Paint","Anchor"],"campfire_rested":0,"item_purchase_floors":[10,10],"current_hp_per_floor":[75,75,60,49,49,21,21,21,21,21,21,7,7,7,7,0,0],"gold":156,"neow_bonus":"TEN_PERCENT_HP_BONUS","is_daily":false,"chose_seed":false,"campfire_upgraded":1,"win_rate":0.0,"timestamp":1612227549,"path_taken":["M","M","?","?","M","E","R","?","T","?","R","E","?","?","R","BOSS"],"items_purchased_type":["Relic","Relic"],"build_version":"2020-12-22","purchased_purges":1,"victory":false,"max_hp_per_floor":[77,77,77,77,77,77,77,77,77,77,77,77,77,77,77,77,77],"card_choices":[{"not_picked":["Masterful Stab","Tactician"],"picked":"Quick Slash","floor":1},{"not_picked":["Bane","Prepared"],"picked":"Blade Dance","floor":2},{"not_picked":["Acrobatics","Sucker Punch"],"picked":"Cloak And Dagger","floor":5},{"not_picked":["PiercingWail","Terror"],"picked":"Poisoned Stab","floor":6},{"not_picked":["Expertise","Slice","Setup"],"picked":"SKIP","floor":12}],"player_experience":216965,"relics_obtained":[{"floor":6,"key":"Gambling Chip"},{"floor":9,"key":"Shovel"},{"floor":11,"key":"PreservedInsect"},{"floor":12,"key":"Prayer Wheel"},{"floor":15,"key":"Bag of Marbles"}],"event_choices":[{"damage_healed":0,"gold_gain":0,"player_choice":"Entered Light","damage_taken":15,"max_hp_gain":0,"max_hp_loss":0,"event_name":"Shining Light","floor":3,"gold_loss":0,"cards_upgraded":["Defend_G","Strike_G"]},{"damage_healed":0,"gold_gain":75,"player_choice":"Gather Gold","damage_taken":11,"max_hp_gain":0,"max_hp_loss":0,"event_name":"World of Goop","floor":4,"gold_loss":0},{"damage_healed":0,"gold_gain":175,"player_choice":"AGREE","damage_taken":0,"max_hp_gain":0,"max_hp_loss":0,"event_name":"Liars Game","floor":8,"gold_loss":0,"cards_obtained":["Doubt"]},{"damage_healed":0,"gold_gain":0,"player_choice":"Ignored","damage_taken":0,"max_hp_gain":0,"max_hp_loss":0,"event_name":"Golden Wing","floor":14,"gold_loss":0}],"is_beta":false,"boss_relics":[],"items_purged_floors":[10],"is_endless":false,"potions_floor_spawned":[1,6],"killed_by":"Slime Boss","ascension_level":1}}