{"host":"iittsup1ixgwip8e","time":1612224240,"event":{"mods":["A Magickal Journey","Aspiration","BaseMod","Challenge The Spire","Clockwork Mod","Colored Powertips","Conspire","Downfall","Energized Spire","Exacting","GifTheSpireLib","Halation","Hermit","Hubris","Infinite Spire","Mari Mod (Legacy)","Mari\u0027s V1 Patch","Marisa????????","Mimic Mod","Minty Spire (QoL Compilation)","Quick Restart","READ ME - Guardian Mod","Reliquary","Replay The Spire","Shop Mod","Spikes Relics","Spire Arcade","StSLib","Stuff the Spire","The Animator","The Cursed","The Disciple","The Jungle","The Marked","The Runesmith","The Servant 0.9.4","The Valiant","The Vixen"],"gold_per_floor":[113,126,148,148,182,182,182,182],"floor_reached":7,"language":"ENG","playtime":2075,"items_purged":[],"score":66,"play_id":"96f68750-98a2-4579-aea9-190aa372983d","local_time":"20210201190400","is_ascension_mode":false,"campfire_choices":[{"floor":6,"key":"RECALL"}],"circlet_count":0,"master_deck":["Strike_R","Strike_R","Strike_R","Strike_R","Strike_R","Defend_R","Defend_R","Defend_R","Defend_R","Bash","Strike_Br","hubris:MerchantsHand","Bloodletting","Clash","Flame Barrier","Armaments"],"relics":["Burning Blood"],"acts_visited":["Exordium"],"potions_floor_usage":[5],"damage_taken":[{"damage":8,"enemies":"Jaw Worm","floor":1,"turns":4},{"damage":0,"enemies":"Small Slimes","floor":2,"turns":3},{"damage":11,"enemies":"conspire:RoseBush","floor":3,"turns":2},{"damage":26,"enemies":"Exordium Thugs","floor":5,"turns":8},{"damage":60,"enemies":"Lagavulin","floor":7,"turns":6}],"seed_played":"1242352873267818129","potions_obtained":[{"floor":2,"key":"Languid Potion"}],"is_trial":false,"path_per_floor":["M","M","M","?","MIM","R","E"],"character_chosen":"IRONCLAD","items_purchased":[],"campfire_rested":0,"item_purchase_floors":[],"current_hp_per_floor":[94,96,91,91,71,71,11,11],"gold":182,"neow_bonus":"TWENTY_PERCENT_HP_BONUS","is_daily":false,"chose_seed":false,"campfire_upgraded":0,"win_rate":0.0,"timestamp":1612224240,"path_taken":["M","M","M","?","?","R","E"],"items_purchased_type":[],"build_version":"2020-12-22","purchased_purges":0,"victory":false,"max_hp_per_floor":[96,96,96,96,96,96,96,96],"card_choices":[{"not_picked":["StuffTheSpire:Resist","StuffTheSpire:Incineration"],"picked":"Bloodletting","floor":1},{"not_picked":["Armaments","Havoc"],"picked":"Clash","floor":2},{"not_picked":["Shrug It Off","ReplayTheSpireMod:Strike From Hell"],"picked":"Flame Barrier","floor":3},{"not_picked":["Fire Breathing","ReplayReversal"],"picked":"Armaments","floor":5}],"player_experience":146547,"relics_obtained":[],"event_choices":[],"is_beta":false,"boss_relics":[],"items_purged_floors":[],"is_endless":false,"potions_floor_spawned":[2],"killed_by":"Lagavulin","ascension_level":0}}