{"host":"2ty4h143nj8vwezc","time":1612233673,"event":{"mods":["BaseMod","Colored Map","Googly Eyes","Highlight Path","Minty Spire (QoL Compilation)","Quick Restart","StSLib"],"gold_per_floor":[110,75,0,17,33,61,61,61,61],"floor_reached":8,"language":"ENG","playtime":517,"items_purged":["Defend_G"],"score":106,"play_id":"73a15bf7-4029-42dd-9868-c383a889f2ff","local_time":"20210201214113","is_ascension_mode":true,"campfire_choices":[{"floor":7,"key":"REST"}],"circlet_count":0,"master_deck":["AscendersBane","Strike_G","Strike_G","Strike_G","Strike_G","Strike_G","Defend_G","Defend_G","Defend_G","Defend_G","Survivor","Neutralize","Backstab","PiercingWail","Well Laid Plans","Caltrops"],"relics":["Philosopher\u0027s Stone","Toy Ornithopter"],"acts_visited":["Exordium"],"potions_floor_usage":[6,8],"damage_taken":[{"damage":11,"enemies":"Small Slimes","floor":1,"turns":5},{"damage":4,"enemies":"Jaw Worm","floor":4,"turns":2},{"damage":0,"enemies":"Cultist","floor":5,"turns":4},{"damage":45,"enemies":"3 Sentries","floor":6,"turns":14},{"damage":36,"enemies":"Lagavulin","floor":8,"turns":8}],"seed_played":"7936496286321406334","potions_obtained":[{"floor":5,"key":"Poison Potion"},{"floor":6,"key":"GamblersBrew"}],"is_trial":false,"path_per_floor":["M","?","$","M","M","E","R","E"],"character_chosen":"THE_SILENT","items_purchased":[],"campfire_rested":1,"item_purchase_floors":[],"current_hp_per_floor":[48,64,64,60,60,15,34,3,3],"gold":61,"neow_bonus":"BOSS_RELIC","is_daily":false,"chose_seed":false,"campfire_upgraded":0,"win_rate":0.0,"timestamp":1612233673,"path_taken":["M","?","$","M","M","E","R","E"],"items_purchased_type":[],"build_version":"2020-12-22","purchased_purges":1,"victory":false,"max_hp_per_floor":[66,66,66,66,66,66,66,66,66],"card_choices":[{"not_picked":["Cloak And Dagger","Concentrate"],"picked":"Backstab","floor":1},{"not_picked":["Deadly Poison","PiercingWail","Acrobatics"],"picked":"SKIP","floor":4},{"not_picked":["Deadly Poison","Acrobatics"],"picked":"PiercingWail","floor":4},{"not_picked":["Infinite Blades","Finisher"],"picked":"Well Laid Plans","floor":5},{"not_picked":["Setup","Flying Knee"],"picked":"Caltrops","floor":6}],"player_experience":323729,"relics_obtained":[{"floor":6,"key":"Toy Ornithopter"}],"event_choices":[{"damage_healed":16,"gold_gain":0,"player_choice":"Healed","damage_taken":0,"max_hp_gain":0,"max_hp_loss":0,"event_name":"The Cleric","floor":2,"gold_loss":35}],"is_beta":false,"boss_relics":[],"items_purged_floors":[3],"is_endless":false,"potions_floor_spawned":[5,6],"killed_by":"Lagavulin","ascension_level":18}}