{"host":"9slw7l0ws16384qq","time":1612284697,"event":{"mods":["A Penny For Your Troubles","BaseMod","Colored Map","Downfall","Evolution","Hubris","Minty Spire (QoL Compilation)","Replay The Spire","StS++","StSLib"],"gold_per_floor":[99,110,110,124,224,238,238,238,238,238,238],"floor_reached":9,"language":"FRA","playtime":287,"items_purged":[],"score":69,"play_id":"b21112d0-82ed-48f9-a75a-2b0a3745c3cd","local_time":"20210202175137","is_ascension_mode":true,"campfire_choices":[{"floor":1.0,"key":"DIG"}],"circlet_count":0,"master_deck":["Slimebound:Strike_Slimebound","Slimebound:Strike_Slimebound","Slimebound:Strike_Slimebound","Slimebound:Tackle","Slimebound:Defend_Slimebound","Slimebound:Defend_Slimebound","Slimebound:Defend_Slimebound","Slimebound:Defend_Slimebound","Slimebound:Split","Slimebound:CorrosiveSpit","Slimebound:LeechEnergy"],"relics":["Slimebound:AbsorbEndCombat","EVO:Axolotl","Quantum Egg","downfall:GremlinWheel","Bag of Preparation"],"acts_visited":["Exordium"],"potions_floor_usage":[5,9],"damage_taken":[{"damage":5.0,"enemies":"Jaw Worm","floor":2.0,"turns":4.0},{"damage":21.0,"enemies":"Small Slimes","floor":4.0,"turns":4.0},{"damage":43,"enemies":"Small Slimes","floor":5,"turns":4},{"damage":1,"enemies":"Cultist","floor":6,"turns":4},{"damage":24,"enemies":"Lagavulin","floor":9,"turns":4}],"seed_played":"-5913919016225936918","potions_obtained":[{"floor":4.0,"key":"bronze:BurnAndBuffPotion"},{"floor":5,"key":"Weak Potion"}],"is_trial":false,"path_per_floor":["R_BF","M","?","M","?","M","T","?","E"],"character_chosen":"SLIMEBOUND","items_purchased":[],"campfire_rested":0,"item_purchase_floors":[],"current_hp_per_floor":[56,59,59,46,7,14,14,14,0,0,0],"gold":238,"neow_bonus":"TWENTY_PERCENT_HP_BONUS","is_daily":false,"chose_seed":false,"campfire_upgraded":0,"win_rate":0.0,"timestamp":1612284697,"path_taken":["R_BF","M","?","M","?","?","T","?","E"],"items_purchased_type":[],"build_version":"2020-12-22","purchased_purges":0,"victory":false,"max_hp_per_floor":[77,77,77,77,77,77,77,77,77,77,77],"card_choices":[{"not_picked":["Slimebound:GoopSpray","Slimebound:SplitBruiser","Slimebound:HauntingLick"],"picked":"SKIP","floor":2.0},{"not_picked":["Slimebound:SamplingLick","Slimebound:GoopTackle","Slimebound:FinishingTackle"],"picked":"SKIP","floor":4.0},{"not_picked":["Slimebound:RainOfGoop","Slimebound:PressTheAttack","Slimebound:SamplingLick"],"picked":"SKIP","floor":6}],"player_experience":1589825,"relics_obtained":[{"floor":1.0,"key":"Quantum Egg"},{"floor":5,"key":"downfall:GremlinWheel"},{"floor":7,"key":"Bag of Preparation"}],"event_choices":[],"is_beta":false,"boss_relics":[],"items_purged_floors":[],"is_endless":false,"potions_floor_spawned":[4,5],"killed_by":"Lagavulin","ascension_level":7}}