{"host":"0fmi5fguj5lvt8pf","time":1612284812,"event":{"mods":["BaseMod","Colored Map","Curses Come First","Downfall","Minty Spire (QoL Compilation)","Permanent Neow","StSLib"],"gold_per_floor":[99,113,113,133,151,180,180,180,195,211,121,121,121,121,140,244,244,244,261,261,278,278,296,296,296,181,199,225,244,262,297,317,415,415,115,165,190,190,201,18,18,45,56,82,96,22,22,22,34,34,34,67,19,19,19,19],"floor_reached":57,"language":"ENG","playtime":4255,"items_purged":["downfall:Icky","downfall:Malfunctioning","hexamod:Strike"],"score":1401,"play_id":"6d8d714f-f272-49a8-80b2-e53fc965eb60","local_time":"20210202085332","is_ascension_mode":false,"campfire_choices":[{"data":"hexamod:ForkedFlame","floor":1.0,"key":"SMITH"},{"data":"hexamod:FastForward","floor":8.0,"key":"SMITH"},{"floor":12.0,"key":"REST"},{"floor":18.0,"key":"RECALL"},{"data":"hexamod:FlameSwitch","floor":35.0,"key":"SMITH"},{"data":"1","floor":47.0,"key":"LIFT"},{"data":"2","floor":54,"key":"LIFT"}],"circlet_count":0,"master_deck":["hexamod:Strike","hexamod:Strike+1","hexamod:Defend+1","hexamod:Defend","hexamod:Defend+1","hexamod:Sear+1","hexamod:Float+1","hexamod:ForkedFlame+1","hexamod:Toasty","hexamod:FastForward+1","hexamod:PowerFromBeyond+1","hexamod:ChargedBarrage+1","hexamod:TimeOfNeed","hexamod:HauntingEcho+1","hexamod:ForkedFlame+1","hexamod:GiftsFromTheDead","hexamod:RadiantFlame+1","hexamod:ThermalTransfer+1","hexamod:GiftsFromTheDead","hexamod:FlameSwitch+1","hexamod:StepThrough+1","hexamod:ForkedFlame","hexamod:Hexaguard","hexamod:PowerFromBeyond","hexamod:Hexaguard","hexamod:TimeOfNeed","hexamod:NightmareGuise+1","hexamod:NightmareStrike"],"relics":["hexamod:SpiritBrand","Pantograph","Singing Bowl","SacredBark","Nloth\u0027s Gift","Blue Candle","StoneCalendar","PreservedInsect","SlaversCollar","downfall:HeartBlessingRed","downfall:HeartBlessingGreen","downfall:HeartBlessingBlue","Girya","Juzu Bracelet","FossilizedHelix","bronze:DecasWashers","hexamod:TheBrokenSeal","Incense Burner","White Beast Statue"],"acts_visited":["Exordium","TheCity","TheBeyond","TheEnding"],"potions_floor_usage":[56,56,56],"damage_taken":[{"damage":0.0,"enemies":"Small Slimes","floor":2.0,"turns":2.0},{"damage":0.0,"enemies":"2 Louse","floor":4.0,"turns":2.0},{"damage":6.0,"enemies":"Jaw Worm","floor":5.0,"turns":2.0},{"damage":9.0,"enemies":"Lagavulin","floor":6.0,"turns":5.0},{"damage":1.0,"enemies":"3 Louse","floor":9.0,"turns":3.0},{"damage":10.0,"enemies":"Lots of Slimes","floor":10.0,"turns":4.0},{"damage":1.0,"enemies":"downfall:FleeingMerchant","floor":11.0,"turns":4.0},{"damage":8.0,"enemies":"Exordium Thugs","floor":15.0,"turns":4.0},{"damage":34.0,"enemies":"DF_ARCHETYPE_STREAMLINE","floor":16.0,"turns":8.0},{"damage":7.0,"enemies":"Shell Parasite","floor":19.0,"turns":3.0},{"damage":3.0,"enemies":"Chosen","floor":21.0,"turns":6.0},{"damage":16.0,"enemies":"Sentry and Sphere","floor":23.0,"turns":5.0},{"damage":2.0,"enemies":"downfall:FleeingMerchant","floor":26.0,"turns":4.0},{"damage":6.0,"enemies":"Cultist and Chosen","floor":27.0,"turns":5.0},{"damage":0.0,"enemies":"Gremlin Leader","floor":28.0,"turns":3.0},{"damage":1.0,"enemies":"Centurion and Healer","floor":29.0,"turns":5.0},{"damage":19.0,"enemies":"Snake Plant","floor":30.0,"turns":3.0},{"damage":6.0,"enemies":"Slavers","floor":31.0,"turns":3.0},{"damage":10.0,"enemies":"Shelled Parasite and Fungi","floor":32.0,"turns":3.0},{"damage":34.0,"enemies":"IC_MUSHROOM_ARCHETYPE","floor":33.0,"turns":6.0},{"damage":10.0,"enemies":"IC_MUSHROOM_ARCHETYPE","floor":36.0,"turns":5.0},{"damage":52.0,"enemies":"3 Darklings","floor":39.0,"turns":7.0},{"damage":0.0,"enemies":"downfall:FleeingMerchant","floor":40.0,"turns":3.0},{"damage":7.0,"enemies":"3 Shapes","floor":42.0,"turns":6.0},{"damage":0.0,"enemies":"Transient","floor":43.0,"turns":5.0},{"damage":0.0,"enemies":"Nemesis","floor":44.0,"turns":5.0},{"damage":0.0,"enemies":"Spire Growth","floor":45.0,"turns":4.0},{"damage":0.0,"enemies":"Sphere and 2 Shapes","floor":49.0,"turns":3.0},{"damage":4.0,"enemies":"SI_POISON_ARCHETYPE","floor":50.0,"turns":6.0},{"damage":0,"enemies":"downfall:CharBossMerchant","floor":52,"turns":6},{"damage":8,"enemies":"downfall:NeowBoss","floor":55,"turns":11},{"damage":52,"enemies":"downfall:NeowBossFinal","floor":56,"turns":7}],"seed_played":"7514481045704368604","potions_obtained":[{"floor":2.0,"key":"Fruit Juice"},{"floor":9.0,"key":"DistilledChaos"},{"floor":10.0,"key":"CultistPotion"},{"floor":15.0,"key":"ColorlessPotion"},{"floor":27.0,"key":"hexamod:DoubleChargePotion"},{"floor":28.0,"key":"Explosive Potion"},{"floor":30.0,"key":"Slimebound:ThreeZeroPotion"},{"floor":32.0,"key":"hexamod:DoubleChargePotion"},{"floor":33.0,"key":"SneckoOil"},{"floor":36.0,"key":"SpeedPotion"},{"floor":39.0,"key":"LiquidBronze"},{"floor":43.0,"key":"Strength Potion"}],"is_trial":false,"path_per_floor":["R","M","?","M","M","E","T","R","M","M","$","R","?","?","M","B",null,"R","M","?","M","T","M","T","?","$","M","E","M","M","E","M","B",null,"R","?","T","?","M","$","T","M","M","E","M","$","R","?","M","B",null,"E","$","R","B","B",null],"character_chosen":"THE_SPIRIT","items_purchased":["hexamod:PowerFromBeyond","FossilizedHelix","LiquidBronze","hexamod:NightmareStrike"],"campfire_rested":1,"item_purchase_floors":[40,40,46,53],"current_hp_per_floor":[70,70,70,70,64,60,60,60,59,51,50,73,73,78,72,50,84,84,79,79,78,78,64,64,64,64,60,60,59,40,34,24,15,94,104,94,94,94,51,58,58,118,120,120,120,120,120,116,118,124,128,130,130,130,122,78],"gold":19,"neow_bonus":"TRANSFORM_TWO_CARDS","is_daily":false,"chose_seed":false,"campfire_upgraded":3,"win_rate":0.0,"timestamp":1612284812,"path_taken":["R","M","?","M","M","E","T","R","M","M","$","R","?","?","M","BOSS","R","M","?","?","?","M","T","?","$","M","E","M","?","E","M","BOSS","R","?","?","?","M","$","T","M","M","E","M","?","R","?","M","BOSS","E","$","R","BOSS","BOSS"],"items_purchased_type":["Card","Relic","Potion","Card"],"build_version":"2020-12-22","purchased_purges":3,"victory":true,"max_hp_per_floor":[70,70,70,70,70,75,75,75,75,77,77,77,77,82,84,84,84,84,86,86,88,88,90,90,90,92,94,94,94,94,94,94,94,94,104,104,104,104,106,106,106,118,120,120,120,120,120,126,128,128,128,130,130,130,130,130],"card_choices":[{"not_picked":["hexamod:BurningTouch","hexamod:SuperheatedStrike","hexamod:InspiringFlames"],"picked":"SKIP","floor":2.0},{"not_picked":["hexamod:SpectersWail","hexamod:HeatCrush"],"picked":"hexamod:FastForward","floor":4.0},{"not_picked":["hexamod:RecurringNightmare","hexamod:RetreatToShadows"],"picked":"hexamod:PowerFromBeyond","floor":5.0},{"not_picked":["hexamod:Rewind","hexamod:GhostShield"],"picked":"hexamod:ChargedBarrage","floor":6.0},{"not_picked":["hexamod:Hexaguard","hexamod:NightmareStrike"],"picked":"hexamod:TimeOfNeed","floor":9.0},{"not_picked":["hexamod:AdvancingGuard","hexamod:GhostShield","hexamod:ThermalTransfer"],"picked":"Singing Bowl","floor":10.0},{"not_picked":["hexamod:BacktrackSmack","hexamod:SpectralSpark"],"picked":"hexamod:HauntingEcho","floor":11.0},{"not_picked":["hexamod:SwordOfDarkness","hexamod:NightmareGuise","hexamod:ExtraCrispy"],"picked":"Singing Bowl","floor":15.0},{"not_picked":["hexamod:WildfireWeapon","hexamod:ApocalypseNow"],"picked":"hexamod:SixthSeal","floor":16.0},{"not_picked":["hexamod:EtherealExpedition","hexamod:Firestarter","hexamod:DynamicBlow+1"],"picked":"Singing Bowl","floor":19.0},{"not_picked":["hexamod:FastForward","hexamod:BacktrackSmack","hexamod:InspiringFlames"],"picked":"Singing Bowl","floor":21.0},{"not_picked":["hexamod:BurningTouch+1","hexamod:Firestarter","hexamod:NightmareStrike+1"],"picked":"Singing Bowl","floor":23.0},{"not_picked":["hexamod:RetreatToShadows","hexamod:PhantomCloak","hexamod:RadiantFlame"],"picked":"Singing Bowl","floor":26.0},{"not_picked":["hexamod:Firestarter","hexamod:GhostflameBarrier","hexamod:SwordOfDarkness+1"],"picked":"Singing Bowl","floor":27.0},{"not_picked":["hexamod:NightmareStrike","hexamod:SecondSeal"],"picked":"hexamod:GiftsFromTheDead","floor":28.0},{"not_picked":["hexamod:PhantomCloak","hexamod:Hexaguard"],"picked":"hexamod:RadiantFlame+1","floor":29.0},{"not_picked":["hexamod:HauntingEcho+1","hexamod:Hexaguard"],"picked":"hexamod:ThermalTransfer+1","floor":30.0},{"not_picked":["hexamod:SixthSeal","hexamod:GhostLash"],"picked":"hexamod:GiftsFromTheDead","floor":31.0},{"not_picked":["hexamod:NightmareGuise","hexamod:HeatMetal"],"picked":"hexamod:ThirdSeal","floor":32.0},{"not_picked":["hexamod:TurnItUp","hexamod:TimeOfNeed"],"picked":"hexamod:FlameSwitch","floor":33.0},{"not_picked":["hexamod:ForkedFlame","hexamod:ParanormalForm"],"picked":"hexamod:FifthSeal","floor":33.0},{"not_picked":["hexamod:NecessarySacrifice","hexamod:SuperheatedStrike+1"],"picked":"hexamod:StepThrough+1","floor":36.0},{"not_picked":["hexamod:RecurringNightmare+1","hexamod:Hexaguard+1"],"picked":"hexamod:SecondSeal","floor":36.0},{"not_picked":["hexamod:SixthSeal","hexamod:SecondSeal"],"picked":"hexamod:FirstSeal","floor":36.0},{"not_picked":["hexamod:Firestarter+1","hexamod:GhostShield","hexamod:SwordOfDarkness"],"picked":"Singing Bowl","floor":39.0},{"not_picked":["hexamod:FirstSeal","hexamod:SixthSeal"],"picked":"hexamod:FourthSeal","floor":39.0},{"not_picked":["hexamod:SwordOfDarkness","hexamod:NightmareStrike+1"],"picked":"hexamod:ForkedFlame","floor":39.0},{"not_picked":["hexamod:DynamicBlow+1","hexamod:Rewind+1"],"picked":"hexamod:Hexaguard","floor":40.0},{"not_picked":["hexamod:AdvancingGuard","hexamod:ChargedBarrage","hexamod:NightmareGuise+1"],"picked":"Singing Bowl","floor":42.0},{"not_picked":["hexamod:Incineration+1","hexamod:ThermalTransfer"],"picked":"hexamod:Hexaguard","floor":42.0},{"not_picked":["hexamod:SixthSeal","hexamod:BurningTouch+1","hexamod:NightmareStrike+1"],"picked":"Singing Bowl","floor":43.0},{"not_picked":["hexamod:PhantomFireball+1","hexamod:RetreatToShadows"],"picked":"hexamod:TimeOfNeed","floor":44.0},{"not_picked":["hexamod:SwordOfDarkness+1","hexamod:GhostflameBarrier+1"],"picked":"hexamod:NightmareGuise+1","floor":45.0},{"not_picked":["expansioncontent:PrepareCrush","expansioncontent:Chronoboost","expansioncontent:YouAreMine"],"picked":"Singing Bowl","floor":48.0},{"not_picked":["expansioncontent:InvincibleStrength","expansioncontent:GuardianWhirl","expansioncontent:YouAreMine"],"picked":"Singing Bowl","floor":48.0},{"not_picked":["expansioncontent:PrepareCrush","expansioncontent:GuardianWhirl","expansioncontent:AwakenDeath"],"picked":"Singing Bowl","floor":48.0},{"not_picked":["hexamod:SwordOfDarkness+1","hexamod:ThirdSeal","hexamod:NightmareGuise"],"picked":"Singing Bowl","floor":49.0},{"not_picked":["hexamod:SoulSteal+1","hexamod:Firestarter+1","hexamod:GhostOfSpirePast"],"picked":"Singing Bowl","floor":52}],"player_experience":1496444,"relics_obtained":[{"floor":6.0,"key":"Pantograph"},{"floor":7.0,"key":"Singing Bowl"},{"floor":24.0,"key":"Blue Candle"},{"floor":28.0,"key":"StoneCalendar"},{"floor":31.0,"key":"PreservedInsect"},{"floor":36.0,"key":"Girya"},{"floor":37.0,"key":"Juzu Bracelet"},{"floor":41.0,"key":"bronze:DecasWashers"},{"floor":44.0,"key":"Incense Burner"},{"floor":52,"key":"White Beast Statue"}],"event_choices":[{"damage_healed":0.0,"max_hp_gain":5.0,"max_hp_loss":0.0,"gold_gain":0.0,"event_name":"Big Fish","player_choice":"Donut","floor":14.0,"gold_loss":0.0,"damage_taken":0.0}],"is_beta":false,"boss_relics":[{"not_picked":["Velvet Choker","Coffee Dripper"],"picked":"SacredBark"},{"not_picked":["bronze:MakeshiftBattery","hexamod:UnbrokenSoul"],"picked":"SlaversCollar"}],"items_purged_floors":[11,26,40],"is_endless":false,"potions_floor_spawned":[2,9,10,15,27,28,30,32,33,36,39,43],"ascension_level":0}}