{"host":"y0avvqzsetgmdwfn","time":1612275473,"event":{"mods":["AchievementEnabler","BaseMod","Better Third Choice","Downfall","Minty Spire (QoL Compilation)","Red Circlet Mod","Replay The Spire","Spicy Shops","StSLib"],"gold_per_floor":[99,99,374,374,27,40,40,52,69,85,85,104,104,104,119,222,222,222,222,222,222,222],"floor_reached":20,"language":"ENG","playtime":821,"items_purged":["Regret"],"score":170,"play_id":"24e3dda8-59bc-47cc-a2fd-ad790e9726f2","local_time":"20210202221753","is_ascension_mode":true,"campfire_choices":[{"data":"bronze:Goto","floor":1,"key":"SMITH"},{"floor":18,"key":"RECALL"}],"circlet_count":0,"master_deck":["bronze:Strike","bronze:Strike","bronze:Defend","bronze:Defend","bronze:Defend","bronze:Defend","bronze:Replicate","bronze:Goto+1","bronze:DelayedSlice","bronze:Overheat","bronze:Backtrace","bronze:FineTuning","bronze:Turbo","bronze:OilSpill","bronze:Invalidate","bronze:Invalidate","bronze:Philosophize","bronze:Library+1","bronze:Verify+1","bronze:WhirlingStrike"],"relics":["bronze:BronzeCore","downfall:HeartsMalice","Quantum Egg","ReplayTheSpireMod:TigerMarble","Golden Egg","Busted Crown"],"acts_visited":["Exordium","TheCity"],"potions_floor_usage":[16,20],"damage_taken":[{"damage":0,"enemies":"Cultist","floor":2,"turns":1},{"damage":0,"enemies":"2 Louse","floor":4,"turns":1},{"damage":0,"enemies":"downfall:FleeingMerchant","floor":5,"turns":1},{"damage":0,"enemies":"Small Slimes","floor":6,"turns":1},{"damage":0,"enemies":"Large Slime","floor":8,"turns":3},{"damage":0,"enemies":"2 Fungi Beasts","floor":9,"turns":2},{"damage":4,"enemies":"Blue Slaver","floor":10,"turns":3},{"damage":5,"enemies":"3 Louse","floor":12,"turns":3},{"damage":2,"enemies":"Large Slime","floor":15,"turns":4},{"damage":19,"enemies":"WA_ARCHETYPE_RETAIN","floor":16,"turns":4},{"damage":0,"enemies":"Chosen","floor":19,"turns":1},{"damage":73,"enemies":"Chosen","floor":20,"turns":6}],"seed_played":"-1038845157795812169","potions_obtained":[{"floor":6,"key":"hexamod:SoulburnPotion"},{"floor":8,"key":"sneckomod:MuddlingPotion"},{"floor":10,"key":"AttackPotion"}],"is_trial":false,"path_per_floor":["R","M","?","M","$","M","T","M","M","M","?","M","?","?","M","B",null,"R","M","?"],"character_chosen":"THE_AUTOMATON","items_purchased":["Quantum Egg","ReplayTheSpireMod:TigerMarble"],"campfire_rested":0,"item_purchase_floors":[5,5],"current_hp_per_floor":[70,70,70,70,70,70,70,70,70,66,66,61,61,61,59,40,70,70,70,0,0,0],"gold":222,"neow_bonus":"THREE_ENEMY_KILL","is_daily":false,"chose_seed":false,"campfire_upgraded":1,"win_rate":0.0,"timestamp":1612275473,"path_taken":["R","M","?","M","$","M","T","M","M","?","?","M","?","?","M","BOSS","R","M","?"],"items_purchased_type":["Relic","Relic"],"build_version":"2020-12-22","purchased_purges":1,"victory":false,"max_hp_per_floor":[70,70,70,70,70,70,70,70,70,70,70,70,70,70,70,70,70,70,70,70,70,70],"card_choices":[{"not_picked":["bronze:BugBarrage","bronze:BuggyMess"],"picked":"bronze:DelayedSlice","floor":2},{"not_picked":["bronze:ForLoop","bronze:Allocate"],"picked":"bronze:Overheat","floor":4},{"not_picked":["bronze:FineTuning","bronze:Philosophize"],"picked":"bronze:Backtrace","floor":5},{"not_picked":["bronze:Constructor","bronze:WildBeam"],"picked":"bronze:FineTuning","floor":6},{"not_picked":["bronze:BuggyMess","bronze:Iterate"],"picked":"bronze:Turbo","floor":8},{"not_picked":["bronze:WildBeam","bronze:Overheat"],"picked":"bronze:OilSpill","floor":9},{"not_picked":["bronze:Iterate","bronze:Overheat"],"picked":"bronze:Invalidate","floor":10},{"not_picked":["bronze:MaxOutput","bronze:Shield"],"picked":"bronze:Philosophize","floor":12},{"not_picked":["bronze:Boost","bronze:Branch"],"picked":"bronze:Library","floor":15},{"not_picked":["bronze:Mutator","bronze:RecursiveStrike"],"picked":"bronze:Verify","floor":16},{"not_picked":[],"picked":"bronze:WhirlingStrike","floor":19}],"player_experience":2030217,"relics_obtained":[{"floor":7,"key":"Golden Egg"}],"event_choices":[],"is_beta":false,"boss_relics":[{"not_picked":["Velvet Choker","Fusion Hammer"],"picked":"Busted Crown"}],"items_purged_floors":[5],"is_endless":false,"potions_floor_spawned":[6,8,10],"killed_by":"Chosen","ascension_level":1}}