{"host":"bplbr8uekuotory4","time":1612265690,"event":{"mods":["Act Like it!","BaseMod","GungeonMod","Hermit","KinomotoSakuraMod(木之本樱)","Marisa（F雨　魔理沙）","Minty Spire (QoL Compilation)","Prisma Mod","Quick Restart","Reimu（博丽灵梦）","SOS（斯巴达之子）","Spicy Shops","StSLib","TestMod","The Blackbeard","The Cursed","The Mystic","The Poker Player","The Saiyan","The Senshi","The Servant 0.9.4","Yuri Mod","[IsaacMod]以撒尖塔"],"gold_per_floor":[110,110,110,122,167,167,177,202,202,202,202],"floor_reached":10,"language":"ZHS","playtime":103,"items_purged":[],"score":182,"play_id":"adbb3eaa-ffcf-437e-8abf-9843f4ce4aaf","local_time":"20210202193450","is_ascension_mode":true,"campfire_choices":[{"data":"DemoMod:ManualReload","floor":6,"key":"SMITH"}],"circlet_count":0,"master_deck":["AscendersBane","DemoMod:Strike_Huntress","DemoMod:Strike_Huntress","DemoMod:Strike_Huntress","DemoMod:Defend_Huntress","DemoMod:Defend_Huntress","DemoMod:Defend_Huntress","DemoMod:Defend_Huntress","DemoMod:Roll","DemoMod:ManualReload+1","DemoMod:RustySidearm","DemoMod:CrossBow"],"relics":["DemoMod:Dog","testmod-TestBox","HushsDoor","BookOfRevelations","testmod-PortableAltar","NeowsBlessing","DemoMod:WhiteGuonStone","PunchingBag","Tiny Chest"],"acts_visited":["Exordium"],"potions_floor_usage":[],"damage_taken":[{"damage":1,"enemies":"Jaw Worm","floor":1,"turns":1},{"damage":1,"enemies":"2 Louse","floor":4,"turns":1},{"damage":0,"enemies":"Small Slimes","floor":7,"turns":1},{"damage":3,"enemies":"3 Sentries","floor":8,"turns":3},{"damage":0,"enemies":"Lagavulin","floor":10,"turns":1}],"seed_played":"-6827918355764536567","potions_obtained":[{"floor":7,"key":"Dexterity Potion"}],"is_trial":false,"path_per_floor":["M","?","?","M","?","R","M","E","T","E"],"character_chosen":"HUNTRESS","items_purchased":[],"campfire_rested":0,"item_purchase_floors":[],"current_hp_per_floor":[56,117,112,111,96,96,96,93,93,93,93],"gold":202,"neow_bonus":"THREE_ENEMY_KILL","is_daily":false,"chose_seed":false,"campfire_upgraded":1,"win_rate":0.0,"timestamp":1612265690,"path_taken":["M","?","?","M","?","R","M","E","T","E"],"items_purchased_type":[],"build_version":"2020-12-22","purchased_purges":0,"victory":false,"max_hp_per_floor":[62,122,121,120,119,118,117,116,115,114,114],"card_choices":[{"not_picked":[],"picked":"Bomb","floor":0},{"not_picked":["DemoMod:Camera","DemoMod:Casey","DemoMod:FastSwitch"],"picked":"SKIP","floor":1},{"not_picked":["DemoMod:BalloonGun","DemoMod:RadGun","DemoMod:Ejector"],"picked":"SKIP","floor":4},{"not_picked":["DemoMod:ConditionalReflex","DemoMod:Casey","DemoMod:Unmoved"],"picked":"SKIP","floor":7},{"not_picked":["DemoMod:Replace","DemoMod:JK47","DemoMod:MegaHand"],"picked":"SKIP","floor":8}],"player_experience":1109193,"relics_obtained":[{"floor":8,"key":"PunchingBag"},{"floor":9,"key":"Tiny Chest"}],"event_choices":[{"damage_healed":0,"gold_gain":0,"player_choice":"Swap Relic","damage_taken":0,"relics_obtained":["testmod-HarvestTotem"],"max_hp_gain":0,"max_hp_loss":0,"event_name":"给自己的盒子","floor":2,"relics_lost":["testmod-HarvestTotem"],"gold_loss":0},{"damage_healed":0,"gold_gain":0,"player_choice":"Success","damage_taken":5,"relics_obtained":["DemoMod:WhiteGuonStone"],"max_hp_gain":0,"max_hp_loss":0,"event_name":"Scrap Ooze","floor":3,"gold_loss":0}],"is_beta":false,"boss_relics":[],"items_purged_floors":[],"is_endless":false,"potions_floor_spawned":[7],"killed_by":"Lagavulin","ascension_level":20}}