{"host":"g2cxjl8p6ktwsdvk","time":1612257127,"event":{"mods":["AchievementEnabler","BaseMod","Colored Map","DeckTracker","Minty Spire (QoL Compilation)","SuperFastMode"],"gold_per_floor":[110,60,60,79,90,90,102,102,102,26,43,43,43,58,58,161,161,176,176,23,37,48,48,68,84,160,174,174,174,174],"floor_reached":29,"language":"KOR","playtime":1529,"items_purged":["Accuracy"],"score":252,"play_id":"90236205-2b26-4855-b2bb-079716f550d8","local_time":"20210202181207","is_ascension_mode":true,"campfire_choices":[{"data":"Accuracy","floor":6.0,"key":"SMITH"},{"data":"Wraith Form v2","floor":8.0,"key":"SMITH"},{"data":"Deadly Poison","floor":12.0,"key":"SMITH"},{"data":"Bane","floor":15.0,"key":"SMITH"},{"data":"Bouncing Flask","floor":23.0,"key":"SMITH"}],"circlet_count":0,"master_deck":["Survivor","Neutralize","Dodge and Roll","Bane+1","Accuracy+1","Wraith Form v2+1","Deadly Poison+1","Bane+1","Dagger Spray","Prepared","Flying Knee","Underhanded Strike","Die Die Die","Venomology","Flying Knee","Prepared","Footwork","Bouncing Flask+1","PiercingWail+1"],"relics":["Ring of the Snake","Gremlin Horn","Pandora\u0027s Box","Sundial"],"acts_visited":["TheCity"],"potions_floor_usage":[27,27,29],"damage_taken":[{"damage":5.0,"enemies":"Small Slimes","floor":1.0,"turns":5.0},{"damage":5.0,"enemies":"Cultist","floor":4.0,"turns":6.0},{"damage":8.0,"enemies":"2 Louse","floor":5.0,"turns":4.0},{"damage":0.0,"enemies":"Looter","floor":7.0,"turns":5.0},{"damage":1.0,"enemies":"Red Slaver","floor":11.0,"turns":7.0},{"damage":1.0,"enemies":"2 Fungi Beasts","floor":14.0,"turns":4.0},{"damage":16.0,"enemies":"Hexaghost","floor":16.0,"turns":11.0},{"damage":8.0,"enemies":"Chosen","floor":18.0,"turns":3.0},{"damage":13.0,"enemies":"3 Byrds","floor":21.0,"turns":5.0},{"damage":18.0,"enemies":"Snake Plant","floor":22.0,"turns":3.0},{"damage":3,"enemies":"Centurion and Healer","floor":24,"turns":5},{"damage":11,"enemies":"Snecko","floor":25,"turns":4},{"damage":19,"enemies":"Snake Plant","floor":27,"turns":3},{"damage":6,"enemies":"Shelled Parasite and Fungi","floor":29,"turns":1}],"seed_played":"5287789647446319831","potions_obtained":[{"floor":0.0,"key":"AttackPotion"},{"floor":0.0,"key":"Swift Potion"},{"floor":0.0,"key":"CunningPotion"},{"floor":7.0,"key":"Block Potion"},{"floor":25,"key":"Dexterity Potion"},{"floor":27,"key":"Fire Potion"}],"is_trial":false,"path_per_floor":["M","?","?","M","M","R","M","R","T","$","M","R","?","M","R","B",null,"M","?","$","M","M","R","M","M","T","M","?","M"],"character_chosen":"THE_SILENT","items_purchased":["Accuracy","Bouncing Flask"],"campfire_rested":0,"item_purchase_floors":[10,20],"current_hp_per_floor":[65,65,65,60,52,52,52,52,52,52,51,51,51,50,50,34,70,62,70,70,57,39,39,36,25,25,6,6,0,0],"gold":174,"neow_bonus":"THREE_SMALL_POTIONS","is_daily":false,"chose_seed":false,"campfire_upgraded":5,"win_rate":0.0,"timestamp":1612257127,"path_taken":["M","?","?","M","M","R","?","R","T","?","M","R","?","M","R","BOSS","M","?","$","M","M","R","M","M","T","?","?","M"],"items_purchased_type":["Card","Card"],"build_version":"2020-12-22","purchased_purges":1,"victory":false,"max_hp_per_floor":[70,70,70,70,70,70,70,70,70,70,70,70,70,70,70,70,70,70,70,70,70,70,70,70,70,70,70,70,70,70],"card_choices":[{"not_picked":["Caltrops","Underhanded Strike"],"picked":"Dodge and Roll","floor":1.0},{"not_picked":["Dodge and Roll","Infinite Blades"],"picked":"Bane","floor":4.0},{"not_picked":["Sucker Punch","Cloak And Dagger"],"picked":"Accuracy","floor":5.0},{"not_picked":["Dagger Spray","Poisoned Stab"],"picked":"Wraith Form v2","floor":7.0},{"not_picked":["Acrobatics","Dagger Throw"],"picked":"Deadly Poison","floor":11.0},{"not_picked":["Deadly Poison","Quick Slash"],"picked":"Bane","floor":14.0},{"not_picked":["Prepared+1","Bane"],"picked":"Footwork","floor":18.0},{"not_picked":["Flechettes+1","Blade Dance","Outmaneuver+1"],"picked":"SKIP","floor":21.0},{"not_picked":["Footwork","Prepared","Leg Sweep"],"picked":"SKIP","floor":22.0},{"not_picked":["Calculated Gamble","Footwork","Quick Slash"],"picked":"SKIP","floor":24},{"not_picked":["Flying Knee","Predator","Poisoned Stab"],"picked":"SKIP","floor":25},{"not_picked":["Sucker Punch","Outmaneuver"],"picked":"PiercingWail+1","floor":27}],"player_experience":180215,"relics_obtained":[{"floor":9.0,"key":"Gremlin Horn"},{"floor":26,"key":"Sundial"}],"event_choices":[{"cards_removed":["Strike_G"],"damage_healed":0.0,"max_hp_gain":0.0,"max_hp_loss":0.0,"gold_gain":0.0,"event_name":"The Cleric","player_choice":"Card Removal","floor":2.0,"gold_loss":50.0,"damage_taken":0.0},{"cards_removed":["Strike_G"],"damage_healed":0.0,"max_hp_gain":0.0,"max_hp_loss":0.0,"gold_gain":0.0,"event_name":"Bonfire Elementals","player_choice":"Offered Basic","floor":3.0,"gold_loss":0.0,"damage_taken":0.0},{"damage_healed":0.0,"max_hp_gain":0.0,"max_hp_loss":0.0,"gold_gain":0.0,"event_name":"Living Wall","player_choice":"Grow","floor":13.0,"gold_loss":0.0,"damage_taken":0.0,"cards_upgraded":["Bane"]},{"damage_healed":8.0,"max_hp_gain":0.0,"max_hp_loss":0.0,"gold_gain":0.0,"event_name":"Wheel of Change","player_choice":"Full Heal","floor":19.0,"gold_loss":0.0,"damage_taken":0.0},{"damage_healed":0,"gold_gain":0,"player_choice":"0 cards matched","damage_taken":0,"max_hp_gain":0,"max_hp_loss":0,"event_name":"Match and Keep!","floor":28,"gold_loss":0,"cards_obtained":[]}],"is_beta":false,"boss_relics":[{"not_picked":["Black Star","HoveringKite"],"picked":"Pandora\u0027s Box"}],"items_purged_floors":[20],"is_endless":false,"potions_floor_spawned":[1,7,24,25,27],"killed_by":"Shelled Parasite and Fungi","ascension_level":3}}