{"host":"684z1xpuwaoqmmh1","time":1612259557,"event":{"mods":["A Magickal Journey","BaseMod","Dio Mod","Downfall","Hermit","Jorbs\u0027s Wanderer Trilogy","Marisa????????","Minty Spire (QoL Compilation)","Robot Space Explorer","Shade Mod","StSLib","The Elementalist","The Hayseed","The Hierophant","The Marked","The Mystic","The Runesmith","The Saiyan","The Vixen","TheFirefly"],"gold_per_floor":[94,113,127,145,145,172,204,234,234,266,281,281,313,333,333,433,483,495,495,507,520,533,562,574,621,633,645,48,75,75,87,87,87,87],"floor_reached":33,"language":"ENG","playtime":3633,"items_purged":["Saiyan:SAIYA_Strike"],"score":459,"play_id":"ecd9c065-b8df-4185-b8bc-ed580b3652e0","local_time":"20210202115237","is_ascension_mode":true,"campfire_choices":[{"floor":12,"key":"REST"},{"data":"Saiyan:Momentum","floor":15,"key":"SMITH"},{"floor":24,"key":"REST"},{"floor":27,"key":"REST"},{"floor":32,"key":"REST"}],"circlet_count":0,"master_deck":["Saiyan:SAIYA_Strike","Saiyan:SAIYA_Strike","Saiyan:SAIYA_Strike","Saiyan:SAIYA_Defend","Saiyan:SAIYA_Defend","Saiyan:SAIYA_Defend","Saiyan:SAIYA_Defend","Saiyan:EnergyBlast","Saiyan:KaioKen","Saiyan:RuthlessBlow","Saiyan:Quickening","Saiyan:KiExplosion","Saiyan:Momentum+1","Saiyan:WarmUp+1","Saiyan:Overexert","Saiyan:PowerUp","Saiyan:SolarFlare","Saiyan:BackAttack","Saiyan:DrainingStrike","Saiyan:TurtleShell","Saiyan:TheBomb","Saiyan:ReverberatingForce","Saiyan:Scouter","Saiyan:Flurry","Saiyan:SolarFlare","Saiyan:ConcussiveBlow","Saiyan:SenzuBean","Saiyan:GenkiDama","Saiyan:PowerUp"],"relics":["SaiyanSoul","SaiyanHeart","WingedGreaves","Lantern","Nunchaku","Pear","Pocketwatch","Ginger","Bag of Marbles","MealTicket","Tiny House","MawBank","Singing Bowl","TungstenRod","Mango","TheAbacus","Dream Catcher","Akabeko","MutagenicStrength","Juzu Bracelet"],"acts_visited":["Exordium","TheCity"],"potions_floor_usage":[4,8,13,20,23,25],"damage_taken":[{"damage":0,"enemies":"Cultist","floor":1,"turns":4},{"damage":0,"enemies":"Jaw Worm","floor":2,"turns":3},{"damage":0,"enemies":"2 Louse","floor":3,"turns":2},{"damage":0,"enemies":"Lots of Slimes","floor":4,"turns":1},{"damage":8,"enemies":"3 Sentries","floor":6,"turns":9},{"damage":27,"enemies":"Gremlin Nob","floor":7,"turns":5},{"damage":6,"enemies":"Lagavulin","floor":8,"turns":7},{"damage":15,"enemies":"3 Sentries","floor":10,"turns":8},{"damage":0,"enemies":"Red Slaver","floor":11,"turns":3},{"damage":0,"enemies":"Lagavulin","floor":13,"turns":7},{"damage":0,"enemies":"Looter","floor":14,"turns":3},{"damage":9,"enemies":"Slime Boss","floor":16,"turns":10},{"damage":15,"enemies":"Spheric Guardian","floor":18,"turns":8},{"damage":14,"enemies":"Shell Parasite","floor":20,"turns":5},{"damage":12,"enemies":"Snake Plant","floor":21,"turns":5},{"damage":16,"enemies":"Centurion and Healer","floor":22,"turns":7},{"damage":30,"enemies":"Slavers","floor":23,"turns":5},{"damage":25,"enemies":"Book of Stabbing","floor":25,"turns":9},{"damage":35,"enemies":"Slavers","floor":29,"turns":10},{"damage":11,"enemies":"Snecko","floor":31,"turns":10},{"damage":58,"enemies":"Automaton","floor":33,"turns":16}],"seed_played":"-7998297848271905029","potions_obtained":[{"floor":3,"key":"Explosive Potion"},{"floor":7,"key":"AttackPotion"},{"floor":8,"key":"PowerPotion"},{"floor":16,"key":"AttackPotion"},{"floor":17,"key":"SmokeBomb"},{"floor":20,"key":"AttackPotion"},{"floor":23,"key":"FearPotion"},{"floor":29,"key":"champ:CounterPotion"}],"is_trial":false,"path_per_floor":["M","M","M","M","?","E","E","E","T","E","M","R","E","M","R","B",null,"M","?","M","M","M","E","R","E","T","R","$","E","?","M","R","B"],"character_chosen":"SAIYAJIN","items_purchased":["Saiyan:SenzuBean","Mango","TheAbacus"],"campfire_rested":4,"item_purchase_floors":[28,28,28],"current_hp_per_floor":[55,56,58,58,58,51,35,31,31,17,18,40,41,42,42,34,82,68,68,56,46,31,3,30,8,8,35,64,29,29,18,52,0,0],"gold":87,"neow_bonus":"ONE_RARE_RELIC","is_daily":false,"chose_seed":false,"campfire_upgraded":1,"win_rate":0.0,"timestamp":1612259557,"path_taken":["M","?","M","?","?","E","E","E","T","E","?","R","E","M","R","BOSS","M","?","M","M","?","E","R","E","T","R","?","E","?","M","R","BOSS"],"items_purchased_type":["Card","Relic","Relic"],"build_version":"2020-12-22","purchased_purges":1,"victory":false,"max_hp_per_floor":[55,56,58,58,58,59,70,72,72,73,74,74,75,76,76,77,82,83,83,85,87,88,90,90,93,93,93,107,107,107,107,109,110,110],"card_choices":[{"not_picked":["Saiyan:Planning","Saiyan:PowerPole"],"picked":"Saiyan:Quickening","floor":1},{"not_picked":["Saiyan:PressOn","Saiyan:DragonRadar"],"picked":"Saiyan:Planning","floor":2},{"not_picked":["Saiyan:ExpandingShockwave","Saiyan:TurtleShell"],"picked":"Saiyan:KiExplosion","floor":3},{"not_picked":["Saiyan:Quickening","Saiyan:Planning"],"picked":"Saiyan:Momentum","floor":4},{"not_picked":["Saiyan:Fly","Saiyan:SaiyanHubris"],"picked":"Saiyan:WarmUp","floor":6},{"not_picked":["Saiyan:FingerParry","Saiyan:KameHameHa"],"picked":"Saiyan:Overexert","floor":7},{"not_picked":["Saiyan:FingerParry","Saiyan:SaiyanHubris"],"picked":"Saiyan:PowerUp","floor":8},{"not_picked":["Saiyan:FingerParry","Saiyan:LastResort"],"picked":"Saiyan:SolarFlare","floor":10},{"not_picked":["Saiyan:UltraInstinct","Saiyan:WarmUp"],"picked":"Saiyan:BackAttack","floor":11},{"not_picked":["Saiyan:KiExplosion","Saiyan:SpiritSword"],"picked":"Saiyan:DrainingStrike","floor":13},{"not_picked":["Saiyan:Pacing","Saiyan:Expend"],"picked":"Saiyan:TurtleShell","floor":14},{"not_picked":["Saiyan:Momentum","Saiyan:SolarFlare"],"picked":"Saiyan:TheBomb","floor":16},{"not_picked":["Saiyan:Planning","Saiyan:DragonRadar"],"picked":"Saiyan:ReverberatingForce","floor":17},{"not_picked":["Saiyan:DragonRadar","Saiyan:Kienzan"],"picked":"Saiyan:Scouter","floor":18},{"not_picked":["Saiyan:SaiyanHubris+1","Saiyan:WarmUp"],"picked":"Saiyan:Flurry","floor":20},{"not_picked":["Saiyan:CCCapsule","Saiyan:ThirstForFight"],"picked":"Saiyan:SolarFlare","floor":21},{"not_picked":["Saiyan:BackAttack","Saiyan:SaiyanHubris+1"],"picked":"Saiyan:ConcussiveBlow","floor":22},{"not_picked":["Saiyan:MeteorDash","Saiyan:SaiyanHubris","Saiyan:Twize+1"],"picked":"SKIP","floor":23},{"not_picked":["Saiyan:DoubleMasenko","Saiyan:BackAttack","Saiyan:KameHameHa"],"picked":"Singing Bowl","floor":25},{"not_picked":["Saiyan:Honing+1","Saiyan:BigBangAttack"],"picked":"Saiyan:GenkiDama","floor":29},{"not_picked":["Saiyan:FingerParry","Saiyan:BigBangAttack"],"picked":"Saiyan:PowerUp","floor":31},{"not_picked":["Saiyan:SpiritSword","Saiyan:Quickening+1","Saiyan:MeteorDash"],"picked":"Singing Bowl","floor":32}],"player_experience":2944147,"relics_obtained":[{"floor":6,"key":"Nunchaku"},{"floor":7,"key":"Pear"},{"floor":8,"key":"Pocketwatch"},{"floor":9,"key":"Ginger"},{"floor":10,"key":"Bag of Marbles"},{"floor":13,"key":"MealTicket"},{"floor":23,"key":"MawBank"},{"floor":25,"key":"Singing Bowl"},{"floor":26,"key":"TungstenRod"},{"floor":29,"key":"Dream Catcher"},{"floor":29,"key":"Akabeko"},{"floor":31,"key":"Juzu Bracelet"}],"event_choices":[{"cards_removed":["Saiyan:Planning"],"damage_healed":0,"gold_gain":0,"player_choice":"Gave Card","damage_taken":0,"relics_obtained":["Lantern"],"max_hp_gain":0,"max_hp_loss":0,"event_name":"WeMeetAgain","floor":5,"gold_loss":0},{"damage_healed":0,"gold_gain":0,"player_choice":"Bought 0 Potions","damage_taken":0,"max_hp_gain":0,"max_hp_loss":0,"event_name":"The Woman in Blue","floor":19,"gold_loss":0},{"damage_healed":0,"gold_gain":0,"player_choice":"Inject Mutagens","damage_taken":0,"relics_obtained":["MutagenicStrength"],"max_hp_gain":0,"max_hp_loss":0,"event_name":"Drug Dealer","floor":30,"gold_loss":0}],"is_beta":false,"boss_relics":[{"not_picked":["Runic Pyramid","Cursed Key"],"picked":"Tiny House"}],"items_purged_floors":[28],"is_endless":false,"potions_floor_spawned":[3,7,8,16,20,23,29],"killed_by":"Automaton","ascension_level":2}}