{"host":"fpfqy36ymrhhouft","time":1612267942,"event":{"mods":["100% Spire Juice","Act Like it!","BaseMod","Colored Powertips","Downfall","Gensokyo","Minty Spire (QoL Compilation)","Reliquary","Replay The Spire","Spire Arcade","StSLib"],"gold_per_floor":[117,117,131,131,131,131,154,154,154,203,228,228,249,262,262,212,212,212,212],"floor_reached":18,"language":"ENG","playtime":596,"items_purged":[],"score":125,"play_id":"1f09b3cf-9345-4f52-93f7-f6cdc230701b","local_time":"20210202051222","is_ascension_mode":false,"campfire_choices":[{"data":"Moonworks:Poppoformation","floor":6,"key":"SMITH"},{"data":"Moonworks:BackdoorTrade","floor":15,"key":"SMITH"},{"floor":17,"key":"REST"}],"circlet_count":0,"master_deck":["Moonworks:Strike","Moonworks:Strike","Moonworks:Strike","Moonworks:Strike","Moonworks:Defend","Moonworks:Defend","Moonworks:Defend","Moonworks:Defend","Moonworks:Ambush","Moonworks:LongDistanceShot","Moonworks:Poppoformation+1","Moonworks:AwakeningOfTalent","Moonworks:Gamble","Moonworks:BackdoorTrade+1","Moonworks:DeployBits","Moonworks:JonathanRush"],"relics":["Moonworks:BrokenBomb","Moonworks:Homemark","NeowsBlessing","reliquary:TuningFork","Golden Idol","PreservedInsect","reliquary:PorcupineQuills"],"acts_visited":["Exordium"],"potions_floor_usage":[],"damage_taken":[{"damage":0,"enemies":"Jaw Worm","floor":1,"turns":1},{"damage":0,"enemies":"Small Slimes","floor":3,"turns":1},{"damage":0,"enemies":"2 Louse","floor":7,"turns":1},{"damage":13,"enemies":"2 Fungi Beasts","floor":13,"turns":3},{"damage":7,"enemies":"Blue Slaver","floor":14,"turns":2},{"damage":1498,"enemies":"Slime Boss","floor":18,"turns":3}],"seed_played":"5886102137475884249","potions_obtained":[{"floor":1,"key":"Reflective Coating"},{"floor":7,"key":"hexamod:SoulburnPotion"},{"floor":14,"key":"Block Potion"}],"is_trial":false,"path_per_floor":["M","?","M","?","?","R","M","PTL","PTL","T","T","?","M","M","R","?","R","B"],"character_chosen":"THE_STARBREAKER","items_purchased":[],"campfire_rested":1,"item_purchase_floors":[],"current_hp_per_floor":[60,60,60,60,60,60,60,60,60,60,60,53,40,33,33,33,51,0,0],"gold":212,"neow_bonus":"THREE_ENEMY_KILL","is_daily":false,"chose_seed":false,"campfire_upgraded":2,"win_rate":0.0,"timestamp":1612267942,"path_taken":["M","?","M","?","?","R","M","PTL","PTL","?","T","?","M","?","R","?","R","BOSS"],"items_purchased_type":[],"build_version":"2020-12-22","purchased_purges":0,"victory":false,"max_hp_per_floor":[60,60,60,60,60,60,60,60,60,60,60,60,60,60,60,60,60,60,60],"card_choices":[{"not_picked":["Moonworks:SweetBattle","Moonworks:TreasureThief"],"picked":"Moonworks:Poppoformation","floor":1},{"not_picked":["Moonworks:NicePresent","Moonworks:Bloodlust"],"picked":"Moonworks:AwakeningOfTalent","floor":3},{"not_picked":["Moonworks:Bloodlust","Moonworks:UnpaidWork"],"picked":"Moonworks:BackdoorTrade","floor":7},{"not_picked":["Moonworks:Heat300Percent","Moonworks:CompletionReward"],"picked":"Moonworks:DeployBits","floor":13},{"not_picked":["Moonworks:TreasureThief","Moonworks:CompletionReward"],"picked":"Moonworks:JonathanRush","floor":14}],"player_experience":756975,"relics_obtained":[{"floor":10,"key":"PreservedInsect"},{"floor":11,"key":"reliquary:PorcupineQuills"}],"event_choices":[{"damage_healed":0,"gold_gain":0,"player_choice":"Box","damage_taken":0,"relics_obtained":["reliquary:TuningFork"],"max_hp_gain":0,"max_hp_loss":0,"event_name":"Big Fish","floor":2,"gold_loss":0,"cards_obtained":["Regret"]},{"damage_healed":0,"gold_gain":0,"player_choice":"Take Wound","damage_taken":0,"relics_obtained":["Golden Idol"],"max_hp_gain":0,"max_hp_loss":0,"event_name":"Golden Idol","floor":4,"gold_loss":0,"cards_obtained":["Injury"]},{"cards_removed":["Regret"],"damage_healed":0,"gold_gain":0,"player_choice":"Card Removal","damage_taken":7,"max_hp_gain":0,"max_hp_loss":0,"event_name":"Golden Wing","floor":12,"gold_loss":0},{"cards_removed":["Injury"],"damage_healed":0,"gold_gain":0,"player_choice":"Card Removal","damage_taken":0,"max_hp_gain":0,"max_hp_loss":0,"event_name":"The Cleric","floor":16,"gold_loss":50}],"is_beta":false,"boss_relics":[],"items_purged_floors":[],"is_endless":false,"potions_floor_spawned":[1,7,14],"killed_by":"Slime Boss","ascension_level":0}}