{"host":"¿à÷økuyou","time":1612266420,"event":{"mods":["ATMod(°¢èªMod)","Act Like it!","BaseMod","BetterRewards","Minty Spire (QoL Compilation)","Quick Restart","StSLib"],"gold_per_floor":[114,129,54,54,54,54,92,92,92,111,150,150,75,113,113,238,238,257,357,57,76,76,214,226,238,250,400,412,443,474,505,517,754,766,797,972,1003,1015,724,724,862,862,912,931,1069,1113,1207,1370,1370,1620],"floor_reached":51,"language":"ZHS","playtime":1666,"items_purged":["Eruption","Defend_G"],"score":858,"play_id":"24dcd002-cb8b-4583-ab84-1ac112e9d3c0","local_time":"20210202194700","daily_mods":["Chimera","Blue Cards","Binary"],"is_ascension_mode":false,"campfire_choices":[{"data":"Reprogram","floor":6.0,"key":"SMITH"},{"data":"AT_StudyProgram","floor":8.0,"key":"SMITH"},{"data":"AT_FamilyPortrait","floor":15.0,"key":"SMITH"},{"data":"Biased Cognition","floor":24.0,"key":"SMITH"},{"data":"Heatsinks","floor":32.0,"key":"SMITH"},{"data":"Pommel Strike","floor":40.0,"key":"SMITH"},{"data":"Whirlwind","floor":42.0,"key":"SMITH"},{"data":"Biased Cognition","floor":49,"key":"SMITH"}],"circlet_count":0,"master_deck":["Bash","Survivor","Defend_R","Defend_P","AT_FamilyPortrait+1","Battle Trance","Reprogram+1","AT_StudyProgram+1","Whirlwind+1","Hologram+1","Heatsinks+1","Biased Cognition+1","Burning Pact+1","Battle Trance+1","Disarm+1","Reaper","Ball Lightning+1","Limit Break+1","Cleave+1","AT_DiedThrough+1","Pommel Strike+1","Sword Boomerang","Biased Cognition+1","Shrug It Off+1","Twin Strike"],"relics":["Burning Blood","AT_ATBox","Golden Idol","Toxic Egg 2","Ornamental Fan","Unceasing Top","Gremlin Horn","Runic Dome","AT_TheCollector","MawBank","Bird Faced Urn","Turnip","AT_RedTearstoneRing","Astrolabe","Du-Vu Doll","OrangePellets","AT_Manta","Bag of Marbles","AT_MibuBalloonWealth","AT_SilvercatRing"],"acts_visited":["Exordium","TheCity","TheBeyond"],"potions_floor_usage":[50,50],"damage_taken":[{"damage":0.0,"enemies":"Cultist","floor":1.0,"turns":2.0},{"damage":2.0,"enemies":"Small Slimes","floor":2.0,"turns":4.0},{"damage":7.0,"enemies":"Lagavulin","floor":7.0,"turns":7.0},{"damage":0.0,"enemies":"2 Louse","floor":10.0,"turns":3.0},{"damage":12.0,"enemies":"Blue Slaver","floor":11.0,"turns":3.0},{"damage":29.0,"enemies":"3 Sentries","floor":14.0,"turns":5.0},{"damage":18.0,"enemies":"Slime Boss","floor":16.0,"turns":6.0},{"damage":10.0,"enemies":"Chosen","floor":18.0,"turns":3.0},{"damage":0.0,"enemies":"Shell Parasite","floor":21.0,"turns":2.0},{"damage":18.0,"enemies":"Gremlin Leader","floor":23.0,"turns":4.0},{"damage":12.0,"enemies":"Book of Stabbing","floor":27.0,"turns":5.0},{"damage":35.0,"enemies":"Snake Plant","floor":29.0,"turns":4.0},{"damage":0.0,"enemies":"Snecko","floor":30.0,"turns":4.0},{"damage":5.0,"enemies":"Cultist and Chosen","floor":31.0,"turns":3.0},{"damage":59.0,"enemies":"Automaton","floor":33.0,"turns":7.0},{"damage":17.0,"enemies":"Orb Walker","floor":35.0,"turns":4.0},{"damage":3.0,"enemies":"Mind Bloom Boss Battle","floor":36.0,"turns":4.0},{"damage":23.0,"enemies":"3 Shapes","floor":37.0,"turns":3.0},{"damage":10.0,"enemies":"Giant Head","floor":41.0,"turns":4.0},{"damage":9.0,"enemies":"Writhing Mass","floor":44.0,"turns":3.0},{"damage":9,"enemies":"Reptomancer","floor":45,"turns":3},{"damage":46,"enemies":"Spire Growth","floor":46,"turns":4},{"damage":14,"enemies":"Jaw Worm Horde","floor":47,"turns":2},{"damage":63,"enemies":"Nemesis","floor":48,"turns":3},{"damage":16,"enemies":"Donu and Deca","floor":50,"turns":5}],"seed_played":"-9070903199233054170","potions_obtained":[{"floor":1.0,"key":"GamblersBrew"},{"floor":2.0,"key":"SmokeBomb"},{"floor":7.0,"key":"GamblersBrew"},{"floor":16.0,"key":"SkillPotion"},{"floor":21.0,"key":"SteroidPotion"},{"floor":36.0,"key":"BlessingOfTheForge"}],"is_trial":false,"path_per_floor":["M","M","$","?","?","R","E","R","T","M","M","T","$","E","R","B",null,"M","?","$","M","$","E","R","$","T","E","?","M","M","M","R","B",null,"M","?","M","?","$","R","E","R","T","M","E","M","M","E","R","B",null],"character_chosen":"IRONCLAD","items_purchased":["AT_StudyProgram","AT_TheCollector","OrangePellets","Pommel Strike"],"campfire_rested":0,"item_purchase_floors":[3,20,39,39],"current_hp_per_floor":[80,80,80,80,60,60,59,59,59,65,59,59,59,36,36,24,80,76,76,76,80,80,68,68,68,68,70,70,47,59,66,66,25,80,80,80,80,80,80,80,76,76,76,80,77,80,80,29,29,31],"gold":1620,"neow_bonus":"","is_daily":true,"chose_seed":false,"campfire_upgraded":8,"win_rate":0.0,"timestamp":1612266420,"path_taken":["M","?","$","?","?","R","E","R","T","M","M","?","?","E","R","BOSS","M","?","$","M","?","E","R","?","T","E","?","M","M","M","R","BOSS","M","?","M","?","$","R","E","R","T","M","E","M","M","E","R","BOSS"],"items_purchased_type":["Card","Relic","Relic","Card"],"build_version":"2020-12-18","purchased_purges":2,"victory":true,"max_hp_per_floor":[80,80,80,80,80,80,80,80,80,80,80,80,80,80,80,80,80,80,80,80,80,80,80,80,80,80,80,80,80,80,80,80,80,80,80,80,80,80,80,80,80,80,80,80,80,80,80,80,80,80],"card_choices":[{"not_picked":["Streamline"],"picked":"Battle Trance","floor":1.0},{"not_picked":["Wild Strike"],"picked":"Reprogram","floor":2.0},{"not_picked":["Streamline"],"picked":"Hologram+1","floor":7.0},{"not_picked":["Steam+1","Sword Boomerang"],"picked":"SKIP","floor":10.0},{"not_picked":["Barrage"],"picked":"Heatsinks","floor":11.0},{"not_picked":["Wild Strike","Coolheaded+1"],"picked":"SKIP","floor":14.0},{"not_picked":["Exhume+1"],"picked":"Biased Cognition","floor":16.0},{"not_picked":["Clash","Searing Blow"],"picked":"SKIP","floor":18.0},{"not_picked":["Force Field+1","AT_HeatAcrobatics+1"],"picked":"SKIP","floor":21.0},{"not_picked":["Cold Snap","Perfected Strike"],"picked":"SKIP","floor":23.0},{"not_picked":["White Noise+1"],"picked":"Burning Pact+1","floor":27.0},{"not_picked":["Body Slam"],"picked":"Battle Trance+1","floor":29.0},{"not_picked":["True Grit+1","Stack+1"],"picked":"SKIP","floor":30.0},{"not_picked":["True Grit+1"],"picked":"Disarm+1","floor":31.0},{"not_picked":["Immolate"],"picked":"Reaper","floor":33.0},{"not_picked":["Cold Snap+1"],"picked":"AT_DiedThrough+1","floor":35.0},{"not_picked":["Clash+1","Conserve Battery+1"],"picked":"SKIP","floor":37.0},{"not_picked":["AT_HeatAcrobatics+1","Rage+1"],"picked":"SKIP","floor":41.0},{"not_picked":["Warcry+1"],"picked":"Sword Boomerang","floor":44.0},{"not_picked":["Gash"],"picked":"Biased Cognition","floor":45},{"not_picked":["Go for the Eyes","Perfected Strike"],"picked":"SKIP","floor":46},{"not_picked":["Barrage+1"],"picked":"Shrug It Off+1","floor":47},{"not_picked":["Stack+1"],"picked":"Twin Strike","floor":48}],"player_experience":191554,"relics_obtained":[{"floor":7.0,"key":"Toxic Egg 2"},{"floor":9.0,"key":"Ornamental Fan"},{"floor":12.0,"key":"Unceasing Top"},{"floor":14.0,"key":"Gremlin Horn"},{"floor":23.0,"key":"MawBank"},{"floor":26.0,"key":"Bird Faced Urn"},{"floor":27.0,"key":"Turnip"},{"floor":36.0,"key":"Du-Vu Doll"},{"floor":41.0,"key":"AT_Manta"},{"floor":43.0,"key":"Bag of Marbles"},{"floor":45,"key":"AT_MibuBalloonWealth"},{"floor":48,"key":"AT_SilvercatRing"}],"event_choices":[{"damage_healed":0.0,"max_hp_gain":0.0,"max_hp_loss":0.0,"gold_gain":0.0,"cards_transformed":["Zap"],"event_name":"Living Wall","player_choice":"Change","floor":4.0,"gold_loss":0.0,"damage_taken":0.0,"cards_obtained":["Whirlwind"]},{"damage_healed":0.0,"max_hp_gain":0.0,"max_hp_loss":0.0,"gold_gain":0.0,"event_name":"Golden Idol","player_choice":"Take Damage","floor":5.0,"gold_loss":0.0,"damage_taken":20.0,"relics_obtained":["Golden Idol"]},{"damage_healed":0.0,"max_hp_gain":0.0,"max_hp_loss":0.0,"gold_gain":100.0,"event_name":"Golden Shrine","player_choice":"Pray","floor":19.0,"gold_loss":0.0,"damage_taken":0.0},{"damage_healed":0.0,"max_hp_gain":0.0,"max_hp_loss":0.0,"gold_gain":0.0,"event_name":"The Mausoleum","player_choice":"Opened","floor":28.0,"gold_loss":0.0,"damage_taken":0.0,"relics_obtained":["AT_RedTearstoneRing"]},{"damage_healed":0.0,"max_hp_gain":0.0,"max_hp_loss":0.0,"gold_gain":0.0,"event_name":"MindBloom","player_choice":"Fight","floor":36.0,"gold_loss":0.0,"damage_taken":0.0},{"damage_healed":0.0,"max_hp_gain":0.0,"max_hp_loss":0.0,"gold_gain":0.0,"event_name":"Tomb of Lord Red Mask","player_choice":"Ignored","floor":38.0,"gold_loss":0.0,"damage_taken":0.0}],"is_beta":true,"boss_relics":[{"not_picked":["Pandora\u0027s Box","Fusion Hammer"],"picked":"Runic Dome"},{"not_picked":["Velvet Choker","AT_MortalBlade"],"picked":"Astrolabe"}],"items_purged_floors":[13,39],"is_endless":false,"potions_floor_spawned":[1,2,7,16,21,23,29,35,36,41,47],"ascension_level":0}}