{"host":"vt6dr1xq3iy14a3e","time":1612306378,"event":{"mods":["AchievementEnabler","BaseMod","Colored Map","DeckTracker","Minty Spire (QoL Compilation)","StSLib","SuperFastMode"],"gold_per_floor":[116,42,54,129,19,19,33,33,33,48,65,79,111,61,61,137,137,149,64,64,64,41,41,72,82,82,115,125,125,141,156,156,229,229,249,199,218,232,232,259,259,279,279,293,293,325,0,15,15,15,15],"floor_reached":50,"language":"KOR","playtime":3992,"items_purged":["Defend_B","Defend_B"],"score":980,"play_id":"1f56430d-bce8-49ac-9b68-c0480f0a9acc","local_time":"20210203075258","is_ascension_mode":true,"campfire_choices":[{"data":"Deep Breath","floor":6,"key":"SMITH"},{"data":"Coolheaded","floor":8,"key":"SMITH"},{"data":"Defragment","floor":15,"key":"SMITH"},{"data":"Dualcast","floor":23,"key":"SMITH"},{"floor":32,"key":"REST"},{"floor":45,"key":"REST"},{"floor":49,"key":"REST"}],"circlet_count":0,"master_deck":["AscendersBane","Defend_B","Zap","Dualcast+1","Gash+1","Gash+1","Coolheaded+1","Defragment+1","Deep Breath+1","Go for the Eyes","FTL","Redo+1","Seek+1","Turbo+1","Skim+1","Reboot+1","Consume+1","Coolheaded+1","Redo+1","Stack+1","Recycle+1","Static Discharge","Aggregate+1","Hologram+1","Reboot+1","Deep Breath+1","Madness+1","Skim+1","Ball Lightning","Flash of Steel"],"relics":["Empty Cage","Toxic Egg 2","Bronze Scales","Black Star","Orichalcum","InkBottle","MealTicket","Smiling Mask","Darkstone Periapt","DataDisk","Busted Crown","The Courier","Whetstone","Meat on the Bone","Bottled Flame","TheAbacus"],"acts_visited":["Exordium","TheCity","TheBeyond"],"potions_floor_usage":[13,16,27,33,38,42,44,50],"damage_taken":[{"damage":1,"enemies":"Cultist","floor":1,"turns":4},{"damage":0,"enemies":"Jaw Worm","floor":3,"turns":4},{"damage":8,"enemies":"Small Slimes","floor":7,"turns":4},{"damage":0,"enemies":"Looter","floor":10,"turns":4},{"damage":0,"enemies":"Large Slime","floor":11,"turns":5},{"damage":3,"enemies":"Blue Slaver","floor":12,"turns":4},{"damage":12,"enemies":"Lagavulin","floor":13,"turns":5},{"damage":4,"enemies":"Hexaghost","floor":16,"turns":8},{"damage":8,"enemies":"3 Byrds","floor":18,"turns":3},{"damage":19,"enemies":"Book of Stabbing","floor":24,"turns":5},{"damage":0,"enemies":"2 Thieves","floor":25,"turns":3},{"damage":29,"enemies":"Slavers","floor":27,"turns":5},{"damage":0,"enemies":"Centurion and Healer","floor":28,"turns":6},{"damage":0,"enemies":"Snake Plant","floor":30,"turns":3},{"damage":0,"enemies":"Shelled Parasite and Fungi","floor":31,"turns":4},{"damage":20,"enemies":"Automaton","floor":33,"turns":8},{"damage":0,"enemies":"Orb Walker","floor":35,"turns":3},{"damage":0,"enemies":"3 Darklings","floor":37,"turns":3},{"damage":0,"enemies":"Sphere and 2 Shapes","floor":38,"turns":5},{"damage":23,"enemies":"Reptomancer","floor":40,"turns":5},{"damage":33,"enemies":"Jaw Worm Horde","floor":42,"turns":3},{"damage":0,"enemies":"4 Shapes","floor":44,"turns":1},{"damage":0,"enemies":"Giant Head","floor":46,"turns":6},{"damage":0,"enemies":"Spire Growth","floor":48,"turns":3},{"damage":76,"enemies":"Time Eater","floor":50,"turns":6}],"seed_played":"-8937485355629355264","potions_obtained":[{"floor":1,"key":"Dexterity Potion"},{"floor":10,"key":"ColorlessPotion"},{"floor":11,"key":"FocusPotion"},{"floor":13,"key":"Dexterity Potion"},{"floor":24,"key":"Fire Potion"},{"floor":27,"key":"Swift Potion"},{"floor":33,"key":"AttackPotion"},{"floor":35,"key":"PowerPotion"},{"floor":40,"key":"EssenceOfSteel"},{"floor":42,"key":"SpeedPotion"}],"is_trial":false,"path_per_floor":["M","$","M","?","$","R","M","R","T","M","M","M","E","?","R","B",null,"M","?","?","?","$","R","E","M","T","E","M","?","M","M","R","B",null,"M","$","M","M","?","E","?","M","T","M","R","E","$","M","R","B"],"character_chosen":"DEFECT","items_purchased":["Gash","Coolheaded","Deep Breath","Go for the Eyes","Redo+1","TheAbacus","Ball Lightning","Flash of Steel","Dexterity Potion"],"campfire_rested":3,"item_purchase_floors":[2,2,5,5,22,47,47,47,47],"current_hp_per_floor":[67,67,67,56,56,56,48,48,48,48,48,45,33,33,33,29,64,56,56,56,56,56,56,37,37,37,8,8,8,8,8,30,10,59,59,74,74,74,74,51,41,8,8,8,30,30,45,45,67,0,0],"gold":15,"neow_bonus":"BOSS_RELIC","is_daily":false,"chose_seed":false,"campfire_upgraded":4,"win_rate":0.0,"timestamp":1612306378,"path_taken":["M","$","M","?","?","R","M","R","T","M","M","M","E","?","R","BOSS","M","?","?","?","?","R","E","M","T","E","?","?","M","M","R","BOSS","M","$","M","?","?","E","?","?","T","?","R","E","$","M","R","BOSS"],"items_purchased_type":["Card","Card","Card","Card","Card","Relic","Card","Card","Potion"],"build_version":"2020-12-22","purchased_purges":2,"victory":false,"max_hp_per_floor":[75,75,75,75,75,75,75,75,75,75,75,75,75,75,75,75,75,75,75,75,75,75,75,75,75,75,75,75,75,75,75,75,75,75,75,75,75,75,75,75,75,75,75,75,75,75,75,75,75,75,75],"card_choices":[{"not_picked":["Hello World","Stack"],"picked":"Gash","floor":1},{"not_picked":["Sunder","Blizzard"],"picked":"Defragment","floor":3},{"not_picked":["Coolheaded","Gash"],"picked":"FTL","floor":7},{"not_picked":["Aggregate+1","Hello World"],"picked":"Redo+1","floor":10},{"not_picked":["Ball Lightning","Lockon"],"picked":"Seek+1","floor":11},{"not_picked":["Tempest+1","Auto Shields+1"],"picked":"Turbo+1","floor":12},{"not_picked":["Genetic Algorithm+1","Chill+1"],"picked":"Skim+1","floor":13},{"not_picked":["Fission+1","Multi-Cast+1"],"picked":"Reboot+1","floor":16},{"not_picked":["FTL","Auto Shields+1"],"picked":"Consume+1","floor":18},{"not_picked":["Go for the Eyes+1","Lockon"],"picked":"Stack+1","floor":24},{"not_picked":["Reinforced Body+1","Streamline","Conserve Battery+1"],"picked":"SKIP","floor":25},{"not_picked":["Reinforced Body+1","Streamline","Conserve Battery+1"],"picked":"SKIP","floor":25},{"not_picked":["Rebound+1","Heatsinks","Doom and Gloom+1"],"picked":"SKIP","floor":27},{"not_picked":["Scrape","Barrage+1"],"picked":"Recycle+1","floor":28},{"not_picked":["Beam Cell","Fusion+1"],"picked":"Aggregate+1","floor":30},{"not_picked":["Genetic Algorithm+1","Echo Form"],"picked":"Hologram+1","floor":31},{"not_picked":["Amplify+1","Meteor Strike"],"picked":"Reboot+1","floor":33},{"not_picked":["Turbo+1"],"picked":"SKIP","floor":35},{"not_picked":["Cold Snap"],"picked":"SKIP","floor":37},{"not_picked":["Streamline"],"picked":"SKIP","floor":38},{"not_picked":["Streamline"],"picked":"SKIP","floor":38},{"not_picked":["Consume+1"],"picked":"SKIP","floor":40},{"not_picked":[],"picked":"Deep Breath+1","floor":41},{"not_picked":[],"picked":"Madness+1","floor":41},{"not_picked":["Storm"],"picked":"SKIP","floor":42},{"not_picked":["Compile Driver+1"],"picked":"SKIP","floor":44},{"not_picked":[],"picked":"Skim+1","floor":46},{"not_picked":["Compile Driver+1"],"picked":"SKIP","floor":48}],"player_experience":1032315,"relics_obtained":[{"floor":9,"key":"Toxic Egg 2"},{"floor":13,"key":"Bronze Scales"},{"floor":24,"key":"InkBottle"},{"floor":24,"key":"MealTicket"},{"floor":26,"key":"Smiling Mask"},{"floor":27,"key":"Darkstone Periapt"},{"floor":27,"key":"DataDisk"},{"floor":40,"key":"The Courier"},{"floor":40,"key":"Whetstone"},{"floor":46,"key":"Meat on the Bone"},{"floor":46,"key":"Bottled Flame"}],"event_choices":[{"damage_healed":0,"gold_gain":75,"player_choice":"Gather Gold","damage_taken":11,"max_hp_gain":0,"max_hp_loss":0,"event_name":"World of Goop","floor":4,"gold_loss":0},{"cards_removed":["Strike_B"],"damage_healed":0,"gold_gain":0,"player_choice":"Card Removal","damage_taken":0,"max_hp_gain":0,"max_hp_loss":0,"event_name":"The Cleric","floor":14,"gold_loss":50},{"damage_healed":0,"gold_gain":0,"player_choice":"Obtained Relic","damage_taken":0,"relics_obtained":["Orichalcum"],"max_hp_gain":0,"max_hp_loss":0,"event_name":"Addict","floor":19,"gold_loss":85},{"damage_healed":0,"gold_gain":0,"player_choice":"Ignored","damage_taken":0,"max_hp_gain":0,"max_hp_loss":0,"event_name":"Vampires","floor":20,"gold_loss":0},{"damage_healed":0,"gold_gain":0,"player_choice":"Read","damage_taken":0,"max_hp_gain":0,"max_hp_loss":0,"event_name":"The Library","floor":21,"gold_loss":0,"cards_obtained":["Coolheaded"]},{"damage_healed":0,"gold_gain":0,"cards_transformed":["Strike_B"],"player_choice":"Transformed","damage_taken":0,"max_hp_gain":0,"max_hp_loss":0,"event_name":"Transmorgrifier","floor":29,"gold_loss":0,"cards_obtained":["Static Discharge"]},{"cards_removed":["Strike_B"],"damage_healed":0,"gold_gain":0,"player_choice":"Removed Attack","damage_taken":0,"max_hp_gain":0,"max_hp_loss":0,"event_name":"Falling","floor":39,"gold_loss":0},{"damage_healed":0,"gold_gain":0,"player_choice":"Memory 3","damage_taken":10,"max_hp_gain":0,"max_hp_loss":0,"event_name":"SensoryStone","floor":41,"gold_loss":0}],"is_beta":false,"boss_relics":[{"not_picked":["Fusion Hammer","Runic Dome"],"picked":"Black Star"},{"not_picked":["SacredBark","Velvet Choker"],"picked":"Busted Crown"}],"items_purged_floors":[36,47],"is_endless":false,"potions_floor_spawned":[1,10,11,13,24,27,28,31,33,35,40,42,48],"killed_by":"Time Eater","ascension_level":13}}