{"host":"xwgrz7y3g1a3iikb","time":1612237637,"event":{"mods":["BaseMod","Bestiary","Minty Spire (QoL Compilation)","Permanent Neow","Quick Restart","Relic Stats","StSLib","ojb\u0027s Info Mod"],"gold_per_floor":[110,110,123,134,152,152,186,186,234,234,135,177,199,230,230,230,230],"floor_reached":16,"language":"ENG","playtime":372,"items_purged":[],"score":240,"play_id":"d8e6b05b-b94a-4e3b-9fee-7ecd659aae47","local_time":"20210201194717","is_ascension_mode":true,"campfire_choices":[{"data":"Neutralize","floor":6,"key":"SMITH"},{"floor":8,"key":"REST"},{"data":"Crippling Poison","floor":10,"key":"SMITH"},{"data":"Blade Dance","floor":15,"key":"SMITH"}],"circlet_count":0,"master_deck":["AscendersBane","Strike_G","Strike_G","Strike_G","Strike_G","Strike_G","Defend_G","Defend_G","Defend_G","Defend_G","Defend_G","Survivor","Neutralize+1","CurseOfTheBell","Flying Knee","Backstab","Endless Agony","Blade Dance+1","Crippling Poison+1","Escape Plan","Die Die Die"],"relics":["Calling Bell","Omamori","Mercury Hourglass","Turnip","StrikeDummy","CeramicFish","Potion Belt","Torii","Frozen Egg 2"],"acts_visited":["Exordium"],"potions_floor_usage":[7],"damage_taken":[{"damage":0,"enemies":"Small Slimes","floor":1,"turns":4},{"damage":0,"enemies":"Cultist","floor":3,"turns":4},{"damage":0,"enemies":"2 Louse","floor":4,"turns":2},{"damage":6,"enemies":"Red Slaver","floor":5,"turns":3},{"damage":32,"enemies":"Lagavulin","floor":7,"turns":7},{"damage":11,"enemies":"Gremlin Nob","floor":12,"turns":3},{"damage":0,"enemies":"Gremlin Gang","floor":13,"turns":3},{"damage":2,"enemies":"3 Sentries","floor":14,"turns":3},{"damage":18,"enemies":"Hexaghost","floor":16,"turns":9}],"seed_played":"-5674014606223575428","potions_obtained":[{"floor":4,"key":"PowerPotion"}],"is_trial":false,"path_per_floor":["M","?","M","M","M","R","E","R","T","R","?","E","M","E","R","B"],"character_chosen":"THE_SILENT","items_purchased":[],"campfire_rested":1,"item_purchase_floors":[],"current_hp_per_floor":[59,50,50,50,44,44,12,31,31,31,31,20,20,18,18,0,0],"gold":230,"neow_bonus":"BOSS_RELIC","is_daily":false,"chose_seed":false,"campfire_upgraded":3,"win_rate":0.0,"timestamp":1612237637,"path_taken":["M","?","M","M","?","R","E","R","T","R","?","E","M","E","R","BOSS"],"items_purchased_type":[],"build_version":"2020-12-22","purchased_purges":0,"victory":false,"max_hp_per_floor":[66,66,66,66,66,66,66,66,66,66,66,66,66,66,66,66,66],"relic_stats":{"Torii":31,"counters":[9,38],"CeramicFish":18,"Turnip":[3],"obtain_stats":[{"Calling Bell":0,"Potion Belt":11,"Torii":12,"CeramicFish":9,"Turnip":0,"Omamori":0,"Frozen Egg 2":14,"StrikeDummy":7,"Ring of the Snake":0,"Mercury Hourglass":0},{"Calling Bell":0,"Potion Belt":5,"Torii":6,"CeramicFish":5,"Turnip":0,"Omamori":0,"Frozen Egg 2":8,"StrikeDummy":5,"Ring of the Snake":0,"Mercury Hourglass":0},{"Calling Bell":0,"Potion Belt":20,"Torii":23,"CeramicFish":20,"Turnip":0,"Omamori":0,"Frozen Egg 2":29,"StrikeDummy":20,"Ring of the Snake":0,"Mercury Hourglass":0}],"Mercury Hourglass":[141]},"card_choices":[{"not_picked":["Accuracy","Prepared"],"picked":"Flying Knee","floor":1},{"not_picked":["Deflect","Quick Slash"],"picked":"Backstab","floor":3},{"not_picked":["Outmaneuver","Riddle With Holes"],"picked":"Endless Agony","floor":4},{"not_picked":["Catalyst","Deflect"],"picked":"Blade Dance","floor":5},{"not_picked":["Dagger Spray","Flying Knee"],"picked":"Crippling Poison","floor":7},{"not_picked":["Quick Slash","Infinite Blades"],"picked":"Escape Plan","floor":12},{"not_picked":["Flying Knee","Deadly Poison"],"picked":"Die Die Die","floor":13},{"not_picked":["Flying Knee","Bane","Prepared"],"picked":"SKIP","floor":14}],"player_experience":312333,"relics_obtained":[{"floor":0,"key":"Omamori"},{"floor":0,"key":"Mercury Hourglass"},{"floor":0,"key":"Turnip"},{"floor":7,"key":"StrikeDummy"},{"floor":9,"key":"CeramicFish"},{"floor":12,"key":"Torii"},{"floor":14,"key":"Frozen Egg 2"}],"event_choices":[{"damage_healed":0,"gold_gain":0,"player_choice":"Damaged","damage_taken":9,"max_hp_gain":0,"max_hp_loss":0,"event_name":"Wheel of Change","floor":2,"gold_loss":0},{"damage_healed":0,"gold_gain":0,"player_choice":"Paid Gold","damage_taken":0,"relics_obtained":["Potion Belt"],"max_hp_gain":0,"max_hp_loss":0,"event_name":"WeMeetAgain","floor":11,"gold_loss":99}],"is_beta":false,"boss_relics":[],"items_purged_floors":[],"is_endless":false,"potions_floor_spawned":[4],"killed_by":"Hexaghost","ascension_level":20}}