{"host":"8a72fthmlk1o8pdb","time":1612307833,"event":{"mods":["AchievementEnabler","Aspiration","Astrologer","Bard","BaseMod","Beaked The Cultist","Better Sensory Stone","Better Skull","Better Third Choice","ChefMod","Colored Map","Colored Powertips","Dark Map","Downfall","Evolution","Friendly Minions","GifTheSpireLib","Googly Eyes","Gremlin Mod","Hermit","JesterMod","Jorbs\u0027s Wanderer Trilogy","Marisa????????","Minty Spire (QoL Compilation)","Permanent Neow","Random Character Button","Rare Cards Sparkle","Relic Stats","Reliquary","Robot Space Explorer","Shade Mod","Shop Mod","Somnambulant","StSLib","The Alterego","The Animator","The Blue Laboratory","The Construct","The Cursed","The Disciple","The Hayseed","The Hierophant","The Marked","The Necromancer","The Poker Player","The Problem Sleuth","The Runesmith","thorton"],"gold_per_floor":[112,130,88,88,103,103,133,133,158,192,212,229,241,241,241,337,337,337,337],"floor_reached":18,"language":"ENG","playtime":2791,"items_purged":[],"score":172,"play_id":"dc61ee84-2395-4e79-9695-a3b60af061e2","local_time":"20210202151713","is_ascension_mode":false,"campfire_choices":[{"data":"jesterMod:DancingMad","floor":6,"key":"SMITH"},{"data":"jesterMod:Flee","floor":8,"key":"SMITH"},{"floor":15,"key":"RECALL"}],"circlet_count":0,"master_deck":["jesterMod:Strike+1","jesterMod:Strike+1","jesterMod:Strike+1","jesterMod:Strike+1","jesterMod:Sickle+1","jesterMod:Defend","jesterMod:Defend","jesterMod:Defend","jesterMod:Defend","jesterMod:Dodge","jesterMod:Flee","jesterMod:DancingMad+1","jesterMod:Flee+1","jesterMod:JackInTheBox+1","jesterMod:MudBall+1","jesterMod:Prankster","jesterMod:BouncingKnife+1","jesterMod:Disposophobia","jesterMod:Juggler"],"relics":["jesterMod:JesterCap","EVO:Axolotl","aspiration:Nostalgia","Burning Blood","betterThird:SlimedRelic","Lizard Tail","Pen Nib"],"acts_visited":["Exordium","TheCity"],"potions_floor_usage":[7,10,10,13],"damage_taken":[{"damage":5,"enemies":"Small Slimes","floor":1,"turns":5},{"damage":14,"enemies":"Jaw Worm","floor":2,"turns":6},{"damage":3,"enemies":"2 Louse","floor":5,"turns":4},{"damage":22,"enemies":"3 Sentries","floor":7,"turns":15},{"damage":39,"enemies":"Lagavulin","floor":10,"turns":12},{"damage":5,"enemies":"Blue Slaver","floor":11,"turns":3},{"damage":0,"enemies":"Looter","floor":12,"turns":4},{"damage":12,"enemies":"Gremlin Gang","floor":13,"turns":5},{"damage":37,"enemies":"The Guardian","floor":16,"turns":11},{"damage":0,"enemies":"Shell Parasite","floor":18,"turns":1}],"seed_played":"-4796613543421027732","potions_obtained":[{"floor":1,"key":"FearPotion"},{"floor":2,"key":"blueLaboratory:BottleOfVodka"},{"floor":5,"key":"blueLaboratory:SavagePotion"},{"floor":10,"key":"Energy Potion"},{"floor":13,"key":"Strength Potion"},{"floor":16,"key":"Fire Potion"}],"is_trial":false,"path_per_floor":["M","M","?","?","M","R","E","R","T","E","M","M","M","?","R","B",null,"M"],"character_chosen":"THE_JESTER","items_purchased":[],"campfire_rested":0,"item_purchase_floors":[],"current_hp_per_floor":[70,62,51,51,54,54,38,38,38,41,42,48,42,42,42,11,70,70,70],"gold":337,"neow_bonus":"NOSTALGIA","is_daily":false,"chose_seed":false,"campfire_upgraded":2,"win_rate":0.0,"timestamp":1612307833,"path_taken":["M","M","?","?","M","R","E","R","T","E","M","M","M","?","R","BOSS","M"],"items_purchased_type":[],"build_version":"2020-12-22","purchased_purges":0,"victory":false,"max_hp_per_floor":[70,70,70,70,70,70,70,70,70,70,70,70,70,70,70,70,70,70,70],"relic_stats":{"Lizard Tail":35,"counters":[10,66],"Pen Nib":[6],"obtain_stats":[{"Lizard Tail":7,"aspiration:Nostalgia":0,"betterThird:SlimedRelic":3,"jesterMod:JesterCap":0,"Pen Nib":9,"EVO:Axolotl":0,"Burning Blood":0,"aspiration:ChemicalBlood":10},{"Lizard Tail":4,"aspiration:Nostalgia":0,"betterThird:SlimedRelic":2,"jesterMod:JesterCap":0,"Pen Nib":4,"EVO:Axolotl":0,"Burning Blood":0,"aspiration:ChemicalBlood":5},{"Lizard Tail":30,"aspiration:Nostalgia":0,"betterThird:SlimedRelic":11,"jesterMod:JesterCap":0,"Pen Nib":30,"EVO:Axolotl":0,"Burning Blood":0,"aspiration:ChemicalBlood":42}],"Burning Blood":53},"card_choices":[{"not_picked":["jesterMod:DanceOfChaos","jesterMod:Dilapidation"],"picked":"jesterMod:Flee","floor":1},{"not_picked":["jesterMod:SmokeScreen","jesterMod:Hide"],"picked":"jesterMod:DancingMad","floor":2},{"not_picked":["jesterMod:HitAndRun","jesterMod:TrickyDodge"],"picked":"jesterMod:Flee","floor":5},{"not_picked":["jesterMod:BoilDown","jesterMod:TrickyDodge"],"picked":"jesterMod:JackInTheBox","floor":7},{"not_picked":["jesterMod:Illness","jesterMod:Disposophobia"],"picked":"jesterMod:MudBall","floor":10},{"not_picked":["jesterMod:SmokeScreen","jesterMod:SelfMockery"],"picked":"jesterMod:Prankster","floor":11},{"not_picked":["jesterMod:Twirl","jesterMod:SelfMockery"],"picked":"jesterMod:BouncingKnife","floor":12},{"not_picked":["jesterMod:DanceOfChaos","jesterMod:Frenzy"],"picked":"jesterMod:Disposophobia","floor":13},{"not_picked":["jesterMod:Juggle","jesterMod:ExperimentalTreatment"],"picked":"jesterMod:Juggler","floor":16}],"player_experience":110839,"relics_obtained":[{"floor":7,"key":"Lizard Tail"},{"floor":9,"key":"Pen Nib"},{"floor":10,"key":"aspiration:ChemicalBlood"}],"event_choices":[{"damage_healed":0,"gold_gain":0,"player_choice":"Slimed","damage_taken":11,"max_hp_gain":0,"max_hp_loss":0,"event_name":"betterThird:BetterGoop","floor":3,"gold_loss":42},{"damage_healed":0,"gold_gain":0,"player_choice":"Ignored","damage_taken":0,"max_hp_gain":0,"max_hp_loss":0,"event_name":"Golden Wing","floor":4,"gold_loss":0}],"is_beta":false,"boss_relics":[{"not_picked":["aspiration:BardSkillbook","Coffee Dripper","theSleuth:MegatonKey"]}],"items_purged_floors":[],"is_endless":false,"potions_floor_spawned":[1,2,5,10,13,16],"killed_by":"Shell Parasite","ascension_level":0}}