{"host":"kmq7aw60w430zvtx","time":1612281843,"event":{"mods":["BaseMod","Downfall","GifTheSpireLib","Hermit","Hubris","Minty Spire (QoL Compilation)","Reliquary","Replay The Spire","StSLib","The Construct","The Cursed","The Hierophant","The Jungle","The Necromancer","The Runesmith"],"gold_per_floor":[117,117,117,133,151,151,162,182,182,215,215,231,9,24,24,125,125,144,160,160,62,62,62],"floor_reached":22,"language":"ENG","playtime":731,"items_purged":[],"score":207,"play_id":"1dc150e1-c5f8-4784-8420-26098699ab52","local_time":"20210202170403","is_ascension_mode":true,"campfire_choices":[{"floor":6,"key":"RECALL"},{"floor":15,"key":"REST"}],"circlet_count":0,"master_deck":["Strike_B","Strike_B","Strike_B","Defend_B","Defend_B","Defend_B","Defend_B","Zap","Dualcast","Ball Lightning","Sweeping Beam","Panic Button","Leap","Amplify","Consume+1","FIFO Queue","Beam Cell","Seek","Undo","White Noise","Mayhem"],"relics":["Cracked Core","NeowsBlessing","hubris:MedicalManual","Pear","Membership Card","reliquary:Ember"],"acts_visited":["Exordium","TheCity"],"potions_floor_usage":[10,16],"damage_taken":[{"damage":0,"enemies":"Cultist","floor":1,"turns":1},{"damage":0,"enemies":"2 Louse","floor":4,"turns":1},{"damage":0,"enemies":"Jaw Worm","floor":5,"turns":1},{"damage":13,"enemies":"Blue Slaver","floor":7,"turns":2},{"damage":4,"enemies":"Red Slaver","floor":8,"turns":4},{"damage":26,"enemies":"3 Sentries","floor":10,"turns":8},{"damage":0,"enemies":"Exordium Wildlife","floor":12,"turns":2},{"damage":33,"enemies":"Lots of Slimes","floor":14,"turns":4},{"damage":26,"enemies":"Hexaghost","floor":16,"turns":8},{"damage":24,"enemies":"Spheric Guardian","floor":18,"turns":4},{"damage":30,"enemies":"Shell Parasite","floor":19,"turns":8},{"damage":34,"enemies":"3 Cultists","floor":22,"turns":3}],"seed_played":"1137404355954025804","potions_obtained":[{"floor":7,"key":"sneckomod:MuddlingPotion"},{"floor":8,"key":"Dexterity Potion"},{"floor":12,"key":"construct:ShiftPotion"},{"floor":14,"key":"Weak Potion"},{"floor":19,"key":"FearPotion"}],"is_trial":false,"path_per_floor":["M","T","?","M","M","R","M","M","T","E","?","M","$","M","R","B",null,"M","M","?","$","M"],"character_chosen":"DEFECT","items_purchased":["FIFO Queue","Membership Card","Mayhem"],"campfire_rested":1,"item_purchase_floors":[13,13,21],"current_hp_per_floor":[75,75,75,75,75,75,62,58,58,42,42,42,42,9,34,8,85,61,31,31,31,0,0],"gold":62,"neow_bonus":"THREE_ENEMY_KILL","is_daily":false,"chose_seed":false,"campfire_upgraded":0,"win_rate":0.0,"timestamp":1612281843,"path_taken":["M","?","?","M","M","R","M","M","T","E","?","M","$","M","R","BOSS","M","M","?","$","?"],"items_purchased_type":["Card","Relic","Card"],"build_version":"2020-12-22","purchased_purges":0,"victory":false,"max_hp_per_floor":[75,75,75,75,75,75,75,75,75,85,85,85,85,85,85,85,85,85,85,85,85,85,85],"card_choices":[{"not_picked":["Beam Cell","Consume"],"picked":"Ball Lightning","floor":1},{"not_picked":["Compile Driver","Panic Button"],"picked":"Sweeping Beam","floor":4},{"not_picked":["Steam","Gash"],"picked":"Panic Button","floor":5},{"not_picked":["Blizzard","Reinforced Body"],"picked":"Leap","floor":7},{"not_picked":["Gash","BasicCrystalCard"],"picked":"Amplify","floor":8},{"not_picked":["Panic Button","Beam Cell"],"picked":"Consume","floor":10},{"not_picked":["Blizzard","Barrage","Hologram"],"picked":"SKIP","floor":12},{"not_picked":["Gash","ReplaySolidLightProjector"],"picked":"Beam Cell","floor":14},{"not_picked":["Reboot","ReplayTheSpireMod:Omega Cannon"],"picked":"Seek","floor":16},{"not_picked":["Go for the Eyes+1","Redo"],"picked":"Undo","floor":18},{"not_picked":["Steam","Go for the Eyes"],"picked":"White Noise","floor":19}],"player_experience":330325,"relics_obtained":[{"floor":2,"key":"hubris:MedicalManual"},{"floor":10,"key":"Pear"}],"event_choices":[{"cards_removed":["Strike_B"],"damage_healed":0,"gold_gain":0,"player_choice":"Purged","damage_taken":0,"max_hp_gain":0,"max_hp_loss":0,"event_name":"Purifier","floor":20,"gold_loss":0}],"is_beta":false,"boss_relics":[{"not_picked":["Replay:Grab Bag","Ectoplasm"],"picked":"reliquary:Ember"}],"items_purged_floors":[],"is_endless":false,"potions_floor_spawned":[7,8,12,14,19],"killed_by":"3 Cultists","ascension_level":2}}