{"host":"97uhrltlnmtdj0hv","time":1612234241,"event":{"mods":["2.2 Compatiblity","AchievementEnabler","Act Like it!","Aspiration","Bartender","BaseMod","Better Match","Better Note","Better Skull","Better Third Choice","BetterRewards","Colored Map","Colored Powertips","Conspire","Elementarium","Energized Spire","Friendly Minions","Gensokyo","GifTheSpireLib","Gold Saver","Halation","Hallownest","Hermit","Hubris","Infinite Spire","Jorbs\u0027s Wanderer Trilogy","Koishi","Luminous","Marisa????????","Minty Spire (QoL Compilation)","Pale of the Ancients","Permanent Neow","Potionbrewer","Quick Restart","Rare Cards Sparkle","Reliquary","Replay The Spire","Reworked Bosses","Robot Space Explorer","Shade Mod","Somnambulant","Spicy Shops","Spikes Relics","StSLib","Stuff the Spire","SuperFastMode","The Blackbeard","The Bug Knight","The Cursed","The Dragon Tamer","The Druid","The Marked","The Necromancer","The Problem Sleuth","The Senshi","The Servant 0.9.4","The Vixen","TheVacant","Trackpad","Wandering Minibosses","everything is the same but u backflip on backflip"],"gold_per_floor":[7309,7309,7319,6276,6276,6311,6311,6330,6354,6368,6395,6395,6611,6637,6637,6736,6736,6749,6739,6739,6750,6767,6767,6767,6795,6795,6812,6812,6845,6845,6855,6855,6855,6855,6855],"floor_reached":33,"language":"ENG","playtime":2331,"items_purged":["Pain"],"score":480,"play_id":"1d7eb756-94b3-4d82-ba10-df21c84c001f","local_time":"20210201195041","is_ascension_mode":false,"metric_token":3923,"campfire_choices":[{"floor":7,"key":"REST"},{"data":"hubris:DuctTapeCard","floor":15,"key":"SMITH"},{"floor":23,"key":"REST"},{"floor":28,"key":"REST"},{"data":"Pain","floor":32,"key":"SMITH"}],"dtmod_dragon_data":[13,50,1,-1,12,0],"circlet_count":0,"master_deck":["DTMod:Strike","DTMod:Strike","DTMod:Strike","DTMod:Strike","DTMod:DoubleHit","DTMod:TargetDefense","DTMod:TargetDefense+1","DTMod:TargetDefense","DTMod:TargetDefense","DTMod:SwitchingTactic","DTMod:ShieldDrain","DTMod:DragonDance","DTMod:Dissolve","DTMod:CalculatedDefense","DTMod:CleansingStrike","DTMod:Feint","Bullet Time+1","DTMod:Harmonize","CutThroughFate","DTMod:Haste","StuffTheSpire:Innocence","DTMod:FlameSlash","hubris:DuctTapeCard+2","DTMod:Haste","DTMod:EchoTactic","DTMod:ComboAttack+1","Elementarium:GildedEssence+1","Pot Of Greed+1","Pot Of Greed","Pot Of Greed","hubris:Fate","DTMod:FlameSlash","DTMod:EchoTactic","DTMod:BuildUp+1","Pot Of Greed","DTMod:Training","DTMod:BalancedStrike+1"],"relics":["DTMod:PactStone","Replay:M_StaffOfTheSnake","hubris:CrystalStatue","halation:Thesaurus","aspiration:SeaSaltIceCream","aspiration:Nostalgia","hermit:Momento","StuffTheSpire:Saxophone","StuffTheSpire:BottledEssence","Orrery","DollysMirror","hubris:Towel","trackpad:ByrdCharm","Bronze Scales","Gensokyo:Companionship","Dead Branch","Blood Vial","Turnip","Gensokyo:LunaticRedEyes","hubris:DuctTape","infinitespire:Cupcake","Grinning Jar","Elementarium:GolemsHeart","aspiration:TomeofQuesting","infinitespire:Bottled Soul","halation:PrussianBluePaint"],"acts_visited":["Exordium","Gensokyo:Gensokyo"],"potions_floor_usage":[6,8,21,33],"damage_taken":[{"damage":0,"enemies":"Gensokyo:3_Fairies","floor":1,"turns":5},{"damage":0,"enemies":"Gensokyo:Gryphon","floor":3,"turns":3},{"damage":0,"enemies":"Gensokyo:Mamizou","floor":6,"turns":8},{"damage":0,"enemies":"Gensokyo:Python","floor":8,"turns":4},{"damage":0,"enemies":"Gensokyo:LivingMonolith","floor":10,"turns":6},{"damage":17,"enemies":"Gensokyo:Aya","floor":11,"turns":6},{"damage":0,"enemies":"Gensokyo:Python_and_Kodama","floor":13,"turns":4},{"damage":0,"enemies":"Gensokyo:Mamizou","floor":14,"turns":7},{"damage":5,"enemies":"Gensokyo:Reimu","floor":16,"turns":7},{"damage":0,"enemies":"Elementarium:2_ELEMENTALS","floor":18,"turns":1},{"damage":17,"enemies":"Elementarium:Cyclone","floor":21,"turns":4},{"damage":0,"enemies":"Elementarium:STONE_GOLEMS","floor":22,"turns":2},{"damage":10,"enemies":"Elementarium:FIRE_NOBILITY","floor":25,"turns":8},{"damage":3,"enemies":"Elementarium:3_ELEMENTALS","floor":27,"turns":5},{"damage":0,"enemies":"Elementarium:ElementalPortal","floor":29,"turns":1},{"damage":0,"enemies":"Elementarium:RubyGolem","floor":31,"turns":2},{"damage":46,"enemies":"Elementarium:GolemEmperor","floor":33,"turns":11}],"seed_played":"9099432574134413157","potions_obtained":[{"floor":1,"key":"Cursed Concoction"},{"floor":6,"key":"Adrenaline Potion"},{"floor":14,"key":"BlessingOfTheForge"},{"floor":22,"key":"SpeedPotion"},{"floor":27,"key":"SneckoOil"},{"floor":31,"key":"Ancient Potion"}],"is_trial":false,"path_per_floor":["M","T","M","COS","?","E","R","M","T","M","E","?","M","E","R","B",null,"M","?","AVR","M","M","R","?","E","T","M","R","E","?","M","R","B"],"character_chosen":"THE_DT","items_purchased":[],"campfire_rested":3,"item_purchase_floors":[],"current_hp_per_floor":[45,45,45,45,45,45,45,45,45,45,31,31,33,35,35,32,45,45,45,45,28,30,43,43,35,35,45,45,45,45,45,45,0,0,0],"gold":6855,"neow_bonus":"NOSTALGIA","is_daily":false,"chose_seed":false,"campfire_upgraded":2,"win_rate":0.0,"timestamp":1612234241,"path_taken":["M","?","M","COS","?","E","R","M","T","M","E","?","M","E","R","BOSS","M","?","AVR","M","M","R","?","E","T","M","R","E","?","M","R","BOSS"],"items_purchased_type":[],"build_version":"2020-12-22","purchased_purges":1,"victory":false,"max_hp_per_floor":[45,45,45,45,45,45,45,45,45,45,45,45,45,45,45,45,45,45,45,45,45,45,45,45,45,45,45,45,45,45,45,45,45,45,45],"card_choices":[{"not_picked":["DTMod:BlazingStrike","DTMod:DeepFocus"],"picked":"DTMod:ShieldDrain","floor":1},{"not_picked":["DTMod:MagicField","DTMod:MasterPlan"],"picked":"DTMod:DragonDance","floor":3},{"not_picked":["DTMod:BizarreTactic","DTMod:Cover"],"picked":"DTMod:Dissolve","floor":4},{"not_picked":["Dagger Throw","Outmaneuver"],"picked":"DTMod:CalculatedDefense","floor":4},{"not_picked":["DTMod:Punisher","ThirdEye"],"picked":"Weave","floor":4},{"not_picked":["ThirdEye","EmptyMind"],"picked":"DTMod:CleansingStrike","floor":4},{"not_picked":["DTMod:CleansingStrike","ThirdEye"],"picked":"DTMod:Feint","floor":4},{"not_picked":["DTMod:DeepFocus","DTMod:ForkedFire"],"picked":"Bullet Time","floor":6},{"not_picked":["Doppelganger","Wraith Form v2"],"picked":"DTMod:Harmonize","floor":8},{"not_picked":["DTMod:DragonDance","Crescendo"],"picked":"CutThroughFate","floor":8},{"not_picked":["Weave","DTMod:MasterPlan"],"picked":"DTMod:Observe","floor":10},{"not_picked":["DTMod:GhostSkin","Crescendo"],"picked":"DTMod:Haste","floor":11},{"not_picked":["DTMod:BreakAttack","DTMod:Feint"],"picked":"DTMod:FlameSlash","floor":13},{"not_picked":["Outmaneuver","DTMod:BlazingStrike"],"picked":"DTMod:Haste","floor":14},{"not_picked":["Establishment","Tools of the Trade"],"picked":"DTMod:EchoTactic","floor":16},{"not_picked":["DTMod:WarmUp","DTMod:BurningForce+1"],"picked":"DTMod:ComboAttack+1","floor":18},{"not_picked":["DTMod:Hide","DTMod:MagiciansMark"],"picked":"DTMod:FlameSlash","floor":21},{"not_picked":["DTMod:Cover+1","DTMod:QuickFly"],"picked":"DTMod:EchoTactic","floor":22},{"not_picked":["DTMod:CleansingStrike","DTMod:MagiciansMark"],"picked":"DTMod:BuildUp+1","floor":25},{"not_picked":["DTMod:DragonDance","DTMod:Astonish"],"picked":"DTMod:Training","floor":27},{"not_picked":["DTMod:Threaten+1","DTMod:FlameSlash"],"picked":"DTMod:BalancedStrike+1","floor":29},{"not_picked":["DTMod:Punisher","DTMod:ComboAttack+1","DTMod:StarRain+1"],"picked":"SKIP","floor":31}],"player_experience":410025,"relics_obtained":[{"floor":2,"key":"hubris:CrystalStatue"},{"floor":6,"key":"trackpad:ByrdCharm"},{"floor":9,"key":"Bronze Scales"},{"floor":11,"key":"Turnip"},{"floor":14,"key":"hubris:DuctTape"},{"floor":25,"key":"aspiration:TomeofQuesting"},{"floor":26,"key":"infinitespire:Bottled Soul"},{"floor":29,"key":"halation:PrussianBluePaint"}],"event_choices":[{"damage_healed":0,"gold_gain":0,"player_choice":"Toss","damage_taken":0,"max_hp_gain":0,"max_hp_loss":0,"event_name":"Elementarium:OnrushingOffering","floor":19,"gold_loss":10,"cards_obtained":["Elementarium:GildedEssence"]},{"damage_healed":0,"gold_gain":0,"player_choice":"Chest","damage_taken":0,"relics_obtained":["Elementarium:GolemsHeart"],"max_hp_gain":0,"max_hp_loss":0,"event_name":"Elementarium:AbandonedFactory","floor":24,"gold_loss":0,"cards_obtained":["Pain"]},{"damage_healed":0,"gold_gain":0,"player_choice":"Ignored","damage_taken":0,"max_hp_gain":0,"max_hp_loss":0,"event_name":"Elementarium:FountainOfGold","floor":30,"gold_loss":0}],"is_beta":false,"boss_relics":[{"not_picked":["halation:PlatinumPhoenix","halation:Risk","Kintsugi"]}],"items_purged_floors":[20],"is_endless":false,"potions_floor_spawned":[1,6,14,22,27,31],"killed_by":"Elementarium:GolemEmperor","ascension_level":0}}