{"host":"rtczl7o4e2em2rmi","time":1612230759,"event":{"mods":["AchievementEnabler","BaseMod","Bestiary","Block Reminder","Minty Spire (QoL Compilation)","Permanent Neow","Relic Filter","Relic Stats","StSLib"],"gold_per_floor":[112,131,151,163,163,163,12,12,36,36,50,67,67,83,83,214,214,232,253,276,69,69,69,85,85,85,50,50,68,34,48,48,143,143,156,175,79,79,97,124,124,176,203,0,18,51,101,131,131,131],"floor_reached":51,"language":"ZHS","playtime":2508,"items_purged":[],"score":1211,"play_id":"fa88b71c-e51c-4ade-9795-9443846d4b0a","local_time":"20210201205239","is_ascension_mode":true,"campfire_choices":[{"floor":6.0,"key":"REST"},{"data":"Streamline","floor":8.0,"key":"SMITH"},{"floor":15.0,"key":"REST"},{"floor":23.0,"key":"REST"},{"floor":28.0,"key":"REST"},{"floor":32.0,"key":"REST"},{"floor":41,"key":"RECALL"},{"floor":49,"key":"REST"}],"circlet_count":0,"master_deck":["AscendersBane","Strike_B","Strike_B","Strike_B","Defend_B","Defend_B","Defend_B","Defend_B","Dualcast","Streamline+1","Conserve Battery","Skim","Self Repair","Creative AI+1","Scrape","Aggregate","White Noise","Beam Cell","Machine Learning+1","Storm+1","Ball Lightning","Sunder+1","Self Repair+1","Go for the Eyes","Stack","RitualDagger","Undo","Self Repair+1","Self Repair+1","Storm+1","Electrodynamics+1","Coolheaded","Genetic Algorithm+1","Heatsinks+1","Capacitor+1","Storm+1","Steam","Fission","Storm+1"],"relics":["Cracked Core","Frozen Egg 2","Mercury Hourglass","Bloody Idol","Fusion Hammer","Membership Card","Toy Ornithopter","Black Star","Strange Spoon","DataDisk","Bottled Lightning","Ginger","Dead Branch","Red Mask","Lantern","Bag of Preparation","Unceasing Top","The Courier","Bird Faced Urn"],"acts_visited":["TheCity","TheBeyond"],"potions_floor_usage":[45,50],"damage_taken":[{"damage":5.0,"enemies":"Small Slimes","floor":1.0,"turns":3.0},{"damage":6.0,"enemies":"Cultist","floor":2.0,"turns":4.0},{"damage":3.0,"enemies":"2 Louse","floor":3.0,"turns":2.0},{"damage":6.0,"enemies":"Looter","floor":4.0,"turns":3.0},{"damage":11.0,"enemies":"Blue Slaver","floor":11.0,"turns":3.0},{"damage":0.0,"enemies":"Exordium Wildlife","floor":12.0,"turns":3.0},{"damage":9.0,"enemies":"2 Fungi Beasts","floor":14.0,"turns":2.0},{"damage":26.0,"enemies":"Hexaghost","floor":16.0,"turns":9.0},{"damage":19.0,"enemies":"3 Byrds","floor":18.0,"turns":3.0},{"damage":6.0,"enemies":"Spheric Guardian","floor":19.0,"turns":3.0},{"damage":14.0,"enemies":"Snecko","floor":20.0,"turns":4.0},{"damage":42.0,"enemies":"Cultist and Chosen","floor":24.0,"turns":5.0},{"damage":21.0,"enemies":"3 Cultists","floor":29.0,"turns":4.0},{"damage":4.0,"enemies":"Chosen and Byrds","floor":31.0,"turns":4.0},{"damage":54.0,"enemies":"Champ","floor":33.0,"turns":7.0},{"damage":11.0,"enemies":"Orb Walker","floor":35.0,"turns":2.0},{"damage":8.0,"enemies":"3 Shapes","floor":36.0,"turns":4.0},{"damage":18.0,"enemies":"Spire Growth","floor":39.0,"turns":4.0},{"damage":26.0,"enemies":"Nemesis","floor":40.0,"turns":7.0},{"damage":47,"enemies":"2 Orb Walkers","floor":42,"turns":3},{"damage":43,"enemies":"3 Darklings","floor":45,"turns":3},{"damage":39,"enemies":"Giant Head","floor":46,"turns":6},{"damage":25,"enemies":"Mind Bloom Boss Battle","floor":47,"turns":4},{"damage":1,"enemies":"Reptomancer","floor":48,"turns":3},{"damage":39,"enemies":"Time Eater","floor":50,"turns":3}],"seed_played":"6148509425253930865","potions_obtained":[{"floor":1.0,"key":"Weak Potion"},{"floor":4.0,"key":"Fire Potion"},{"floor":19.0,"key":"Fire Potion"},{"floor":29.0,"key":"Strength Potion"},{"floor":31.0,"key":"EntropicBrew"},{"floor":39.0,"key":"GamblersBrew"},{"floor":42,"key":"Regen Potion"},{"floor":47,"key":"SpeedPotion"},{"floor":48,"key":"DistilledChaos"}],"is_trial":false,"path_per_floor":["M","M","M","M","?","R","$","R","T","?","M","M","?","M","R","B",null,"M","M","M","$","?","R","M","?","T","$","R","M","$","M","R","B",null,"M","M","$","?","M","E","R","?","T","?","M","E","?","E","R","B",null],"character_chosen":"DEFECT","items_purchased":["Creative AI+1","Membership Card","Self Repair+1","Go for the Eyes","Undo","Self Repair+1","Heatsinks+1","Strange Spoon"],"campfire_rested":6,"item_purchase_floors":[7,21,21,21,27,30,37,37],"current_hp_per_floor":[70,64,61,55,22,46,46,46,46,46,42,49,29,20,44,25,68,56,57,43,43,43,67,37,31,31,31,55,49,49,65,82,80,82,82,82,82,82,82,82,82,57,62,62,55,51,71,82,82,82],"gold":131,"neow_bonus":"TEN_PERCENT_HP_BONUS","is_daily":false,"chose_seed":false,"campfire_upgraded":1,"win_rate":0.0,"timestamp":1612230759,"path_taken":["M","M","M","M","?","R","$","R","T","?","?","?","?","M","R","BOSS","M","M","M","$","?","R","M","?","T","$","R","M","?","M","R","BOSS","M","M","$","?","M","E","R","?","T","?","M","E","?","E","R","BOSS"],"items_purchased_type":["Card","Relic","Card","Card","Card","Card","Card","Relic"],"build_version":"2020-12-22","purchased_purges":0,"victory":true,"max_hp_per_floor":[82,82,82,82,82,82,82,82,82,82,82,82,82,82,82,82,82,82,82,82,82,82,82,82,82,82,82,82,82,82,82,82,82,82,82,82,82,82,82,82,82,82,82,82,82,82,82,82,82,82],"relic_stats":{"Strange Spoon":[10],"counters":[25,97],"Bloody Idol":46,"Dead Branch":[8],"Bird Faced Urn":[12],"Black Star":3,"Bag of Preparation":[6],"Ginger":[3],"obtain_stats":[{"Lantern":46,"Golden Idol":13,"Dead Branch":43,"The Courier":48,"Bag of Preparation":46,"Ginger":42,"Frozen Egg 2":5,"Mercury Hourglass":9,"Strange Spoon":37,"DataDisk":40,"Bloody Idol":22,"Bird Faced Urn":48,"Fusion Hammer":17,"Black Star":34,"Red Mask":44,"Membership Card":21,"Bottled Lightning":40,"Cracked Core":0,"Toy Ornithopter":26,"Unceasing Top":47},{"Lantern":22,"Golden Idol":6,"Dead Branch":20,"The Courier":24,"Bag of Preparation":22,"Ginger":20,"Frozen Egg 2":4,"Mercury Hourglass":4,"Strange Spoon":17,"DataDisk":19,"Bloody Idol":11,"Bird Faced Urn":24,"Fusion Hammer":8,"Black Star":15,"Red Mask":20,"Membership Card":11,"Bottled Lightning":19,"Cracked Core":0,"Toy Ornithopter":12,"Unceasing Top":23},{"Lantern":87,"Golden Idol":18,"Dead Branch":78,"The Courier":94,"Bag of Preparation":87,"Ginger":78,"Frozen Egg 2":12,"Mercury Hourglass":12,"Strange Spoon":64,"DataDisk":75,"Bloody Idol":39,"Bird Faced Urn":94,"Fusion Hammer":29,"Black Star":59,"Red Mask":78,"Membership Card":39,"Bottled Lightning":75,"Cracked Core":0,"Toy Ornithopter":44,"Unceasing Top":91}],"Toy Ornithopter":25,"Unceasing Top":[1],"Mercury Hourglass":[331]},"card_choices":[{"not_picked":["Darkness","Turbo"],"picked":"Streamline","floor":1.0},{"not_picked":["Consume","Gash"],"picked":"Conserve Battery","floor":2.0},{"not_picked":["Barrage","Hello World"],"picked":"Skim","floor":3.0},{"not_picked":["Fusion","Double Energy"],"picked":"Self Repair","floor":4.0},{"not_picked":["Stack","Hologram"],"picked":"Aggregate","floor":11.0},{"not_picked":["Cold Snap","Turbo"],"picked":"White Noise","floor":12.0},{"not_picked":["Compile Driver","Chaos"],"picked":"Beam Cell","floor":14.0},{"not_picked":["Rainbow","Meteor Strike"],"picked":"Machine Learning+1","floor":16.0},{"not_picked":["Leap","Static Discharge+1"],"picked":"Storm+1","floor":18.0},{"not_picked":["Barrage","Hologram"],"picked":"Ball Lightning","floor":19.0},{"not_picked":["Static Discharge+1","Turbo"],"picked":"Sunder+1","floor":20.0},{"not_picked":["Rebound","Sunder"],"picked":"Stack","floor":24.0},{"not_picked":["Reinforced Body+1","Stack"],"picked":"Self Repair+1","floor":29.0},{"not_picked":["Sweeping Beam","Compile Driver"],"picked":"Storm+1","floor":31.0},{"not_picked":["Reboot","Machine Learning+1"],"picked":"Electrodynamics+1","floor":33.0},{"not_picked":["Scrape","Sunder"],"picked":"Coolheaded","floor":35.0},{"not_picked":["Compile Driver","Scrape"],"picked":"Genetic Algorithm+1","floor":36.0},{"not_picked":["Streamline+1","Steam Power"],"picked":"Capacitor+1","floor":39.0},{"not_picked":["Turbo","Ball Lightning+1"],"picked":"Storm+1","floor":40},{"not_picked":["Redo","Sweeping Beam"],"picked":"Steam","floor":42},{"not_picked":["Redo","Scrape","Streamline"],"picked":"SKIP","floor":45},{"not_picked":["Stack+1","Rainbow"],"picked":"Fission","floor":46},{"not_picked":["Barrage+1","Conserve Battery+1"],"picked":"Storm+1","floor":47},{"not_picked":["Doom and Gloom+1","Sweeping Beam+1","Cold Snap"],"picked":"SKIP","floor":48}],"player_experience":528703,"relics_obtained":[{"floor":9.0,"key":"Mercury Hourglass"},{"floor":26.0,"key":"Toy Ornithopter"},{"floor":40,"key":"DataDisk"},{"floor":40,"key":"Bottled Lightning"},{"floor":42,"key":"Ginger"},{"floor":43,"key":"Dead Branch"},{"floor":46,"key":"Lantern"},{"floor":46,"key":"Bag of Preparation"},{"floor":47,"key":"Unceasing Top"},{"floor":48,"key":"The Courier"},{"floor":48,"key":"Bird Faced Urn"}],"event_choices":[{"damage_healed":0.0,"max_hp_gain":0.0,"max_hp_loss":0.0,"gold_gain":0.0,"event_name":"Scrap Ooze","player_choice":"Success","floor":5.0,"gold_loss":0.0,"damage_taken":33.0,"relics_obtained":["Frozen Egg 2"]},{"damage_healed":0.0,"max_hp_gain":0.0,"max_hp_loss":0.0,"gold_gain":0.0,"cards_transformed":["Strike_B"],"event_name":"Transmorgrifier","player_choice":"Transformed","floor":10.0,"gold_loss":0.0,"damage_taken":0.0,"cards_obtained":["Scrape"]},{"damage_healed":0.0,"max_hp_gain":0.0,"max_hp_loss":0.0,"gold_gain":0.0,"event_name":"Golden Idol","player_choice":"Take Damage","floor":13.0,"gold_loss":0.0,"damage_taken":20.0,"relics_obtained":["Golden Idol"]},{"damage_healed":0.0,"max_hp_gain":0.0,"max_hp_loss":0.0,"gold_gain":0.0,"event_name":"Forgotten Altar","player_choice":"Gave Idol","floor":22.0,"relics_lost":["Golden Idol"],"gold_loss":0.0,"damage_taken":0.0,"relics_obtained":["Bloody Idol"]},{"damage_healed":0.0,"max_hp_gain":0.0,"max_hp_loss":0.0,"gold_gain":0.0,"event_name":"Nest","player_choice":"Joined the Cult","floor":25.0,"gold_loss":0.0,"damage_taken":6.0,"cards_obtained":["RitualDagger"]},{"cards_removed":["Zap"],"damage_healed":0.0,"max_hp_gain":0.0,"max_hp_loss":0.0,"gold_gain":0.0,"event_name":"Falling","player_choice":"Removed Skill","floor":38.0,"gold_loss":0.0,"damage_taken":0.0},{"damage_healed":0,"gold_gain":0,"player_choice":"Fight","damage_taken":0,"max_hp_gain":0,"max_hp_loss":0,"event_name":"Mysterious Sphere","floor":42,"gold_loss":0},{"damage_healed":0,"gold_gain":0,"player_choice":"Paid","damage_taken":0,"relics_obtained":["Red Mask"],"max_hp_gain":0,"max_hp_loss":0,"event_name":"Tomb of Lord Red Mask","floor":44,"gold_loss":203},{"damage_healed":0,"gold_gain":0,"player_choice":"Fight","damage_taken":0,"max_hp_gain":0,"max_hp_loss":0,"event_name":"MindBloom","floor":47,"gold_loss":0}],"is_beta":false,"boss_relics":[{"not_picked":["SlaversCollar","FrozenCore"],"picked":"Fusion Hammer"},{"not_picked":["Tiny House","Nuclear Battery"],"picked":"Black Star"}],"items_purged_floors":[],"is_endless":false,"potions_floor_spawned":[1,4,11,12,19,29,31,35,39,42,47,48],"ascension_level":12}}