{"host":"2qpilcmj89x3pncz","time":1612301049,"event":{"mods":["100% Spire Juice","2.2 Compatiblity","Act Like it!","Aspiration","BaseMod","Beaked The Cultist","BetterRewards","CapriCore","Colored Map","Colored Powertips","Conjunction","Conspire","Dota2Spire","Evolution","Faster Ascension Climbing","Gensokyo","GifTheSpireLib","Grow up Mod","Halation","Hubris","Infinite Spire","Jedi Mod","Marisa????????","Mimic Mod","Minty Spire (QoL Compilation)","Pale of the Ancients","Poem Panic","Quarter Circle Forward PUNCH!","Quick Restart","Replay The Spire","Shop Mod","Small Relic Pack","Spicy Shops","Spikes Relics","StSLib","Strawberry Spire","Stuff the Spire","SuperFastMode","Synergy Search","The Animator","The Servant 0.9.4","Wandering Minibosses"],"gold_per_floor":[111,111,129,143,165,202,112,147,147,147,147,164,196,36,36,113,113,131,131,131,151,151,151,163,198,198,226,257,293,325,344,344,430,430,449,464,481,514,514,547,547,563,603,632,662,677,692,704,704,777,851,851,885,903,903,972,972,984,984,984,984,1085,1085,1099,1116,976,976,976,980,980,980,1026,1071,1082,1098,1098,1125,1125,1197,1197,1217,1217,1217,1275,1306,1328,1347,1372,1372,1372,1390,1418,1418,1435,1435,1532,1532,1545,1545,1556,1572,1591,1620,1631,1664,1734,1759,1774,1787,1802,1817,1817,1892,1966,1966,1977,1992,2005,2025,2044,2075,2075,2075,2125,2157,2175,2186,2201,2231,2231,2302,2302,2319,2319],"floor_reached":133,"language":"ENG","playtime":863,"items_purged":["Pain"],"score":9463,"play_id":"51e442d7-7572-460a-ae17-ddf3dad9d265","local_time":"20210202212409","is_ascension_mode":true,"campfire_choices":[{"floor":11,"key":"REST"},{"floor":23,"key":"RECALL"},{"floor":41,"key":"DIG"},{"data":"1","floor":49,"key":"LIFT"},{"data":"2","floor":57,"key":"LIFT"},{"data":"3","floor":59,"key":"LIFT"},{"floor":76,"key":"REST"},{"data":"animator:Ainz","floor":78,"key":"SMITH"},{"data":"animator:YachiyoNanami","floor":78,"key":"SMITH"},{"floor":95,"key":"DIG"},{"floor":122,"key":"DIG"},{"data":"animator:YachiyoNanami","floor":130,"key":"SMITH"},{"data":"animator:Millim+6","floor":130,"key":"SMITH"}],"circlet_count":0,"master_deck":["AscendersBane","animator:PandorasActor","animator:PandorasActor","animator:PandorasActor","animator:PandorasActor","animator:IrohaTamaki","animator:YuiTsuruno","animator:SuzuneAmano","animator:Cirno+1","animator:YachiyoNanami+1","animator:HomuraAkemi","animator:MamiTomoe+1","animator:YachiyoNanami+1","animator:NagisaMomoe","animator:Millim+7","animator:Magilou","animator:Ainz+1","BlessedFruit","BlessedFruit","animator:Elsword","animator:Albedo","animator:Shiro","animator:SayakaMiki","animator:Benimaru","animator:NagisaMomoe","animator:GazelDwargon","animator:SuzuneAmano","animator:NarberalGamma","animator:Kyubey","animator:MamiTomoe","animator:Boros","animator:YachiyoNanami","animator:YuiTsuruno+1","animator:YachiyoNanami","animator:YachiyoNanami","animator:OrikoMikuni+1","animator:Rimuru","animator:HomuraAkemi","animator:Shuna","animator:Ain","animator:IrohaTamaki","infinitespire:FutureSight","animator:MadokaKaname","animator:Kaijin","animator:KyokoSakura","animator:Saitama+1","infinitespire:Execution","animator:Priestess","animator:Witch","animator:GuildGirl","animator:Boros","animator:LizardPriest","infinitespire:Oblivion","animator:Rimuru","Gensokyo:ShootingStar+1","animator:GoblinSlayer","CurseOfTheBell","animator:CowGirl+1","jedi:BattleThirst","animator:GoblinSlayer","animator:Eve","animator:GazelDwargon+1","animator:Laby","animator:Eve","animator:Kaijin","animator:Kaijin","beaked:AwakenedForm+1","animator:NarberalGamma","animator:SuzuneAmano","animator:Saber","animator:SakuraMatou","animator:SwordMaiden","animator:Shizu","animator:Albedo","animator:Boros","relicPack:StarPlatinum"],"relics":["animator:LivingPicture","animator:TheMissingPiece","EVO:Axolotl","qcfpunch:Wrestler\u0027s_Cloak","DataDisk","hubris:PeanutButter","relicPack:SpireResearchBook","Replay:Arrowhead","animator:HeavyHalberd","Snack Pack","RetroEgg","Replay:PocketPolymizer","Dota2Spire:HeartOfTarrasque","Replay:Multitool","HeavenlyBonsai","aspiration:ArtOfWarUpgrade","Durian","StuffTheSpire:NeowsTribute","StuffTheSpire:Experiment12","infinitespire:Golems Mask","animator:ShionDessert","Gensokyo:BookOfSpecters","beaked:SacredDeck","relicPack:DSword","aspiration:SeaSaltIceCream","wanderingMiniBosses:Inkheart","Dota2Spire:PowerTreads","Dota2Spire:OctarineCore","Gambling Chip","qcfpunch:Dark_Gi","Lantern","The Courier","aspiration:EmptySkull","Torii","Girya","Calipers","Dota2Spire:RefresherOrb","paleoftheancients:Timepiece","paleoftheancients:KeyRelic","Gremlin Horn","CultistMask","paleoftheancients:SoulOfTheWatcher","Replay:Accelerometer","animator:CursedBlade","StuffTheSpire:Wildfire","hubris:MedicalManual","jedi:heavyjacket","Bag of Marbles","Sundial","conspire:RoyalGoblet","Gensokyo:RedStar","relicPack:AllForOne","hubris:TenFootPole","Replay:Towering Pillar of Hats","ReplayTheSpireMod:TigerMarble","halation:BottledLove","strawberrySpire:Treaders","qcfpunch:Red_Beret","Calling Bell","Dota2Spire:DrumOfEndurance","hubris:DisguiseKit","aspiration:HatOfInfinitePower","Lizard Tail","Blood Vial","Toy Ornithopter","beaked:ShinyBauble","MiniBlackHole","Honey Jar","Dota2Spire:BladeMail","qcfpunch:Army_Boots","StuffTheSpire:OldFever","infinitespire:Eraser","qcfpunch:Red_Headband","relicPack:StarArrow"],"acts_visited":["Gensokyo:Gensokyo","Gensokyo:Gensokyoer","Gensokyo:Gensokyoest","paleoftheancients:PaleOfTheAncients","Gensokyo:Gensokyo","Gensokyo:Gensokyoer","Gensokyo:Gensokyoest","Exordium","Gensokyo:Gensokyoer"],"potions_floor_usage":[4,27,84,86,96],"damage_taken":[{"damage":0,"enemies":"Gensokyo:Python","floor":1,"turns":3},{"damage":0,"enemies":"Gensokyo:2_Kodama","floor":3,"turns":1},{"damage":0,"enemies":"Gensokyo:3_Fairies","floor":4,"turns":3},{"damage":0,"enemies":"Gensokyo:3_Kodama","floor":5,"turns":1},{"damage":0,"enemies":"Gensokyo:Aya","floor":6,"turns":1},{"damage":0,"enemies":"Gensokyo:Cirno","floor":8,"turns":5},{"damage":0,"enemies":"Gensokyo:LivingMonolith","floor":12,"turns":1},{"damage":0,"enemies":"Gensokyo:Mamizou","floor":13,"turns":1},{"damage":0,"enemies":"Gensokyo:Reimu","floor":16,"turns":1},{"damage":0,"enemies":"Gensokyo:CosmicMonolith","floor":18,"turns":1},{"damage":0,"enemies":"Gensokyo:Chomper","floor":21,"turns":1},{"damage":0,"enemies":"Gensokyo:Mirror_and_Dog","floor":24,"turns":1},{"damage":0,"enemies":"Nightmare","floor":25,"turns":1},{"damage":0,"enemies":"Gensokyo:Reisen","floor":27,"turns":1},{"damage":0,"enemies":"Gensokyo:Wraith","floor":28,"turns":1},{"damage":0,"enemies":"Gensokyo:Chomper_and_Gloop","floor":29,"turns":1},{"damage":0,"enemies":"Gensokyo:Koishi","floor":30,"turns":1},{"damage":0,"enemies":"Gensokyo:Chomper_and_Gloop","floor":31,"turns":1},{"damage":0,"enemies":"Gensokyo:Eternal_Rivals","floor":33,"turns":1},{"damage":0,"enemies":"Gensokyo:3_Boulders","floor":35,"turns":1},{"damage":0,"enemies":"Gensokyo:3_Bats","floor":36,"turns":1},{"damage":0,"enemies":"Gensokyo:3_Boulders","floor":37,"turns":1},{"damage":0,"enemies":"conspire:MimicChest","floor":38,"turns":1},{"damage":0,"enemies":"Gensokyo:Doremy","floor":40,"turns":1},{"damage":0,"enemies":"Gensokyo:Sharpion","floor":42,"turns":1},{"damage":0,"enemies":"Gensokyo:4_Bats","floor":43,"turns":1},{"damage":0,"enemies":"Nightmare","floor":44,"turns":1},{"damage":0,"enemies":"Gensokyo:4_Bats","floor":45,"turns":1},{"damage":0,"enemies":"Gensokyo:4_Bats","floor":46,"turns":1},{"damage":0,"enemies":"Gensokyo:3_Boulders","floor":47,"turns":1},{"damage":0,"enemies":"Gensokyo:SeedOfUnknown","floor":48,"turns":1},{"damage":0,"enemies":"Gensokyo:Yuyuko","floor":50,"turns":1},{"damage":0,"enemies":"Gensokyo:Scarlet_Devils","floor":51,"turns":1},{"damage":0,"enemies":"Gensokyo:Scarlet_Devils","floor":53,"turns":2},{"damage":0,"enemies":"Gensokyo:Scarlet_Devils","floor":54,"turns":1},{"damage":0,"enemies":"Gensokyo:Scarlet_Devils","floor":58,"turns":1},{"damage":0,"enemies":"paleoftheancients:N","floor":62,"turns":2},{"damage":0,"enemies":"Gensokyo:2_Kodama","floor":64,"turns":1},{"damage":0,"enemies":"Gensokyo:3_Fairies","floor":65,"turns":2},{"damage":0,"enemies":"Gensokyo:Cirno","floor":69,"turns":5},{"damage":0,"enemies":"Gensokyo:Mamizou","floor":73,"turns":1},{"damage":0,"enemies":"Gensokyo:Python","floor":74,"turns":1},{"damage":0,"enemies":"Gensokyo:Kitsune","floor":75,"turns":1},{"damage":0,"enemies":"Gensokyo:2_Rabbits","floor":77,"turns":1},{"damage":0,"enemies":"Gensokyo:Kokoro","floor":79,"turns":1},{"damage":0,"enemies":"Gensokyo:2_Gloops","floor":81,"turns":1},{"damage":0,"enemies":"Gensokyo:Koishi","floor":85,"turns":1},{"damage":0,"enemies":"Nightmare_Alpha","floor":86,"turns":3},{"damage":0,"enemies":"Gensokyo:AngelMirror","floor":87,"turns":1},{"damage":0,"enemies":"Gensokyo:Tenshi","floor":88,"turns":1},{"damage":0,"enemies":"Gensokyo:Swordslinger","floor":91,"turns":1},{"damage":0,"enemies":"Gensokyo:Reisen","floor":92,"turns":1},{"damage":0,"enemies":"Gensokyo:3_Gloops","floor":94,"turns":1},{"damage":0,"enemies":"Gensokyo:Kaguya","floor":96,"turns":1},{"damage":0,"enemies":"Gensokyo:3_Bats","floor":98,"turns":1},{"damage":0,"enemies":"Gensokyo:3_Boulders","floor":100,"turns":1},{"damage":0,"enemies":"Gensokyo:SeedOfUnknown","floor":101,"turns":1},{"damage":0,"enemies":"Gensokyo:Rafflesia","floor":102,"turns":1},{"damage":0,"enemies":"Gensokyo:Marisa","floor":103,"turns":1},{"damage":0,"enemies":"Gensokyo:3_Boulders","floor":104,"turns":1},{"damage":0,"enemies":"Gensokyo:Kasen","floor":105,"turns":1},{"damage":0,"enemies":"Gensokyo:Doremy","floor":107,"turns":1},{"damage":0,"enemies":"Gensokyo:SeedOfUnknown","floor":108,"turns":1},{"damage":0,"enemies":"Gensokyo:Dusk_and_Dawn","floor":109,"turns":1},{"damage":0,"enemies":"Gensokyo:AtlasGolem","floor":110,"turns":1},{"damage":0,"enemies":"Gensokyo:Rafflesia","floor":111,"turns":1},{"damage":0,"enemies":"infinitespire:LordOfFortification","floor":113,"turns":1},{"damage":0,"enemies":"Gensokyo:Scarlet_Devils","floor":114,"turns":1},{"damage":0,"enemies":"Cultist","floor":116,"turns":1},{"damage":0,"enemies":"Jaw Worm","floor":117,"turns":1},{"damage":0,"enemies":"2 Louse","floor":118,"turns":1},{"damage":0,"enemies":"Looter","floor":119,"turns":1},{"damage":0,"enemies":"Exordium Thugs","floor":120,"turns":1},{"damage":0,"enemies":"Lagavulin","floor":121,"turns":1},{"damage":0,"enemies":"3 Sentries","floor":125,"turns":1},{"damage":0,"enemies":"Large Slime","floor":126,"turns":1},{"damage":0,"enemies":"Red Slaver","floor":127,"turns":1},{"damage":0,"enemies":"Blue Slaver","floor":128,"turns":1},{"damage":0,"enemies":"Lagavulin","floor":129,"turns":1},{"damage":0,"enemies":"Fading Forest","floor":131,"turns":1},{"damage":0,"enemies":"Gensokyo:3_Dogs","floor":133,"turns":1}],"seed_played":"3893183805297728027","potions_obtained":[{"floor":3,"key":"Explosive Potion"},{"floor":8,"key":"Strength Potion"},{"floor":18,"key":"Dexterity Potion"},{"floor":27,"key":"Fruit Juice"},{"floor":36,"key":"animator:FalseLifePotion"},{"floor":47,"key":"Explosive Potion"},{"floor":84,"key":"qcfpunch:Challenger_Coin"},{"floor":94,"key":"EssenceOfSteel"},{"floor":101,"key":"LiquidMemories"},{"floor":116,"key":"FearPotion"},{"floor":117,"key":"Weak Potion"},{"floor":120,"key":"Block Potion"},{"floor":125,"key":"Strength Potion"},{"floor":127,"key":"PowerPotion"},{"floor":129,"key":"Weak Potion"}],"is_trial":false,"path_per_floor":["M","?","M","M","M","E","$","E","T","$","R","M","E","?","R","B",null,"M","?","AVR","M","COS","R","M","NM","T","E","M","MIM","E","M","R","B",null,"M","M","M","?","?","E","R","M","MIM","NM","MIM","M","M","M","R","B","B",null,"M","M","?","T","R","M","R","$","?","B",null,"M","M","?","?","AVR","E","R","?","T","E","M","M","R","M","R","B",null,"M","?","?","?","E","NM","M","E","T","$","M","E","?","M","R","B",null,"M","?","M","M","M","E","M","E","T","E","M","M","M","M","R","B","B",null,"M","M","M","M","M","E","R","?","T","E","M","M","M","E","R","B",null,"M"],"character_chosen":"THE_ANIMATOR","items_purchased":["qcfpunch:Wrestler\u0027s_Cloak","DataDisk","hubris:PeanutButter","animator:SuzuneAmano","animator:Cirno","animator:YachiyoNanami","animator:HomuraAkemi","relicPack:SpireResearchBook","animator:MamiTomoe","Replay:Arrowhead","animator:HeavyHalberd","animator:Magilou","Replay:PocketPolymizer","Dota2Spire:HeartOfTarrasque","Replay:Multitool","HeavenlyBonsai","Art of War","Durian","StuffTheSpire:NeowsTribute","StuffTheSpire:Experiment12","infinitespire:Golems Mask"],"campfire_rested":2,"item_purchase_floors":[0,0,0,0,0,0,0,0,0,0,0,7,10,10,10,10,10,10,10,10,10],"current_hp_per_floor":[74,88,98,108,118,128,138,148,158,21,85,95,105,115,191,201,243,253,228,238,249,259,269,279,290,300,315,325,335,345,355,365,375,283,293,303,313,323,333,343,353,363,373,383,393,403,413,424,434,445,455,465,475,485,495,505,515,525,535,545,555,565,575,587,597,607,619,629,639,649,495,505,517,529,542,710,720,730,740,750,760,770,780,791,801,811,821,831,841,851,861,871,881,891,901,911,921,933,943,953,963,973,983,993,1003,1013,1023,1033,1043,1053,1063,1073,1083,1093,1103,1113,1123,1133,1143,1153,1163,1173,1193,1203,1213,1223,1233,1243,1253,1263,1273,1283,1283,1283],"gold":2319,"neow_bonus":"","is_daily":false,"chose_seed":false,"campfire_upgraded":4,"win_rate":0.0,"timestamp":1612301049,"path_taken":["M","?","?","M","M","E","$","E","T","?","R","M","E","?","R","BOSS","M","?","AVR","M","COS","R","M","NM","T","E","M","?","E","?","R","BOSS","M","M","M","?","?","E","R","?","MIM","NM","?","?","M","M","R","BOSS","BOSS","M","M","?","T","R","M","R","$","?","BOSS","M","M","?","?","AVR","E","R","?","T","E","M","M","R","M","R","BOSS","M","?","?","?","E","NM","?","E","T","?","?","E","?","M","R","BOSS","M","?","M","?","M","E","M","E","T","E","M","M","M","M","R","BOSS","BOSS","M","M","M","M","M","E","R","?","T","E","M","M","?","E","R","BOSS","M"],"items_purchased_type":["Relic","Relic","Relic","Card","Card","Card","Card","Relic","Card","Relic","Relic","Card","Relic","Relic","Relic","Relic","Relic","Relic","Relic","Relic","Relic"],"build_version":"2020-12-22","purchased_purges":1,"victory":false,"max_hp_per_floor":[80,90,100,110,120,130,140,150,160,183,193,203,213,223,233,243,253,263,273,283,294,304,314,324,335,345,360,370,380,390,400,410,420,283,293,303,313,323,333,343,353,363,373,383,393,403,413,424,434,445,455,465,475,485,495,505,515,525,535,545,555,565,575,587,597,607,619,629,639,649,659,669,679,689,700,710,720,730,740,750,760,770,780,791,801,811,821,831,841,851,861,871,881,891,901,911,921,933,943,953,963,973,983,993,1003,1013,1023,1033,1043,1053,1063,1073,1083,1093,1103,1113,1123,1133,1143,1153,1163,1173,1193,1203,1213,1223,1233,1243,1253,1263,1273,1283,1283,1283],"card_choices":[{"not_picked":["animator:Raven","animator:Entoma","animator:ShinjiMatou"],"picked":"SKIP","floor":1},{"not_picked":["animator:Lu","animator:MetalKnight","animator:GuildGirl"],"picked":"SKIP","floor":3},{"not_picked":["animator:SilverFang","animator:Spearman"],"picked":"animator:YachiyoNanami","floor":4},{"not_picked":["animator:SuzuneAmano","animator:OrikoMikuni"],"picked":"animator:NagisaMomoe","floor":5},{"not_picked":["animator:ShinjiMatou","animator:RinTohsaka"],"picked":"animator:Millim","floor":6},{"not_picked":["animator:Melzalgald","animator:EmiyaShirou"],"picked":"animator:Ainz","floor":8},{"not_picked":["animator:Aisha","animator:EmiyaShirou","animator:Souei"],"picked":"SKIP","floor":12},{"not_picked":["animator:Shion","animator:Vesta"],"picked":"animator:Millim","floor":13},{"not_picked":["animator:Ainz","animator:Saber"],"picked":"animator:Albedo","floor":16},{"not_picked":["animator:Shuna","animator:Evileye+1"],"picked":"animator:Millim","floor":18},{"not_picked":["animator:Priestess+1","animator:Melzalgald+1"],"picked":"animator:SayakaMiki","floor":21},{"not_picked":["animator:Entoma","animator:Melzalgald","animator:Lancer"],"picked":"SKIP","floor":24},{"not_picked":["animator:Entoma","animator:Melzalgald","animator:Lancer"],"picked":"SKIP","floor":24},{"not_picked":["animator:Shion","animator:Hakurou"],"picked":"animator:Benimaru","floor":25},{"not_picked":["animator:Archer","animator:SilverFang"],"picked":"animator:NagisaMomoe","floor":27},{"not_picked":["animator:Ciel","animator:Tatsumaki"],"picked":"animator:GazelDwargon","floor":28},{"not_picked":["animator:Ciel","animator:Priestess"],"picked":"animator:Millim","floor":29},{"not_picked":["animator:IrohaTamaki","animator:NagisaMomoe"],"picked":"animator:SuzuneAmano","floor":30},{"not_picked":["animator:Melzalgald+1","animator:MetalKnight","animator:Ain"],"picked":"SKIP","floor":31},{"not_picked":["animator:Boros","animator:Rimuru"],"picked":"animator:Kyubey","floor":33},{"not_picked":["animator:Cocytus","animator:ShinjiMatou","animator:PandorasActor+1"],"picked":"SKIP","floor":35},{"not_picked":["animator:Demiurge","animator:Ciel"],"picked":"animator:Millim","floor":36},{"not_picked":["animator:KyokoSakura","animator:OrikoMikuni"],"picked":"animator:MamiTomoe","floor":37},{"not_picked":["animator:DwarfShaman+1","animator:SilverFang","animator:Gilgamesh"],"picked":"SKIP","floor":40},{"not_picked":["animator:Geryuganshoop","animator:DwarfShaman"],"picked":"animator:YachiyoNanami","floor":42},{"not_picked":["animator:PandorasActor","animator:Entoma+1"],"picked":"animator:YuiTsuruno","floor":43},{"not_picked":["animator:YuiTsuruno","animator:NagisaMomoe"],"picked":"animator:YachiyoNanami","floor":44},{"not_picked":["animator:Genos","animator:Assassin"],"picked":"animator:YachiyoNanami","floor":45},{"not_picked":["animator:NagisaMomoe","animator:Berserker","animator:Elsword+1"],"picked":"SKIP","floor":46},{"not_picked":["animator:Genos+1","animator:Geryuganshoop","animator:Aisha"],"picked":"SKIP","floor":47},{"not_picked":["animator:MamiTomoe","animator:YachiyoNanami"],"picked":"animator:OrikoMikuni","floor":48},{"not_picked":["animator:Ainz","animator:Eve"],"picked":"animator:Rimuru","floor":50},{"not_picked":["animator:Rimuru","animator:Shizu"],"picked":"animator:HomuraAkemi","floor":51},{"not_picked":["animator:Genos","animator:MumenRider"],"picked":"animator:Shuna","floor":53},{"not_picked":["animator:Entoma+1","animator:YachiyoNanami+1"],"picked":"animator:Ain","floor":54},{"not_picked":["animator:Laby","animator:Shuna","animator:Priestess+1"],"picked":"SKIP","floor":58},{"not_picked":["hubris:InfiniteBlow","hubris:Rewind"],"picked":"infinitespire:FutureSight","floor":59},{"not_picked":["animator:HomuraAkemi","animator:SwordMaiden"],"picked":"animator:MadokaKaname","floor":62},{"not_picked":["animator:Shion","animator:Shuna"],"picked":"animator:Kaijin","floor":64},{"not_picked":["animator:Hakurou","animator:Priestess","animator:Ciel"],"picked":"SKIP","floor":65},{"not_picked":["animator:SakuraMatou","animator:Rider"],"picked":"animator:Millim","floor":67},{"not_picked":["animator:DwarfShaman","animator:OrikoMikuni"],"picked":"animator:KyokoSakura","floor":67},{"not_picked":["animator:Elsword","animator:Millim"],"picked":"animator:Saitama","floor":69},{"not_picked":["ReplayTheSpireMod:Black Plague","hubris:Rewind"],"picked":"infinitespire:Execution","floor":71},{"not_picked":["animator:Genos","animator:Benimaru"],"picked":"animator:Priestess","floor":73},{"not_picked":["animator:Benimaru","animator:ShinjiMatou"],"picked":"animator:Witch","floor":75},{"not_picked":["animator:Hakurou","animator:SilverFang"],"picked":"animator:GuildGirl","floor":77},{"not_picked":["animator:Eve","animator:MadokaKaname"],"picked":"animator:Boros","floor":79},{"not_picked":["animator:Caster","animator:Genos+1","animator:Assassin"],"picked":"SKIP","floor":81},{"not_picked":["animator:Ara","animator:Geryuganshoop"],"picked":"animator:LizardPriest","floor":84},{"not_picked":["infinitespire:FutureSight","infinitespire:SevenWalls"],"picked":"infinitespire:Oblivion","floor":86},{"not_picked":["animator:Shalltear","animator:MumenRider"],"picked":"animator:Rimuru","floor":86},{"not_picked":["animator:Shuna","animator:Evileye","animator:Lu"],"picked":"SKIP","floor":87},{"not_picked":["animator:Ciel","animator:GuildGirl","animator:Demiurge"],"picked":"SKIP","floor":88},{"not_picked":["animator:Cocytus","animator:Sonic","animator:Saitama"],"picked":"SKIP","floor":92},{"not_picked":["animator:Souei","animator:Sonic+1","animator:Vesta"],"picked":"SKIP","floor":94},{"not_picked":[],"picked":"Gensokyo:ShootingStar","floor":96},{"not_picked":["animator:Gilgamesh","animator:HomuraAkemi"],"picked":"animator:GoblinSlayer","floor":96},{"not_picked":["animator:Rena","animator:KyokoSakura","beaked:BounceBack"],"picked":"animator:CowGirl","floor":98},{"not_picked":["animator:Raven","animator:Tatsumaki+1","beaked:CursingBlood"],"picked":"animator:GoblinSlayer","floor":101},{"not_picked":["animator:Chung","animator:Elsword","animator:YuiTsuruno","beaked:Daydream"],"picked":"SKIP","floor":102},{"not_picked":["animator:Melzalgald","animator:Benimaru","animator:Witch","beaked:TuckingFeathers"],"picked":"SKIP","floor":103},{"not_picked":["animator:RinTohsaka","animator:Tatsumaki","beaked:Tradeoff"],"picked":"animator:Eve","floor":105},{"not_picked":["animator:OrikoMikuni","animator:Genos","beaked:DesperateSwing"],"picked":"animator:GazelDwargon+1","floor":107},{"not_picked":["animator:IrohaTamaki","animator:Melzalgald+1","beaked:Roost"],"picked":"animator:Laby","floor":108},{"not_picked":["animator:CowGirl","animator:Vesta","animator:Melzalgald","beaked:Evade"],"picked":"SKIP","floor":110},{"not_picked":["animator:YachiyoNanami+1","animator:YuiTsuruno","animator:Witch","beaked:CursingBlood"],"picked":"SKIP","floor":111},{"not_picked":["animator:Kyubey","animator:Boros","beaked:ScreechingChant"],"picked":"animator:Albedo","floor":113},{"not_picked":["animator:Saitama","animator:Albedo","beaked:WildInstinct"],"picked":"animator:Eve","floor":114},{"not_picked":["animator:Priestess","animator:Millim","animator:SilverFang","beaked:Cower"],"picked":"animator:Kaijin","floor":116},{"not_picked":["animator:Shion","animator:Hakurou","animator:Vesta"],"picked":"animator:Kaijin","floor":117},{"not_picked":["animator:SayakaMiki","animator:MumenRider","animator:YachiyoNanami","animator:EmiyaShirou"],"picked":"beaked:AwakenedForm","floor":118},{"not_picked":["animator:Elsword","animator:Benimaru","animator:LizardPriest","beaked:Brace"],"picked":"animator:NarberalGamma","floor":119},{"not_picked":["animator:Saitama","animator:NarberalGamma","animator:Demiurge","beaked:WarriorEssence"],"picked":"animator:SuzuneAmano","floor":120},{"not_picked":["animator:GazelDwargon","animator:Hakurou","animator:Shion"],"picked":"animator:Millim","floor":121},{"not_picked":["animator:YachiyoNanami","animator:ShinjiMatou","animator:Raven","beaked:Resilience"],"picked":"animator:Saber","floor":125},{"not_picked":["animator:PandorasActor","animator:Laby","animator:Alexander","beaked:Redirect"],"picked":"animator:SakuraMatou","floor":126},{"not_picked":["animator:NagisaMomoe","animator:OrikoMikuni","animator:Berserker","beaked:Resilience"],"picked":"animator:SwordMaiden","floor":127},{"not_picked":["animator:Hakurou","animator:GazelDwargon","animator:Vesta"],"picked":"animator:Shizu","floor":128},{"not_picked":["animator:Assassin","animator:MumenRider","animator:Sebas","ReplayTheSpireMod:Wings of Steel"],"picked":"animator:Albedo","floor":129},{"not_picked":["animator:Gilgamesh","animator:Saber","animator:MadokaKaname","beaked:FullHouse"],"picked":"animator:Boros","floor":131}],"player_experience":375861,"relics_obtained":[{"floor":6,"key":"Snack Pack"},{"floor":8,"key":"RetroEgg"},{"floor":13,"key":"animator:ShionDessert"},{"floor":25,"key":"Dota2Spire:PowerTreads"},{"floor":26,"key":"Dota2Spire:OctarineCore"},{"floor":29,"key":"Gambling Chip"},{"floor":38,"key":"Lantern"},{"floor":40,"key":"The Courier"},{"floor":41,"key":"aspiration:EmptySkull"},{"floor":43,"key":"Torii"},{"floor":44,"key":"Girya"},{"floor":45,"key":"Calipers"},{"floor":54,"key":"paleoftheancients:SoulOfTheWatcher"},{"floor":56,"key":"Replay:Accelerometer"},{"floor":58,"key":"paleoftheancients:SoulOfTheDefect"},{"floor":69,"key":"jedi:heavyjacket"},{"floor":72,"key":"Bag of Marbles"},{"floor":73,"key":"Sundial"},{"floor":84,"key":"hubris:TenFootPole"},{"floor":85,"key":"Replay:Towering Pillar of Hats"},{"floor":88,"key":"ReplayTheSpireMod:TigerMarble"},{"floor":89,"key":"halation:BottledLove"},{"floor":92,"key":"strawberrySpire:Treaders"},{"floor":95,"key":"qcfpunch:Red_Beret"},{"floor":97,"key":"Dota2Spire:DrumOfEndurance"},{"floor":97,"key":"hubris:DisguiseKit"},{"floor":97,"key":"aspiration:HatOfInfinitePower"},{"floor":103,"key":"Blood Vial"},{"floor":105,"key":"Toy Ornithopter"},{"floor":106,"key":"beaked:ShinyBauble"},{"floor":107,"key":"MiniBlackHole"},{"floor":121,"key":"Dota2Spire:BladeMail"},{"floor":122,"key":"qcfpunch:Army_Boots"},{"floor":124,"key":"StuffTheSpire:OldFever"},{"floor":125,"key":"infinitespire:Eraser"},{"floor":129,"key":"qcfpunch:Red_Headband"}],"event_choices":[{"cards_removed":["animator:Albedo"],"damage_healed":0,"gold_gain":0,"player_choice":"Offered Rare","damage_taken":0,"max_hp_gain":10,"max_hp_loss":0,"event_name":"Bonfire Elementals","floor":123,"gold_loss":0}],"is_beta":false,"boss_relics":[{"not_picked":["conspire:RunicOctahedron","Replay:Grab Bag"],"picked":"beaked:SacredDeck"},{"not_picked":["strawberrySpire:JuiceKeg","CosmicIsotope"],"picked":"qcfpunch:Dark_Gi"},{"not_picked":["beaked:MawFillet","halation:SmartPhone"],"picked":"Dota2Spire:RefresherOrb"},{"not_picked":["Sandwich","Painkiller Herb"],"picked":"animator:CursedBlade"},{"not_picked":["Busted Crown","Runic Dome"],"picked":"conspire:RoyalGoblet"},{"not_picked":["halation:CatFaceCupcake","aspiration:PoetsPen"],"picked":"Calling Bell"},{"not_picked":["jedi:paperlyon","Tiny House"],"picked":"Honey Jar"},{"not_picked":["Fusion Hammer","Painkiller Herb"],"picked":"relicPack:StarArrow"}],"items_purged_floors":[0],"is_endless":true,"potions_floor_spawned":[1,3,5,8,18,21,25,27,31,36,38,42,47,48,54,62,65,69,75,79,86,88,91,94,100,101,103,104,107,110,113,116,117,120,125,127,129,133],"killed_by":"Gensokyo:3_Dogs","ascension_level":20}}