{"host":"zsnmfqgcm92hlreo","time":1612231909,"event":{"mods":["AchievementEnabler","Act Like it!","BaseMod","Bestiary","Block Reminder","Colored Map","Colored Powertips","Gensokyo","Hermit","Jorbs\u0027s Wanderer Trilogy","Minty Spire (QoL Compilation)","Permanent Neow","Quick Restart","Relic Stats","StSLib","The Jungle","Weighted Paths"],"gold_per_floor":[111,111,121,196,209,236,236,236,259,259,294,294,165,165,165,264,264,281,62,79,99,99,99,125,47,72,72,91,104,134,157,157,164,164],"floor_reached":33,"language":"ENG","playtime":1939,"items_purged":["hermit:Defend_Hermit"],"score":275,"play_id":"bdd73c2b-f52b-4cd4-bb11-0b667293584b","local_time":"20210201201149","is_ascension_mode":false,"campfire_choices":[{"floor":7.0,"key":"REST"},{"data":"hermit:BlackWind","floor":10.0,"key":"SMITH"},{"data":"hermit:Dissolve","floor":15.0,"key":"SMITH"},{"data":"hermit:Magnum","floor":23.0,"key":"SMITH"},{"floor":32.0,"key":"REST"}],"circlet_count":0,"master_deck":["hermit:Strike_Hermit","hermit:Strike_Hermit","hermit:Strike_Hermit","hermit:Strike_Hermit","hermit:Defend_Hermit","hermit:Defend_Hermit","hermit:Snapshot","hermit:Covet","Gensokyo:AllTheWorldsEvil","hermit:Magnum+1","hermit:TakeCover","hermit:BlackWind+1","hermit:Snipe","hermit:Enervate","hermit:Dissolve+1","hermit:BodyArmor","hermit:Roulette","hermit:Quickdraw","hermit:EyeOfTheStorm","hermit:Reprieve","hermit:Scavenge+1","hermit:Maintenance","hermit:SprayPray","hermit:CalledShot","hermit:Scavenge","Shame","hermit:Maintenance+1","hermit:Coalescence","hermit:Glare+1"],"relics":["hermit:ClaspedLocket","Juzu Bracelet","Ancient Tea Set","Regal Pillow","Ice Cream","Vajra","Blood Vial","Pocketwatch","Centennial Puzzle"],"acts_visited":["Exordium","TheCity"],"potions_floor_usage":[33],"damage_taken":[{"damage":1.0,"enemies":"Jaw Worm","floor":1.0,"turns":3.0},{"damage":0.0,"enemies":"Small Slimes","floor":3.0,"turns":3.0},{"damage":1.0,"enemies":"Cultist","floor":5.0,"turns":4.0},{"damage":38.0,"enemies":"Lagavulin","floor":6.0,"turns":11.0},{"damage":30.0,"enemies":"3 Sentries","floor":11.0,"turns":9.0},{"damage":61.0,"enemies":"Hexaghost","floor":16.0,"turns":12.0},{"damage":21.0,"enemies":"Shell Parasite","floor":18.0,"turns":6.0},{"damage":9.0,"enemies":"3 Byrds","floor":20.0,"turns":7.0},{"damage":4.0,"enemies":"Snake Plant","floor":21.0,"turns":4.0},{"damage":7.0,"enemies":"Centurion and Healer","floor":24.0,"turns":3.0},{"damage":7.0,"enemies":"Chosen and Byrds","floor":28.0,"turns":4.0},{"damage":0.0,"enemies":"Snake Plant","floor":29.0,"turns":2.0},{"damage":12.0,"enemies":"Gremlin Leader","floor":30.0,"turns":4.0},{"damage":4.0,"enemies":"Centurion and Healer","floor":31.0,"turns":6.0},{"damage":78,"enemies":"Collector","floor":33,"turns":6}],"seed_played":"3075968504693947034","potions_obtained":[{"floor":1.0,"key":"Dexterity Potion"},{"floor":6.0,"key":"hermit:BlackBile"},{"floor":11.0,"key":"Fire Potion"},{"floor":20.0,"key":"ColorlessPotion"},{"floor":30.0,"key":"FearPotion"},{"floor":31.0,"key":"Block Potion"}],"is_trial":false,"path_per_floor":["M","?","M","?","M","E","R","?","T","R","E","?","$","?","R","B",null,"M","$","M","M","?","R","M","$","T","?","M","M","E","M","R","B"],"character_chosen":"HERMIT","items_purchased":["hermit:Quickdraw","Vajra","hermit:Maintenance","hermit:Scavenge"],"campfire_rested":2,"item_purchase_floors":[13,19,19,25],"current_hp_per_floor":[74,71,71,60,59,21,43,43,43,43,13,75,75,75,75,14,75,54,54,45,41,41,41,34,34,34,34,37,39,33,31,68,0,0],"gold":164,"neow_bonus":"THREE_RARE_CARDS","is_daily":false,"chose_seed":false,"campfire_upgraded":3,"win_rate":0.0,"timestamp":1612231909,"path_taken":["M","?","M","?","M","E","R","?","T","R","E","?","?","?","R","BOSS","M","$","M","M","?","R","M","?","T","?","M","M","E","M","R","BOSS"],"items_purchased_type":["Card","Relic","Card","Card"],"build_version":"2020-12-22","purchased_purges":1,"victory":false,"max_hp_per_floor":[75,75,75,75,75,75,75,75,75,75,75,75,75,75,75,75,75,75,75,75,75,75,75,75,75,75,75,75,75,75,75,75,75,75],"relic_stats":{"Blood Vial":10,"Regal Pillow":15,"Centennial Puzzle":[6],"counters":[15,84],"Juzu Bracelet":1,"obtain_stats":[{"Ice Cream":11,"Blood Vial":26,"Regal Pillow":9,"hermit:ClaspedLocket":17,"Centennial Puzzle":30,"Vajra":19,"Juzu Bracelet":2,"Ancient Tea Set":6,"hermit:Momento":0,"Pocketwatch":27},{"Ice Cream":5,"Blood Vial":10,"Regal Pillow":4,"hermit:ClaspedLocket":6,"Centennial Puzzle":13,"Vajra":7,"Juzu Bracelet":1,"Ancient Tea Set":4,"hermit:Momento":0,"Pocketwatch":10},{"Ice Cream":30,"Blood Vial":62,"Regal Pillow":21,"hermit:ClaspedLocket":42,"Centennial Puzzle":72,"Vajra":48,"Juzu Bracelet":3,"Ancient Tea Set":21,"hermit:Momento":0,"Pocketwatch":62}],"Pocketwatch":[18]},"card_choices":[{"not_picked":["hermit:HeroicBravado","hermit:BlackWind"],"picked":"hermit:Magnum","floor":0.0},{"not_picked":["hermit:Showdown","hermit:Misfire"],"picked":"hermit:TakeCover","floor":1.0},{"not_picked":["hermit:Snipe","hermit:Headshot"],"picked":"hermit:BlackWind","floor":3.0},{"not_picked":["hermit:HighCaliber","hermit:BodyArmor"],"picked":"hermit:Snipe","floor":5.0},{"not_picked":["hermit:HighNoon","hermit:Desperado"],"picked":"hermit:Enervate","floor":6.0},{"not_picked":["hermit:Scavenge","hermit:LowProfile"],"picked":"hermit:Roulette","floor":11.0},{"not_picked":["hermit:FromBeyond","hermit:Purgatory"],"picked":"hermit:Reprieve","floor":16.0},{"not_picked":["hermit:Glare","hermit:BodyArmor"],"picked":"hermit:Scavenge+1","floor":18.0},{"not_picked":["hermit:Vantage","hermit:Feint"],"picked":"hermit:SprayPray","floor":20.0},{"not_picked":["hermit:Feint","hermit:Cheat","hermit:Vantage"],"picked":"SKIP","floor":21.0},{"not_picked":["hermit:TrackingShot","hermit:Manifest"],"picked":"hermit:CalledShot","floor":24.0},{"not_picked":["hermit:Scavenge","hermit:HoleUp"],"picked":"hermit:Maintenance+1","floor":28.0},{"not_picked":["hermit:TakeAim+1","hermit:Feint","hermit:Showdown"],"picked":"SKIP","floor":29.0},{"not_picked":["hermit:DeadMansHand","hermit:Spite"],"picked":"hermit:Coalescence","floor":30.0},{"not_picked":["hermit:TakeCover","hermit:Maintenance"],"picked":"hermit:Glare+1","floor":31.0}],"player_experience":983020,"relics_obtained":[{"floor":6.0,"key":"Ancient Tea Set"},{"floor":9.0,"key":"Regal Pillow"},{"floor":11.0,"key":"Ice Cream"},{"floor":26.0,"key":"Blood Vial"},{"floor":30.0,"key":"Centennial Puzzle"}],"event_choices":[{"damage_healed":0.0,"max_hp_gain":0.0,"max_hp_loss":0.0,"gold_gain":0.0,"event_name":"Scrap Ooze","player_choice":"Success","floor":2.0,"gold_loss":0.0,"damage_taken":3.0,"relics_obtained":["Juzu Bracelet"]},{"damage_healed":0.0,"max_hp_gain":0.0,"max_hp_loss":0.0,"gold_gain":75.0,"event_name":"World of Goop","player_choice":"Gather Gold","floor":4.0,"gold_loss":0.0,"damage_taken":11.0},{"damage_healed":0.0,"max_hp_gain":0.0,"max_hp_loss":0.0,"gold_gain":0.0,"event_name":"Match and Keep!","player_choice":"3 cards matched","floor":8.0,"gold_loss":0.0,"damage_taken":0.0,"cards_obtained":["hermit:Dissolve","hermit:LuckOfTheDraw","hermit:BodyArmor"]},{"cards_removed":["hermit:LuckOfTheDraw"],"damage_healed":62.0,"max_hp_gain":0.0,"max_hp_loss":0.0,"gold_gain":0.0,"event_name":"Bonfire Elementals","player_choice":"Offered Uncommon","floor":12.0,"gold_loss":0.0,"damage_taken":0.0},{"damage_healed":0.0,"max_hp_gain":0.0,"max_hp_loss":0.0,"gold_gain":0.0,"cards_transformed":["hermit:Defend_Hermit"],"event_name":"Transmorgrifier","player_choice":"Transformed","floor":14.0,"gold_loss":0.0,"damage_taken":0.0,"cards_obtained":["hermit:EyeOfTheStorm"]},{"damage_healed":0.0,"max_hp_gain":0.0,"max_hp_loss":0.0,"gold_gain":0.0,"event_name":"Fountain of Cleansing","player_choice":"Ignored","floor":22.0,"gold_loss":0.0,"damage_taken":0.0},{"damage_healed":0.0,"max_hp_gain":0.0,"max_hp_loss":0.0,"gold_gain":0.0,"event_name":"Addict","player_choice":"Stole Relic","floor":27.0,"gold_loss":0.0,"damage_taken":0.0,"relics_obtained":["Pocketwatch"],"cards_obtained":["Shame"]}],"is_beta":false,"boss_relics":[{"not_picked":["Tiny House","Runic Dome"],"picked":"hermit:ClaspedLocket"}],"items_purged_floors":[13],"is_endless":false,"potions_floor_spawned":[1,6,11,16,18,20,28,30,31],"killed_by":"Collector","ascension_level":0}}