{"host":"opg65mucj6ra7dr1","time":1612283575,"event":{"mods":["BaseMod","DeckTracker","Keyboard Shortcuts","Minty Spire (QoL Compilation)","Permanent Neow","Quick Restart","everything is the same but u backflip on backflip"],"gold_per_floor":[109,109,209,224,239,270,270,121,198,198,213,230,230,246,246,349,349,364,53,82,82,157,190,190,200,200,200,217,246,260,260,260,364,364,380,49,64,64,82,82,82],"floor_reached":40,"language":"KOR","playtime":1201,"items_purged":["Strike_R","Strike_R"],"score":643,"play_id":"411ed1c6-6558-46c3-ac9a-0e963c36a10d","local_time":"20210203013255","is_ascension_mode":true,"campfire_choices":[{"data":"True Grit","floor":7.0,"key":"SMITH"},{"data":"Immolate","floor":10.0,"key":"SMITH"},{"data":"Evolve","floor":13.0,"key":"SMITH"},{"data":"Wild Strike","floor":15.0,"key":"SMITH"},{"floor":24.0,"key":"REST"},{"data":"Offering","floor":27.0,"key":"SMITH"},{"floor":32.0,"key":"REST"}],"circlet_count":0,"master_deck":["Strike_R","Strike_R+1","Defend_R","Defend_R","Defend_R","Defend_R","Bash","Immolate+1","Thunderclap+1","Wild Strike+1","True Grit+1","Iron Wave","Evolve+1","Shrug It Off","Offering+1","Wild Strike+1","Warcry+1","Bloodletting","Thunderclap","Offering","Intimidate+1","Pommel Strike+1","Warcry","Fiend Fire","Metallicize","Metallicize"],"relics":["Burning Blood","Dream Catcher","Pear","Philosopher\u0027s Stone","Orrery","Red Mask","Bottled Flame","Bag of Marbles","Kunai","Coffee Dripper","Medical Kit"],"acts_visited":["Exordium","TheCity","TheBeyond"],"potions_floor_usage":[33,33],"damage_taken":[{"damage":2.0,"enemies":"Jaw Worm","floor":1.0,"turns":3.0},{"damage":0.0,"enemies":"Cultist","floor":4.0,"turns":2.0},{"damage":0.0,"enemies":"2 Louse","floor":5.0,"turns":2.0},{"damage":40.0,"enemies":"Lagavulin","floor":6.0,"turns":4.0},{"damage":11.0,"enemies":"Gremlin Gang","floor":11.0,"turns":2.0},{"damage":0.0,"enemies":"3 Louse","floor":12.0,"turns":1.0},{"damage":8.0,"enemies":"Blue Slaver","floor":14.0,"turns":3.0},{"damage":53.0,"enemies":"The Guardian","floor":16.0,"turns":12.0},{"damage":12.0,"enemies":"2 Thieves","floor":18.0,"turns":2.0},{"damage":10.0,"enemies":"Masked Bandits","floor":20.0,"turns":3.0},{"damage":17.0,"enemies":"Slavers","floor":23.0,"turns":2.0},{"damage":9.0,"enemies":"Shell Parasite","floor":25.0,"turns":1.0},{"damage":1.0,"enemies":"Cultist and Chosen","floor":28.0,"turns":3.0},{"damage":28.0,"enemies":"Book of Stabbing","floor":29.0,"turns":3.0},{"damage":1.0,"enemies":"Centurion and Healer","floor":30.0,"turns":3.0},{"damage":44,"enemies":"Automaton","floor":33,"turns":9},{"damage":6,"enemies":"3 Darklings","floor":35,"turns":1},{"damage":8,"enemies":"Orb Walker","floor":37,"turns":3},{"damage":42,"enemies":"Maw","floor":39,"turns":6},{"damage":43,"enemies":"Nemesis","floor":40,"turns":4}],"seed_played":"-7516498058845968563","potions_obtained":[{"floor":1.0,"key":"Regen Potion"},{"floor":4.0,"key":"Explosive Potion"},{"floor":5.0,"key":"Dexterity Potion"},{"floor":16.0,"key":"Energy Potion"},{"floor":18.0,"key":"DistilledChaos"},{"floor":20.0,"key":"ColorlessPotion"},{"floor":29.0,"key":"HeartOfIron"},{"floor":39,"key":"Fire Potion"}],"is_trial":false,"path_per_floor":["M","?","?","M","M","E","R","$","T","R","M","M","R","M","R","B",null,"M","$","?","?","?","E","R","M","T","R","M","E","M","?","R","B",null,"M","$","M","?","M","E"],"character_chosen":"IRONCLAD","items_purchased":["Evolve","Offering","Orrery","Medical Kit","Metallicize"],"campfire_rested":2,"item_purchase_floors":[8,19,19,36,36],"current_hp_per_floor":[76,60,60,66,72,38,38,38,48,48,43,49,49,47,47,15,71,65,65,61,43,34,23,51,48,48,48,53,31,36,36,64,26,78,78,78,76,76,40,0,0],"gold":82,"neow_bonus":"ONE_RANDOM_RARE_CARD","is_daily":false,"chose_seed":false,"campfire_upgraded":5,"win_rate":0.0,"timestamp":1612283575,"path_taken":["M","?","?","?","M","E","R","?","T","R","M","M","R","M","R","BOSS","M","$","?","?","?","E","R","?","T","R","M","E","M","?","R","BOSS","M","$","?","?","M","E"],"items_purchased_type":["Card","Card","Relic","Relic","Card"],"build_version":"2020-12-22","purchased_purges":2,"victory":false,"max_hp_per_floor":[80,80,80,80,80,80,80,80,90,90,90,90,90,90,90,90,90,90,90,90,95,95,95,95,95,95,95,95,95,95,95,95,95,95,95,95,95,95,95,95,95],"card_choices":[{"not_picked":["Heavy Blade","Clash"],"picked":"Thunderclap","floor":1.0},{"not_picked":["Flex","Sever Soul"],"picked":"Wild Strike","floor":4.0},{"not_picked":["Clothesline","Flame Barrier"],"picked":"True Grit","floor":5.0},{"not_picked":["Havoc","Clothesline"],"picked":"Iron Wave","floor":6.0},{"not_picked":["Clash","Infernal Blade","Limit Break"],"picked":"SKIP","floor":11.0},{"not_picked":["Pommel Strike","Clash"],"picked":"Shrug It Off","floor":12.0},{"not_picked":["Iron Wave","Clothesline","Warcry"],"picked":"SKIP","floor":14.0},{"not_picked":["Heavy Blade+1","Warcry","Body Slam"],"picked":"SKIP","floor":18.0},{"not_picked":["Thunderclap","Rupture"],"picked":"Wild Strike+1","floor":19.0},{"not_picked":["Wild Strike","Entrench"],"picked":"Warcry+1","floor":19.0},{"not_picked":["Spot Weakness","Perfected Strike"],"picked":"Bloodletting","floor":19.0},{"not_picked":["Heavy Blade+1","Dual Wield"],"picked":"Thunderclap","floor":23.0},{"not_picked":["True Grit","Perfected Strike"],"picked":"Offering","floor":24.0},{"not_picked":["Infernal Blade","Flex","Rage+1"],"picked":"SKIP","floor":25.0},{"not_picked":["Flex","Clothesline"],"picked":"Intimidate+1","floor":28.0},{"not_picked":["True Grit","Perfected Strike","Thunderclap"],"picked":"SKIP","floor":29.0},{"not_picked":["Anger+1","Havoc"],"picked":"Pommel Strike+1","floor":30.0},{"not_picked":["Twin Strike","Iron Wave+1"],"picked":"Warcry","floor":32.0},{"not_picked":["Limit Break","Corruption"],"picked":"Fiend Fire","floor":33},{"not_picked":["Heavy Blade","Clash+1","Twin Strike"],"picked":"SKIP","floor":35},{"not_picked":["Blood for Blood","Flex+1","Heavy Blade+1"],"picked":"SKIP","floor":37},{"not_picked":["Cleave","Twin Strike+1"],"picked":"Metallicize","floor":39}],"player_experience":164596,"relics_obtained":[{"floor":6.0,"key":"Dream Catcher"},{"floor":9.0,"key":"Pear"},{"floor":20.0,"key":"Red Mask"},{"floor":23.0,"key":"Bottled Flame"},{"floor":26.0,"key":"Bag of Marbles"},{"floor":29.0,"key":"Kunai"}],"event_choices":[{"damage_healed":0.0,"max_hp_gain":0.0,"max_hp_loss":0.0,"gold_gain":0.0,"event_name":"Shining Light","player_choice":"Entered Light","floor":2.0,"gold_loss":0.0,"damage_taken":16.0,"cards_upgraded":["Thunderclap","Strike_R"]},{"damage_healed":0.0,"max_hp_gain":0.0,"max_hp_loss":0.0,"gold_gain":100.0,"event_name":"Golden Shrine","player_choice":"Pray","floor":3.0,"gold_loss":0.0,"damage_taken":0.0},{"damage_healed":0.0,"max_hp_gain":0.0,"max_hp_loss":0.0,"gold_gain":0.0,"event_name":"Masked Bandits","player_choice":"Fought Bandits","floor":20.0,"gold_loss":0.0,"damage_taken":0.0},{"damage_healed":0.0,"max_hp_gain":5.0,"max_hp_loss":0.0,"gold_gain":0.0,"event_name":"Forgotten Altar","player_choice":"Shed Blood","floor":21.0,"gold_loss":0.0,"damage_taken":23.0},{"damage_healed":0.0,"max_hp_gain":0.0,"max_hp_loss":0.0,"gold_gain":75.0,"event_name":"FaceTrader","player_choice":"Touch","floor":22.0,"gold_loss":0.0,"damage_taken":9.0},{"damage_healed":0.0,"max_hp_gain":0.0,"max_hp_loss":0.0,"gold_gain":0.0,"event_name":"The Woman in Blue","player_choice":"Bought 0 Potions","floor":31.0,"gold_loss":0.0,"damage_taken":0.0},{"cards_removed":["Strike_R"],"damage_healed":0,"gold_gain":0,"player_choice":"Purged","damage_taken":0,"max_hp_gain":0,"max_hp_loss":0,"event_name":"Purifier","floor":38,"gold_loss":0}],"is_beta":false,"boss_relics":[{"not_picked":["Fusion Hammer","Black Blood"],"picked":"Philosopher\u0027s Stone"},{"not_picked":["Runic Dome","Runic Pyramid"],"picked":"Coffee Dripper"}],"items_purged_floors":[8,36],"is_endless":false,"potions_floor_spawned":[1,4,5,16,18,20,29,39],"killed_by":"Nemesis","ascension_level":9}}