{"host":"bq4pt811tk9yrmjl","time":1612282066,"event":{"mods":["AchievementEnabler","BaseMod","Colored Map","Colored Powertips","Defuse TimeMaze Blight","Hermit","Minty Spire (QoL Compilation)","Smile Girya","StSLib","SuperFastMode"],"gold_per_floor":[119,119,70,70,88,123,198,215,286,286,286,297,297,329,329,433,433,449,464,464,464,268,268,367,393,393,393,413,425,425,280,280,280,280],"floor_reached":33,"language":"ENG","playtime":452,"items_purged":[],"score":313,"play_id":"1798636b-561a-4ae5-aa59-d6a6c7aab7a7","local_time":"20210202140746","is_ascension_mode":true,"campfire_choices":[{"data":"Anger","floor":10.0,"key":"SMITH"},{"data":"Uppercut","floor":15,"key":"SMITH"},{"data":"Body Slam","floor":23,"key":"SMITH"},{"data":"Double Tap","floor":27,"key":"SMITH"},{"data":"Bash","floor":32,"key":"SMITH"}],"circlet_count":0,"master_deck":["Strike_R+1","Strike_R","Strike_R+1","Strike_R","Strike_R","Defend_R","Defend_R","Defend_R","Defend_R","Bash+1","Armaments+1","Anger+1","Uppercut+1","Double Tap+1","Intimidate","Body Slam+1","Body Slam+1"],"relics":["Burning Blood","NeowsBlessing","Whetstone","Juzu Bracelet","Busted Crown","MutagenicStrength","FaceOfCleric","Ancient Tea Set","Letter Opener","Bag of Marbles","Medical Kit"],"acts_visited":["Exordium","TheCity"],"potions_floor_usage":[11,14,16,25,28,29],"damage_taken":[{"damage":0.0,"enemies":"Jaw Worm","floor":1.0,"turns":1.0},{"damage":0.0,"enemies":"Small Slimes","floor":5.0,"turns":1.0},{"damage":0.0,"enemies":"Gremlin Nob","floor":6.0,"turns":1.0},{"damage":2.0,"enemies":"2 Louse","floor":8.0,"turns":3.0},{"damage":0,"enemies":"Gremlin Gang","floor":11,"turns":1},{"damage":7,"enemies":"Blue Slaver","floor":12,"turns":4},{"damage":4,"enemies":"3 Sentries","floor":14,"turns":8},{"damage":37,"enemies":"Hexaghost","floor":16,"turns":10},{"damage":17,"enemies":"Spheric Guardian","floor":18,"turns":4},{"damage":7,"enemies":"Chosen","floor":19,"turns":4},{"damage":19,"enemies":"Gremlin Leader","floor":25,"turns":6},{"damage":0,"enemies":"Centurion and Healer","floor":28,"turns":4},{"damage":10,"enemies":"Sentry and Sphere","floor":29,"turns":3},{"damage":80,"enemies":"Automaton","floor":33,"turns":6}],"seed_played":"-1349347140896413706","potions_obtained":[{"floor":5.0,"key":"EssenceOfSteel"},{"floor":8.0,"key":"SmokeBomb"},{"floor":12,"key":"SpeedPotion"},{"floor":14,"key":"DistilledChaos"},{"floor":19,"key":"PowerPotion"},{"floor":25,"key":"Swift Potion"},{"floor":28,"key":"DistilledChaos"}],"is_trial":false,"path_per_floor":["M","?","$","?","M","E","?","M","T","R","M","M","?","E","R","B",null,"M","M","?","?","$","R","?","E","T","R","M","M","$","$","R","B"],"character_chosen":"IRONCLAD","items_purchased":["Anger","Body Slam","Ancient Tea Set","Medical Kit"],"campfire_rested":0,"item_purchase_floors":[3,22,22,31],"current_hp_per_floor":[80,80,80,80,80,80,69,73,73,73,79,78,80,80,80,49,80,69,68,68,68,68,68,68,56,56,56,63,60,60,60,60,0,0],"gold":280,"neow_bonus":"THREE_ENEMY_KILL","is_daily":false,"chose_seed":false,"campfire_upgraded":5,"win_rate":0.0,"timestamp":1612282066,"path_taken":["M","?","$","?","M","E","?","M","T","R","M","M","?","E","R","BOSS","M","M","?","?","?","R","?","E","T","R","M","M","?","$","R","BOSS"],"items_purchased_type":["Card","Card","Relic","Relic"],"build_version":"2020-12-22","purchased_purges":0,"victory":false,"max_hp_per_floor":[80,80,80,80,80,80,80,80,80,80,80,80,80,80,80,80,80,80,80,80,80,80,80,80,81,81,81,82,83,83,83,83,83,83],"card_choices":[{"not_picked":["Sword Boomerang","True Grit"],"picked":"Armaments","floor":1.0},{"not_picked":["Dark Embrace","Heavy Blade","Wild Strike"],"picked":"SKIP","floor":5.0},{"not_picked":["Clothesline","Blood for Blood"],"picked":"Body Slam","floor":6.0},{"not_picked":["Shrug It Off","Power Through","Impervious"],"picked":"SKIP","floor":8.0},{"not_picked":["Havoc","Anger"],"picked":"Uppercut","floor":12},{"not_picked":["Bloodletting","Dual Wield","Perfected Strike"],"picked":"SKIP","floor":14},{"not_picked":["Brutality","Barricade"],"picked":"Double Tap","floor":16},{"not_picked":[],"picked":"Intimidate","floor":18},{"not_picked":["Battle Trance"],"picked":"SKIP","floor":19},{"not_picked":["Armaments"],"picked":"SKIP","floor":25},{"not_picked":["Evolve+1"],"picked":"SKIP","floor":28},{"not_picked":[],"picked":"Body Slam+1","floor":29}],"player_experience":299811,"relics_obtained":[{"floor":6.0,"key":"Whetstone"},{"floor":14,"key":"Juzu Bracelet"},{"floor":25,"key":"Letter Opener"},{"floor":26,"key":"Bag of Marbles"}],"event_choices":[{"damage_healed":0.0,"max_hp_gain":0.0,"max_hp_loss":0.0,"gold_gain":0.0,"event_name":"Living Wall","player_choice":"Grow","floor":2.0,"gold_loss":0.0,"damage_taken":0.0,"cards_upgraded":["Armaments"]},{"damage_healed":0.0,"max_hp_gain":0.0,"max_hp_loss":0.0,"gold_gain":0.0,"event_name":"Liars Game","player_choice":"Ignored","floor":4.0,"gold_loss":0.0,"damage_taken":0.0},{"damage_healed":0.0,"max_hp_gain":0.0,"max_hp_loss":0.0,"gold_gain":75.0,"event_name":"World of Goop","player_choice":"Gather Gold","floor":7.0,"gold_loss":0.0,"damage_taken":11.0},{"cards_removed":["Body Slam"],"damage_healed":5,"gold_gain":0,"player_choice":"Offered Common","damage_taken":0,"max_hp_gain":0,"max_hp_loss":0,"event_name":"Bonfire Elementals","floor":13,"gold_loss":0},{"cards_removed":["Body Slam"],"damage_healed":5,"gold_gain":0,"player_choice":"Offered Special","damage_taken":0,"max_hp_gain":0,"max_hp_loss":0,"event_name":"Bonfire Elementals","floor":13,"gold_loss":0},{"damage_healed":0,"gold_gain":0,"player_choice":"Inject Mutagens","damage_taken":0,"relics_obtained":["MutagenicStrength"],"max_hp_gain":0,"max_hp_loss":0,"event_name":"Drug Dealer","floor":20,"gold_loss":0},{"damage_healed":0,"gold_gain":0,"player_choice":"Trade","damage_taken":0,"relics_obtained":["FaceOfCleric"],"max_hp_gain":0,"max_hp_loss":0,"event_name":"FaceTrader","floor":21,"gold_loss":0},{"damage_healed":0,"gold_gain":99,"player_choice":"Stole From Cult","damage_taken":0,"max_hp_gain":0,"max_hp_loss":0,"event_name":"Nest","floor":24,"gold_loss":0}],"is_beta":false,"boss_relics":[{"not_picked":["Mark of Pain","Runic Dome"],"picked":"Busted Crown"}],"items_purged_floors":[],"is_endless":false,"potions_floor_spawned":[5,8,12,14,19,25,28],"killed_by":"Automaton","ascension_level":1}}