{"host":"3498uni0c31c9bdm","time":1612287222,"event":{"mods":["BaseMod","Better Third Choice","Minty Spire (QoL Compilation)","Replay The Spire","StSLib"],"gold_per_floor":[109,126,126,146,146,146,176,256,279,279,35,48,59,86,86,86,86],"floor_reached":16,"language":"ENG","playtime":478,"items_purged":[],"score":171,"play_id":"1d5bd3a6-be15-4f3f-8782-693c61352bfc","local_time":"20210203043342","is_ascension_mode":true,"campfire_choices":[{"floor":6,"key":"RECALL"},{"floor":10,"key":"REST"},{"floor":15,"key":"REST"}],"circlet_count":0,"master_deck":["AscendersBane","Strike_B","Strike_B","Strike_B","Strike_B","Defend_B","Defend_B","Defend_B","Defend_B","Zap+1","Dualcast","Leap","Streamline","Redo","Burn","Ball Lightning","Self Repair","Fusion","Glacier"],"relics":["Cracked Core","NeowsBlessing","Boot","MealTicket","Symbiotic Virus","Quantum Egg"],"acts_visited":["Exordium"],"potions_floor_usage":[14,14,14,16],"damage_taken":[{"damage":0,"enemies":"2 Louse","floor":1,"turns":1},{"damage":0,"enemies":"Small Slimes","floor":2,"turns":1},{"damage":0,"enemies":"Jaw Worm","floor":4,"turns":1},{"damage":23,"enemies":"Lagavulin","floor":7,"turns":7},{"damage":8,"enemies":"Looter","floor":12,"turns":3},{"damage":11,"enemies":"Exordium Thugs","floor":13,"turns":4},{"damage":31,"enemies":"Gremlin Nob","floor":14,"turns":4},{"damage":100,"enemies":"Fading Forest","floor":16,"turns":11}],"seed_played":"-1038198776728505714","potions_obtained":[{"floor":1,"key":"Ancient Potion"},{"floor":7,"key":"ColorlessPotion"}],"is_trial":false,"path_per_floor":["M","M","?","M","?","R","E","?","T","R","$","M","M","E","R","B"],"character_chosen":"DEFECT","items_purchased":["Symbiotic Virus"],"campfire_rested":2,"item_purchase_floors":[11],"current_hp_per_floor":[68,68,68,68,68,68,45,45,45,67,75,67,63,39,61,0,0],"gold":86,"neow_bonus":"THREE_ENEMY_KILL","is_daily":false,"chose_seed":false,"campfire_upgraded":0,"win_rate":0.0,"timestamp":1612287222,"path_taken":["M","M","?","M","?","R","E","?","T","R","?","M","M","E","R","BOSS"],"items_purchased_type":["Relic"],"build_version":"2020-12-22","purchased_purges":0,"victory":false,"max_hp_per_floor":[75,75,75,75,75,75,75,75,75,75,75,75,75,75,75,75,75],"card_choices":[{"not_picked":["ReplayTheSpireMod:System Scan","Force Field"],"picked":"Leap","floor":1},{"not_picked":["Redo","Lockon"],"picked":"Streamline","floor":2},{"not_picked":["Scrape","Chaos"],"picked":"Redo","floor":4},{"not_picked":["Heatsinks","Capacitor"],"picked":"Ball Lightning","floor":7},{"not_picked":["Undo","Go for the Eyes"],"picked":"Self Repair","floor":12},{"not_picked":["Steam","Undo"],"picked":"Fusion","floor":13},{"not_picked":["BasicCrystalCard","Reinforced Body"],"picked":"Glacier","floor":14}],"player_experience":819059,"relics_obtained":[{"floor":7,"key":"Boot"},{"floor":9,"key":"MealTicket"},{"floor":14,"key":"Quantum Egg"}],"event_choices":[{"damage_healed":0,"gold_gain":0,"player_choice":"Grow","damage_taken":0,"max_hp_gain":0,"max_hp_loss":0,"event_name":"Living Wall","floor":3,"gold_loss":0,"cards_upgraded":["Zap"]},{"damage_healed":68,"gold_gain":0,"player_choice":"Embrace Burn","damage_taken":0,"max_hp_gain":0,"max_hp_loss":75,"event_name":"betterThird:BetterShining","floor":5,"gold_loss":0},{"damage_healed":0,"gold_gain":80,"player_choice":"Gained Gold","damage_taken":0,"max_hp_gain":0,"max_hp_loss":0,"event_name":"Golden Wing","floor":8,"gold_loss":0}],"is_beta":false,"boss_relics":[],"items_purged_floors":[],"is_endless":false,"potions_floor_spawned":[1,7,13,14],"killed_by":"Fading Forest","ascension_level":11}}