{"host":"pec1bvkeldr5yzx1","time":1612282206,"event":{"mods":["ATMod(°¢èªMod)","AchievementEnabler","Act Like it!","Aspiration","BaseMod","Better Altar","Better Match","Better Sensory Stone","Better Skull","Better Vampires","BetterRewards","Conspire","Dota2Spire","Energized Spire","Friendly Minions","GifTheSpireLib","Hubris","Minty Spire (QoL Compilation)","Replay The Spire","Spicy Shops","StSLib","Stuff the Spire","SuperFastMode","óô»ðÖ¸ÄÏ"],"gold_per_floor":[114,114,130,130,146,146,146],"floor_reached":6,"language":"ZHS","playtime":162,"items_purged":[],"score":40,"play_id":"0bd5df00-9872-4379-97e6-d568ba0428e1","local_time":"20210203001006","is_ascension_mode":true,"campfire_choices":[],"circlet_count":0,"master_deck":["Strike_B","Strike_B","Strike_B","Strike_B","Defend_B","Defend_B","Defend_B+1","Zap","Dualcast","Redo+1","Static Discharge","AT_DarkMatter+1","hubris:Insight","AT_StudyProgram","Cold Snap","Beam Cell","Conserve Battery"],"relics":["Cracked Core","AT_ATBox","Dota2Spire:EyeOfSkadi","Replay:Arrowhead","Replay:Wanted Poster"],"acts_visited":["Exordium"],"potions_floor_usage":[],"damage_taken":[{"damage":11,"enemies":"Small Slimes","floor":1,"turns":2},{"damage":5,"enemies":"2 Louse","floor":3,"turns":2},{"damage":1,"enemies":"Jaw Worm","floor":5,"turns":2},{"damage":12,"enemies":"3 Sentries","floor":6,"turns":3}],"seed_played":"-8319368651950063050","potions_obtained":[{"floor":5,"key":"FearPotion"}],"is_trial":false,"path_per_floor":["M","?","M","?","M","E"],"character_chosen":"DEFECT","items_purchased":["Dota2Spire:EyeOfSkadi","Redo+1","Static Discharge"],"campfire_rested":0,"item_purchase_floors":[0,0,0],"current_hp_per_floor":[34,34,29,13,12,0,0],"gold":146,"neow_bonus":"","is_daily":false,"chose_seed":false,"campfire_upgraded":0,"win_rate":0.0,"timestamp":1612282206,"path_taken":["M","?","M","?","M","E"],"items_purchased_type":["Relic","Card","Card"],"build_version":"2020-12-22","purchased_purges":0,"victory":false,"max_hp_per_floor":[80,80,80,80,80,80,80],"card_choices":[{"not_picked":["Steam Power","BasicCrystalCard"],"picked":"Cold Snap","floor":1},{"not_picked":["Steam","Undo"],"picked":"Beam Cell","floor":3},{"not_picked":["BasicCrystalCard","Gash"],"picked":"Conserve Battery","floor":5}],"player_experience":126559,"relics_obtained":[],"event_choices":[{"damage_healed":0,"gold_gain":0,"player_choice":"Ignored","damage_taken":0,"max_hp_gain":0,"max_hp_loss":0,"event_name":"Golden Wing","floor":2,"gold_loss":0},{"damage_healed":0,"gold_gain":0,"player_choice":"Entered Light","damage_taken":16,"max_hp_gain":0,"max_hp_loss":0,"event_name":"Shining Light","floor":4,"gold_loss":0,"cards_upgraded":["Defend_B","AT_DarkMatter"]}],"is_beta":false,"boss_relics":[],"items_purged_floors":[],"is_endless":false,"potions_floor_spawned":[5],"killed_by":"3 Sentries","ascension_level":2}}