{"host":"j7koecyuyeg298fi","time":1612282848,"event":{"mods":["BaseMod","Minty Spire (QoL Compilation)"],"gold_per_floor":[118,131,146,162,177,177,189,39,39,56,56,56,56,70,70,175,175,193,8,18,29,6,6,24,24,24,24,24],"floor_reached":27,"language":"ENG","playtime":2129,"items_purged":["Defend_G","Defend_G"],"score":209,"play_id":"48e25d53-ac97-4e35-846f-f38c8799b1f5","local_time":"20210202182048","is_ascension_mode":false,"campfire_choices":[{"data":"Backflip","floor":6,"key":"SMITH"},{"data":"Acrobatics","floor":11,"key":"SMITH"},{"data":"Accuracy","floor":15,"key":"SMITH"},{"data":"Well Laid Plans","floor":23,"key":"SMITH"}],"circlet_count":0,"master_deck":["Strike_G","Strike_G","Strike_G","Strike_G","Strike_G","Defend_G","Defend_G","Defend_G","Survivor","Neutralize","Prepared","Deadly Poison","Cloak And Dagger","Flying Knee","Acrobatics+1","Accuracy+1","Dagger Throw","Die Die Die","CurseOfTheBell","All Out Attack","Flash of Steel","Blade Dance","Well Laid Plans+1","PiercingWail","Noxious Fumes","Dodge and Roll"],"relics":["Ring of the Snake","NeowsBlessing","Snake Skull","Calling Bell","Vajra","Meat on the Bone","Turnip","Shuriken"],"acts_visited":["Exordium","TheCity"],"potions_floor_usage":[4,16,16,21,21],"damage_taken":[{"damage":0,"enemies":"Cultist","floor":1,"turns":1},{"damage":0,"enemies":"Jaw Worm","floor":2,"turns":1},{"damage":0,"enemies":"2 Louse","floor":3,"turns":1},{"damage":0,"enemies":"Gremlin Gang","floor":4,"turns":6},{"damage":2,"enemies":"Looter","floor":5,"turns":3},{"damage":3,"enemies":"Large Slime","floor":7,"turns":7},{"damage":4,"enemies":"Blue Slaver","floor":10,"turns":3},{"damage":8,"enemies":"3 Louse","floor":14,"turns":4},{"damage":37,"enemies":"Slime Boss","floor":16,"turns":20},{"damage":34,"enemies":"Spheric Guardian","floor":18,"turns":8},{"damage":16,"enemies":"Chosen","floor":20,"turns":6},{"damage":16,"enemies":"3 Cultists","floor":21,"turns":5},{"damage":23,"enemies":"Snake Plant","floor":24,"turns":4},{"damage":39,"enemies":"Sentry and Sphere","floor":27,"turns":3}],"seed_played":"-2500330455763113883","potions_obtained":[{"floor":1,"key":"GhostInAJar"},{"floor":2,"key":"Fire Potion"},{"floor":3,"key":"Energy Potion"},{"floor":10,"key":"Block Potion"},{"floor":18,"key":"Regen Potion"},{"floor":21,"key":"Explosive Potion"}],"is_trial":false,"path_per_floor":["M","M","M","M","M","R","M","$","T","M","R","$","?","M","R","B",null,"M","$","M","M","$","R","M","?","T","M"],"character_chosen":"THE_SILENT","items_purchased":["Accuracy","Flash of Steel","PiercingWail"],"campfire_rested":0,"item_purchase_floors":[8,19,22],"current_hp_per_floor":[70,70,70,70,68,68,65,65,65,61,61,61,61,53,53,16,70,36,36,32,42,42,42,31,31,31,0,0],"gold":24,"neow_bonus":"THREE_ENEMY_KILL","is_daily":false,"chose_seed":false,"campfire_upgraded":4,"win_rate":0.0,"timestamp":1612282848,"path_taken":["M","M","M","?","M","R","M","$","T","M","R","$","?","M","R","BOSS","M","$","M","M","$","R","M","?","T","?"],"items_purchased_type":["Card","Card","Card"],"build_version":"2020-12-22","purchased_purges":2,"victory":false,"max_hp_per_floor":[70,70,70,70,70,70,70,70,70,70,70,70,70,70,70,70,70,70,70,70,70,70,70,70,70,70,70,70],"card_choices":[{"not_picked":["Predator","PiercingWail"],"picked":"Prepared","floor":1},{"not_picked":["Riddle With Holes","Quick Slash"],"picked":"Deadly Poison","floor":2},{"not_picked":["Quick Slash","Outmaneuver"],"picked":"Cloak And Dagger","floor":3},{"not_picked":["Slice","Distraction"],"picked":"Flying Knee","floor":4},{"not_picked":["Glass Knife","Outmaneuver"],"picked":"Backflip","floor":5},{"not_picked":["Dash","Underhanded Strike"],"picked":"Acrobatics","floor":7},{"not_picked":["Accuracy","Backflip"],"picked":"Dagger Throw","floor":10},{"not_picked":["Slice","Sucker Punch","Quick Slash"],"picked":"SKIP","floor":14},{"not_picked":["Tools of the Trade","Glass Knife"],"picked":"Die Die Die","floor":16},{"not_picked":["Dodge and Roll","Dash"],"picked":"All Out Attack","floor":18},{"not_picked":["Slice","Dash"],"picked":"Blade Dance","floor":20},{"not_picked":["Dodge and Roll","Distraction"],"picked":"Well Laid Plans","floor":21},{"not_picked":["Backstab+1","Outmaneuver+1"],"picked":"Noxious Fumes","floor":24}],"player_experience":207318,"relics_obtained":[{"floor":9,"key":"Snake Skull"},{"floor":17,"key":"Vajra"},{"floor":17,"key":"Meat on the Bone"},{"floor":17,"key":"Turnip"},{"floor":26,"key":"Shuriken"}],"event_choices":[{"damage_healed":0,"gold_gain":0,"player_choice":"Ignored","damage_taken":0,"max_hp_gain":0,"max_hp_loss":0,"event_name":"Liars Game","floor":13,"gold_loss":0},{"cards_removed":["Backflip"],"damage_healed":0,"gold_gain":0,"player_choice":"Took Card","damage_taken":0,"max_hp_gain":0,"max_hp_loss":0,"event_name":"NoteForYourself","floor":25,"gold_loss":0,"cards_obtained":["Dodge and Roll"]}],"is_beta":false,"boss_relics":[{"not_picked":["Velvet Choker","Black Star"],"picked":"Calling Bell"}],"items_purged_floors":[8,19],"is_endless":false,"potions_floor_spawned":[1,2,3,10,18,21],"killed_by":"Sentry and Sphere","ascension_level":0}}