{"host":"eemx8njkng76fu5x","time":1612230932,"event":{"mods":["2.2 Compatiblity","BaseMod","Colored Map","Downfall","Minty Spire (QoL Compilation)","Permanent Neow","StSLib","Unceasing Turn Reminder","Unknown Chances"],"gold_per_floor":[99,112,125,125,145,145,145,161,161,161,193,193,226,226,242,242,242,242],"floor_reached":16,"language":"ENG","playtime":830,"items_purged":[],"score":165,"play_id":"3403c264-1b5d-4c59-9118-cad62b874287","local_time":"20210202095532","is_ascension_mode":true,"campfire_choices":[{"data":"Guardian:TwinSlam","floor":1,"key":"SMITH"},{"data":"Guardian:ShieldSpikes","floor":6,"key":"SMITH"},{"data":"Guardian:PrismaticBeam","floor":9,"key":"SMITH"},{"data":"Guardian:PiercingHide","floor":12,"key":"SMITH"}],"circlet_count":0,"master_deck":["AscendersBane","Guardian:Strike_Guardian","Guardian:Strike_Guardian","Guardian:Strike_Guardian","Guardian:Strike_Guardian","Guardian:Defend_Guardian","Guardian:Defend_Guardian","Guardian:Defend_Guardian","Guardian:Defend_Guardian","Guardian:CurlUp","Guardian:TwinSlam+1","Guardian:ShieldSpikes+1","Guardian:ArmoredProtocol","Guardian:PrismaticBeam+1","Guardian:PiercingHide+1","Guardian:ExploitGems","Guardian:Gem_Lightblue"],"relics":["Guardian:ModeShifter","Guardian:PickAxe","Anchor","Ancient Tea Set","Boot"],"acts_visited":["Exordium"],"potions_floor_usage":[4,4,4,16,16,16],"damage_taken":[{"damage":0,"enemies":"Cultist","floor":2,"turns":5},{"damage":3,"enemies":"Jaw Worm","floor":3,"turns":6},{"damage":8,"enemies":"Jaw Worm","floor":4,"turns":5},{"damage":4,"enemies":"Small Slimes","floor":5,"turns":6},{"damage":0,"enemies":"Exordium Wildlife","floor":8,"turns":7},{"damage":5,"enemies":"3 Sentries","floor":11,"turns":10},{"damage":11,"enemies":"Gremlin Nob","floor":13,"turns":6},{"damage":0,"enemies":"3 Louse","floor":15,"turns":4},{"damage":46,"enemies":"WA_ARCHETYPE_RETAIN","floor":16,"turns":13}],"seed_played":"3461485389094541139","potions_obtained":[{"floor":0,"key":"Energy Potion"},{"floor":0,"key":"SpeedPotion"},{"floor":0,"key":"Energy Potion"},{"floor":2,"key":"LiquidBronze"},{"floor":3,"key":"DuplicationPotion"},{"floor":11,"key":"DistilledChaos"},{"floor":13,"key":"Fruit Juice"},{"floor":15,"key":"Fire Potion"}],"is_trial":false,"path_per_floor":["R","M","M","?","M","R","T","M","R","?","E","R","E","?","M","B"],"character_chosen":"GUARDIAN","items_purchased":[],"campfire_rested":0,"item_purchase_floors":[],"current_hp_per_floor":[72,72,69,55,51,51,51,51,51,56,51,51,40,40,40,0,0,0],"gold":242,"neow_bonus":"THREE_SMALL_POTIONS","is_daily":false,"chose_seed":false,"campfire_upgraded":4,"win_rate":0.0,"timestamp":1612230932,"path_taken":["R","M","M","?","M","R","T","M","R","?","E","R","E","?","M","BOSS"],"items_purchased_type":[],"build_version":"2020-12-22","purchased_purges":0,"victory":false,"max_hp_per_floor":[80,80,80,80,80,80,80,80,80,85,85,85,85,85,85,90,90,90],"card_choices":[{"not_picked":["Guardian:GuardianWhirl","Guardian:Gem_Red"],"picked":"Guardian:ShieldSpikes","floor":2},{"not_picked":["Guardian:PolyBeam","Guardian:PrimingBeam"],"picked":"Guardian:Gem_Crimson","floor":3},{"not_picked":["Guardian:Clone","Guardian:RollAttack"],"picked":"Guardian:ArmoredProtocol","floor":5},{"not_picked":["Guardian:VentSteam","Guardian:CompilePackage"],"picked":"Guardian:PrismaticBeam","floor":8},{"not_picked":["Guardian:ArmoredProtocol","Guardian:Recover"],"picked":"Guardian:PiercingHide","floor":11},{"not_picked":["Guardian:ShieldCharger","Guardian:Recover"],"picked":"Guardian:ExploitGems","floor":13},{"not_picked":["Guardian:MultiBeam","Guardian:GuardianWhirl"],"picked":"Guardian:Gem_Lightblue","floor":15}],"player_experience":529613,"relics_obtained":[{"floor":7,"key":"Anchor"},{"floor":11,"key":"Ancient Tea Set"},{"floor":13,"key":"Boot"}],"event_choices":[{"damage_healed":0,"gold_gain":0,"player_choice":"Donut","damage_taken":0,"max_hp_gain":5,"max_hp_loss":0,"event_name":"Big Fish","floor":10,"gold_loss":0}],"is_beta":false,"boss_relics":[],"items_purged_floors":[],"is_endless":false,"potions_floor_spawned":[2,3,11,13,15],"killed_by":"WA_ARCHETYPE_RETAIN","ascension_level":10}}