{"host":"vhvubw4jk4f204qs","time":1612287771,"event":{"mods":["AchievementEnabler","BaseMod","DeckTracker","GifTheSpireLib","Minty Spire (QoL Compilation)","Permanent Neow","Quick Restart","StSLib","SuperFastMode","The IronCluck","slay the spire mod where everything is the same but ironclad has a cowboy hat"],"gold_per_floor":[115,132,149,149,162,189,253,281,281,281,303,328,328,354,354,453,453,463,482,494,594,604,637,637,736,761,227,239,272,272,297,297,393,393,407,407,407,14,0,28,28,28,28,61,73,123,149,249,249,249],"floor_reached":51,"language":"ENG","playtime":4218,"items_purged":[],"score":1247,"play_id":"ed3edb18-d23b-4081-92b1-b14e30f41929","local_time":"20210202124251","is_ascension_mode":true,"campfire_choices":[{"data":"Bludgeon","floor":10.0,"key":"SMITH"},{"data":"Evolve","floor":13.0,"key":"SMITH"},{"data":"Fire Breathing","floor":15.0,"key":"SMITH"},{"data":"Corruption","floor":30.0,"key":"SMITH"},{"data":"Juggernaut","floor":32.0,"key":"SMITH"},{"data":"Burning Pact","floor":42,"key":"SMITH"},{"data":"Power Through","floor":49,"key":"SMITH"}],"circlet_count":0,"master_deck":["Strike_R","Defend_R","Defend_R","Defend_R","Defend_R","Bash","Bludgeon+1","Headbutt","Fire Breathing+1","Uppercut","Power Through+1","Evolve+1","Corruption+1","Cleave+1","Power Through+1","Burning Pact+1","Shrug It Off+1","Power Through","Juggernaut+1","Fire Breathing+1","Barricade+1","Havoc+1","Headbutt+1","Anger+1","Shrug It Off+1","Flame Barrier+1","Warcry+1","Shrug It Off+1","Power Through+1","Disarm+1","Inflame+1","Purity+1","Flash of Steel","Entrench+1","Shrug It Off+1"],"relics":["Burning Blood","FossilizedHelix","The Courier","Pen Nib","InkBottle","Odd Mushroom","MealTicket","Bronze Scales","Runic Cube","Vajra","PreservedInsect","Toxic Egg 2","Frozen Egg 2","Ancient Tea Set","Meat on the Bone","Astrolabe","Strange Spoon","Red Mask","Lantern","Sundial","Art of War","Du-Vu Doll","Potion Belt"],"acts_visited":["Exordium","TheCity","TheBeyond"],"potions_floor_usage":[44,46,50],"damage_taken":[{"damage":3.0,"enemies":"2 Louse","floor":1.0,"turns":3.0},{"damage":0.0,"enemies":"Cultist","floor":2.0,"turns":2.0},{"damage":0.0,"enemies":"Small Slimes","floor":3.0,"turns":2.0},{"damage":11.0,"enemies":"Blue Slaver","floor":5.0,"turns":3.0},{"damage":20.0,"enemies":"3 Sentries","floor":6.0,"turns":6.0},{"damage":20.0,"enemies":"3 Sentries","floor":7.0,"turns":6.0},{"damage":5.0,"enemies":"Lagavulin","floor":8.0,"turns":4.0},{"damage":0.0,"enemies":"The Mushroom Lair","floor":11.0,"turns":5.0},{"damage":20.0,"enemies":"3 Sentries","floor":12.0,"turns":6.0},{"damage":0.0,"enemies":"Slime Boss","floor":16.0,"turns":5.0},{"damage":0.0,"enemies":"Chosen","floor":18.0,"turns":4.0},{"damage":4.0,"enemies":"Shell Parasite","floor":19.0,"turns":5.0},{"damage":0.0,"enemies":"Snecko","floor":20.0,"turns":4.0},{"damage":22.0,"enemies":"Centurion and Healer","floor":22.0,"turns":6.0},{"damage":11.0,"enemies":"Slavers","floor":23.0,"turns":4.0},{"damage":12.0,"enemies":"Shelled Parasite and Fungi","floor":28.0,"turns":5.0},{"damage":28.0,"enemies":"Book of Stabbing","floor":29.0,"turns":6.0},{"damage":5.0,"enemies":"Slavers","floor":31.0,"turns":4.0},{"damage":13.0,"enemies":"Collector","floor":33.0,"turns":7.0},{"damage":32.0,"enemies":"3 Darklings","floor":35.0,"turns":4.0},{"damage":0.0,"enemies":"Nemesis","floor":40.0,"turns":5.0},{"damage":0,"enemies":"Reptomancer","floor":44,"turns":6},{"damage":0,"enemies":"Orb Walker","floor":45,"turns":5},{"damage":0,"enemies":"Mind Bloom Boss Battle","floor":46,"turns":8},{"damage":0,"enemies":"Giant Head","floor":47,"turns":7},{"damage":27,"enemies":"Awakened One","floor":50,"turns":9}],"seed_played":"-8450126101751459949","potions_obtained":[{"floor":2.0,"key":"SkillPotion"},{"floor":6.0,"key":"Weak Potion"},{"floor":7.0,"key":"FearPotion"},{"floor":8.0,"key":"FearPotion"},{"floor":12.0,"key":"ColorlessPotion"},{"floor":16.0,"key":"Swift Potion"},{"floor":20.0,"key":"FearPotion"},{"floor":22.0,"key":"SmokeBomb"},{"floor":23.0,"key":"Block Potion"},{"floor":29.0,"key":"Explosive Potion"},{"floor":31.0,"key":"SteroidPotion"},{"floor":35.0,"key":"DuplicationPotion"},{"floor":45,"key":"BloodPotion"}],"is_trial":false,"path_per_floor":["M","M","M","?","M","E","?","E","T","R","?","E","R","T","R","B",null,"M","M","M","?","M","E","$","?","T","$","M","E","R","E","R","B",null,"M","$","?","$","?","E","?","R","T","E","M","?","E","?","R","B",null],"character_chosen":"IRONCLAD","items_purchased":["Juggernaut","Toxic Egg 2","Frozen Egg 2","Strange Spoon","Flame Barrier+1","Warcry+1","Shrug It Off+1","Power Through+1","Disarm+1","Inflame+1"],"campfire_rested":0,"item_purchase_floors":[27,27,27,38,38,38,38,38,38,38],"current_hp_per_floor":[75,80,80,80,75,61,47,48,48,48,54,40,40,40,40,46,72,78,80,80,80,64,59,74,74,74,80,74,52,52,53,53,58,75,49,64,64,79,79,80,70,70,70,76,80,80,80,80,80,75],"gold":249,"neow_bonus":"ONE_RANDOM_RARE_CARD","is_daily":false,"chose_seed":false,"campfire_upgraded":7,"win_rate":0.0,"timestamp":1612287771,"path_taken":["M","M","M","?","?","E","?","E","T","R","?","E","R","?","R","BOSS","M","?","M","?","?","E","$","?","T","$","M","E","R","E","R","BOSS","M","$","?","$","?","E","?","R","T","E","M","?","E","?","R","BOSS"],"items_purchased_type":["Card","Relic","Relic","Relic","Card","Card","Card","Card","Card","Card"],"build_version":"2020-12-22","purchased_purges":0,"victory":true,"max_hp_per_floor":[80,80,80,80,80,80,80,80,80,80,80,80,80,80,80,80,80,80,80,80,80,80,80,80,80,80,80,80,80,80,80,80,80,80,80,80,80,80,80,80,80,80,80,80,80,80,80,80,80,80],"card_choices":[{"not_picked":["Iron Wave","Heavy Blade"],"picked":"Headbutt","floor":1.0},{"not_picked":["Flex","Dark Embrace"],"picked":"Fire Breathing","floor":2.0},{"not_picked":["Dropkick","Sword Boomerang","Carnage"],"picked":"SKIP","floor":3.0},{"not_picked":["Clothesline","Bloodletting","Sever Soul"],"picked":"SKIP","floor":5.0},{"not_picked":["Combust","Dropkick"],"picked":"Uppercut","floor":6.0},{"not_picked":["Inflame","Seeing Red"],"picked":"Power Through","floor":8.0},{"not_picked":["Burning Pact","Battle Trance"],"picked":"Evolve","floor":12.0},{"not_picked":["Fiend Fire","Bludgeon"],"picked":"Corruption","floor":16.0},{"not_picked":["Sword Boomerang","Warcry+1"],"picked":"Cleave+1","floor":18.0},{"not_picked":["Reckless Charge","Armaments"],"picked":"Power Through+1","floor":19.0},{"not_picked":["Shrug It Off+1","Havoc+1"],"picked":"Burning Pact","floor":20.0},{"not_picked":["True Grit","Sword Boomerang"],"picked":"Shrug It Off+1","floor":22.0},{"not_picked":["Flex+1","Perfected Strike"],"picked":"Power Through","floor":23.0},{"not_picked":["Clothesline","Thunderclap+1"],"picked":"Fire Breathing+1","floor":28.0},{"not_picked":["Rampage","Whirlwind","Thunderclap"],"picked":"SKIP","floor":29.0},{"not_picked":["Clothesline","Dual Wield+1"],"picked":"Reaper","floor":31.0},{"not_picked":["Berserk+1","Offering+1"],"picked":"Barricade+1","floor":33.0},{"not_picked":["Battle Trance+1","Headbutt"],"picked":"Shrug It Off+1","floor":35.0},{"not_picked":["Dropkick","Headbutt","Inflame+1"],"picked":"SKIP","floor":40},{"not_picked":["Transmutation+1","Magnetism+1"],"picked":"Purity+1","floor":41},{"not_picked":["Forethought+1","Blind+1"],"picked":"Flash of Steel","floor":41},{"not_picked":["Iron Wave+1","Sever Soul+1"],"picked":"Entrench+1","floor":44},{"not_picked":["Rage+1","Cleave+1","Thunderclap"],"picked":"SKIP","floor":45},{"not_picked":["Wild Strike","Sword Boomerang"],"picked":"Shrug It Off+1","floor":47}],"player_experience":755016,"relics_obtained":[{"floor":6.0,"key":"FossilizedHelix"},{"floor":7.0,"key":"The Courier"},{"floor":8.0,"key":"Pen Nib"},{"floor":9.0,"key":"InkBottle"},{"floor":11.0,"key":"Odd Mushroom"},{"floor":12.0,"key":"MealTicket"},{"floor":14.0,"key":"Bronze Scales"},{"floor":23.0,"key":"Vajra"},{"floor":26.0,"key":"PreservedInsect"},{"floor":29.0,"key":"Ancient Tea Set"},{"floor":31.0,"key":"Meat on the Bone"},{"floor":40,"key":"Lantern"},{"floor":43,"key":"Sundial"},{"floor":44,"key":"Art of War"},{"floor":46,"key":"Du-Vu Doll"},{"floor":47,"key":"Potion Belt"}],"event_choices":[{"cards_removed":["Strike_R"],"damage_healed":0.0,"max_hp_gain":0.0,"max_hp_loss":0.0,"gold_gain":0.0,"event_name":"Purifier","player_choice":"Purged","floor":4.0,"gold_loss":0.0,"damage_taken":0.0},{"damage_healed":0.0,"max_hp_gain":0.0,"max_hp_loss":0.0,"gold_gain":30.0,"event_name":"Dead Adventurer","player_choice":"Searched \u00273\u0027 times","floor":7.0,"gold_loss":0.0,"damage_taken":0.0},{"damage_healed":0.0,"max_hp_gain":0.0,"max_hp_loss":0.0,"gold_gain":0.0,"event_name":"Mushrooms","player_choice":"Fought Mushrooms","floor":11.0,"gold_loss":0.0,"damage_taken":0.0},{"damage_healed":0.0,"max_hp_gain":0.0,"max_hp_loss":0.0,"gold_gain":100.0,"event_name":"Golden Shrine","player_choice":"Pray","floor":21.0,"gold_loss":0.0,"damage_taken":0.0},{"damage_healed":0.0,"max_hp_gain":0.0,"max_hp_loss":0.0,"gold_gain":99.0,"event_name":"Nest","player_choice":"Stole From Cult","floor":25.0,"gold_loss":0.0,"damage_taken":0.0},{"cards_removed":["Reaper"],"damage_healed":0.0,"max_hp_gain":0.0,"max_hp_loss":0.0,"gold_gain":0.0,"event_name":"Falling","player_choice":"Removed Attack","floor":37.0,"gold_loss":0.0,"damage_taken":0.0},{"damage_healed":0.0,"max_hp_gain":0.0,"max_hp_loss":0.0,"gold_gain":0.0,"event_name":"Tomb of Lord Red Mask","player_choice":"Paid","floor":39.0,"gold_loss":14.0,"damage_taken":0.0,"relics_obtained":["Red Mask"]},{"damage_healed":0,"gold_gain":0,"player_choice":"Memory 3","damage_taken":10,"max_hp_gain":0,"max_hp_loss":0,"event_name":"SensoryStone","floor":41,"gold_loss":0},{"damage_healed":0,"gold_gain":0,"player_choice":"Fight","damage_taken":0,"max_hp_gain":0,"max_hp_loss":0,"event_name":"MindBloom","floor":46,"gold_loss":0},{"damage_healed":0,"gold_gain":100,"player_choice":"Pray","damage_taken":0,"max_hp_gain":0,"max_hp_loss":0,"event_name":"Golden Shrine","floor":48,"gold_loss":0}],"is_beta":false,"boss_relics":[{"not_picked":["Coffee Dripper","Fusion Hammer"],"picked":"Runic Cube"},{"not_picked":["Black Blood","SacredBark"],"picked":"Astrolabe"}],"items_purged_floors":[],"is_endless":false,"potions_floor_spawned":[2,6,7,8,12,16,20,22,23,29,31,35,45],"ascension_level":6}}