{"host":"r53pw7z744tg3fxg","time":1612231800,"event":{"mods":["AchievementEnabler","BaseMod","Colored Map","Colored Powertips","Highlight Path","Minty Spire (QoL Compilation)","Quick Restart","Transform Curses"],"gold_per_floor":[114,128,139,139,139,171,171,6,6,6,17,35,35,49,49,123,123,139,139,150,163,178,178,178,178],"floor_reached":24,"language":"ENG","playtime":951,"items_purged":[],"score":475,"play_id":"647d835d-177d-43ec-8cf1-21981788954c","local_time":"20210201191000","is_ascension_mode":true,"campfire_choices":[{"floor":7.0,"key":"REST"},{"data":"WindmillStrike","floor":10.0,"key":"SMITH"},{"data":"LikeWater","floor":13.0,"key":"SMITH"},{"data":"WheelKick","floor":15.0,"key":"SMITH"},{"floor":23.0,"key":"REST"}],"circlet_count":0,"master_deck":["AscendersBane","Strike_P","Strike_P","Strike_P","Strike_P","Defend_P","Defend_P+1","Defend_P+1","Defend_P","Eruption+1","Vigilance","CutThroughFate","ThirdEye","WindmillStrike+1","WheelKick+1","LikeWater+1","CarveReality","DevaForm","CurseOfTheBell","Perseverance","Consecrate","FlurryOfBlows","Establishment"],"relics":["PureWater","Blue Candle","Centennial Puzzle","Bronze Scales","Shuriken","Calling Bell","War Paint","Meat on the Bone","Calipers"],"acts_visited":["Exordium","TheCity"],"potions_floor_usage":[24],"damage_taken":[{"damage":2.0,"enemies":"2 Louse","floor":1.0,"turns":3.0},{"damage":0.0,"enemies":"Small Slimes","floor":2.0,"turns":3.0},{"damage":0.0,"enemies":"Jaw Worm","floor":3.0,"turns":3.0},{"damage":12.0,"enemies":"3 Sentries","floor":6.0,"turns":4.0},{"damage":6.0,"enemies":"Looter","floor":11.0,"turns":2.0},{"damage":0.0,"enemies":"3 Louse","floor":12.0,"turns":2.0},{"damage":0.0,"enemies":"2 Fungi Beasts","floor":14.0,"turns":3.0},{"damage":0.0,"enemies":"Slime Boss","floor":16.0,"turns":5.0},{"damage":9.0,"enemies":"Spheric Guardian","floor":18.0,"turns":4.0},{"damage":8.0,"enemies":"Shell Parasite","floor":20.0,"turns":5.0},{"damage":11.0,"enemies":"Centurion and Healer","floor":21.0,"turns":6.0},{"damage":14.0,"enemies":"3 Cultists","floor":22.0,"turns":4.0},{"damage":59,"enemies":"Book of Stabbing","floor":24,"turns":5}],"seed_played":"7909897508416395310","potions_obtained":[{"floor":1.0,"key":"AttackPotion"},{"floor":12.0,"key":"Dexterity Potion"},{"floor":14.0,"key":"GamblersBrew"},{"floor":16.0,"key":"Strength Potion"},{"floor":20.0,"key":"LiquidMemories"},{"floor":21.0,"key":"BlessingOfTheForge"},{"floor":22.0,"key":"DuplicationPotion"}],"is_trial":false,"path_per_floor":["M","M","M","?","?","E","R","$","T","R","M","M","R","M","R","B",null,"M","?","M","M","M","R","E"],"character_chosen":"WATCHER","items_purchased":["Bronze Scales"],"campfire_rested":2,"item_purchase_floors":[8],"current_hp_per_floor":[59,59,59,59,54,42,62,62,62,62,56,56,56,56,56,56,65,56,56,48,37,35,55,0,0],"gold":178,"neow_bonus":"UPGRADE_CARD","is_daily":false,"chose_seed":false,"campfire_upgraded":3,"win_rate":0.0,"timestamp":1612231800,"path_taken":["M","M","M","?","?","E","R","?","T","R","M","M","R","M","R","BOSS","M","?","M","M","M","R","E"],"items_purchased_type":["Relic"],"build_version":"2020-12-22","purchased_purges":0,"victory":false,"max_hp_per_floor":[68,68,68,68,68,68,68,68,68,68,68,68,68,68,68,68,68,68,68,68,68,68,68,68,68],"card_choices":[{"not_picked":["Study","PathToVictory"],"picked":"CutThroughFate","floor":1.0},{"not_picked":["FlyingSleeves","SashWhip"],"picked":"ThirdEye","floor":2.0},{"not_picked":["CrushJoints","ThirdEye"],"picked":"WindmillStrike","floor":3.0},{"not_picked":["Collect","EmptyFist"],"picked":"WheelKick","floor":6.0},{"not_picked":["CutThroughFate","SandsOfTime","Worship"],"picked":"SKIP","floor":11.0},{"not_picked":["Pray","FlurryOfBlows"],"picked":"LikeWater","floor":12.0},{"not_picked":["Prostrate","WheelKick"],"picked":"CarveReality","floor":14.0},{"not_picked":["Judgement","DeusExMachina"],"picked":"DevaForm","floor":16.0},{"not_picked":["Halt","CrushJoints"],"picked":"Perseverance","floor":18.0},{"not_picked":["Indignation","Crescendo"],"picked":"Consecrate","floor":20.0},{"not_picked":["JustLucky","ClearTheMind"],"picked":"FlurryOfBlows","floor":21.0},{"not_picked":["LikeWater+1","Weave"],"picked":"Establishment","floor":22.0}],"player_experience":1415885,"relics_obtained":[{"floor":6.0,"key":"Centennial Puzzle"},{"floor":9.0,"key":"Shuriken"},{"floor":17.0,"key":"War Paint"},{"floor":17.0,"key":"Meat on the Bone"},{"floor":17.0,"key":"Calipers"}],"event_choices":[{"damage_healed":0.0,"max_hp_gain":0.0,"max_hp_loss":0.0,"gold_gain":0.0,"event_name":"Golden Wing","player_choice":"Ignored","floor":4.0,"gold_loss":0.0,"damage_taken":0.0},{"damage_healed":0.0,"max_hp_gain":0.0,"max_hp_loss":0.0,"gold_gain":0.0,"event_name":"Scrap Ooze","player_choice":"Success","floor":5.0,"gold_loss":0.0,"damage_taken":5.0,"relics_obtained":["Blue Candle"]},{"damage_healed":0.0,"max_hp_gain":0.0,"max_hp_loss":0.0,"gold_gain":0.0,"event_name":"Beggar","player_choice":"Ignored","floor":19.0,"gold_loss":0.0,"damage_taken":0.0}],"is_beta":false,"boss_relics":[{"not_picked":["Empty Cage","Coffee Dripper"],"picked":"Calling Bell"}],"items_purged_floors":[],"is_endless":false,"potions_floor_spawned":[1,12,14,16,20,21,22],"killed_by":"Book of Stabbing","ascension_level":18}}