{"host":"xb2tau8pgi8aflss","time":1612265638,"event":{"mods":["AchievementEnabler","BaseMod","Minty Spire (QoL Compilation)","StSLib","SuperFastMode"],"gold_per_floor":[109,34,47,57,67,67,102,122,122,139,139,139,89,104,104,205,205,223,254,272,272,187,187,87,122,122,122,141,154,183,201,201,306,306,316,316,326,340,131,131,131,160,160,160,174,18,18,46,46,46],"floor_reached":51,"language":"KOR","playtime":1472,"items_purged":["Strike_P","Defend_P","Pain"],"score":1078,"play_id":"a42bf7b8-8a6b-46bb-8f27-9e01cb3dae1e","local_time":"20210202203358","is_ascension_mode":true,"campfire_choices":[{"floor":6.0,"key":"REST"},{"floor":15.0,"key":"REST"},{"floor":23.0,"key":"REST"},{"floor":27.0,"key":"RECALL"},{"floor":32,"key":"REST"},{"floor":41,"key":"REST"},{"floor":44,"key":"REST"},{"floor":49,"key":"REST"}],"circlet_count":0,"master_deck":["Defend_P","Defend_P","Eruption","Vigilance","SignatureMove","Tantrum","EmptyBody","Adaptation","Omniscience","Necronomicurse","Omniscience","Establishment+1","Prostrate+1","CarveReality+1","Finesse","EmptyFist+1"],"relics":["Fusion Hammer","Potion Belt","Singing Bowl","FossilizedHelix","Cursed Key","Red Mask","Necronomicon","Molten Egg 2","StrikeDummy","Darkstone Periapt","MealTicket","Astrolabe","Blue Candle","Incense Burner","Orichalcum","Toy Ornithopter"],"acts_visited":["Exordium","TheCity","TheBeyond"],"potions_floor_usage":[31,33,33,40,40,40,50,50,50],"damage_taken":[{"damage":0.0,"enemies":"Cultist","floor":1.0,"turns":3.0},{"damage":16.0,"enemies":"Small Slimes","floor":3.0,"turns":3.0},{"damage":9.0,"enemies":"2 Louse","floor":4.0,"turns":2.0},{"damage":0.0,"enemies":"Exordium Wildlife","floor":5.0,"turns":2.0},{"damage":8.0,"enemies":"Lagavulin","floor":7.0,"turns":3.0},{"damage":11.0,"enemies":"Blue Slaver","floor":8.0,"turns":3.0},{"damage":0.0,"enemies":"2 Fungi Beasts","floor":10.0,"turns":3.0},{"damage":0.0,"enemies":"Red Slaver","floor":14.0,"turns":2.0},{"damage":28.0,"enemies":"Hexaghost","floor":16.0,"turns":6.0},{"damage":0.0,"enemies":"Shell Parasite","floor":18.0,"turns":3.0},{"damage":0.0,"enemies":"Masked Bandits","floor":19.0,"turns":3.0},{"damage":0.0,"enemies":"Chosen","floor":20.0,"turns":1.0},{"damage":0.0,"enemies":"Gremlin Leader","floor":25.0,"turns":3.0},{"damage":17.0,"enemies":"Sentry and Sphere","floor":28.0,"turns":3.0},{"damage":2.0,"enemies":"3 Cultists","floor":29.0,"turns":3.0},{"damage":45.0,"enemies":"Slavers","floor":30.0,"turns":4.0},{"damage":1,"enemies":"Shelled Parasite and Fungi","floor":31,"turns":3},{"damage":34,"enemies":"Collector","floor":33,"turns":6},{"damage":0,"enemies":"Orb Walker","floor":35,"turns":2},{"damage":21,"enemies":"3 Darklings","floor":37,"turns":5},{"damage":20,"enemies":"Maw","floor":38,"turns":6},{"damage":0,"enemies":"Reptomancer","floor":40,"turns":2},{"damage":37,"enemies":"Nemesis","floor":42,"turns":5},{"damage":32,"enemies":"4 Shapes","floor":45,"turns":8},{"damage":107,"enemies":"Reptomancer","floor":48,"turns":5},{"damage":84,"enemies":"Donu and Deca","floor":50,"turns":9}],"seed_played":"-4025693378000402043","potions_obtained":[{"floor":3.0,"key":"EntropicBrew"},{"floor":8.0,"key":"GamblersBrew"},{"floor":16.0,"key":"Energy Potion"},{"floor":25.0,"key":"FairyPotion"},{"floor":29.0,"key":"Dexterity Potion"},{"floor":30.0,"key":"FearPotion"},{"floor":31,"key":"BottledMiracle"},{"floor":33,"key":"SmokeBomb"},{"floor":37,"key":"Weak Potion"},{"floor":38,"key":"Fire Potion"},{"floor":47,"key":"SteroidPotion"},{"floor":47,"key":"Dexterity Potion"},{"floor":47,"key":"FairyPotion"},{"floor":48,"key":"EssenceOfSteel"}],"is_trial":false,"path_per_floor":["M","$","M","M","M","R","E","M","T","M","?","?","?","M","R","B",null,"M","?","M","?","?","R","$","E","T","R","M","M","E","M","R","B",null,"M","?","M","M","$","E","R","E","T","R","M","$","?","E","R","B",null],"character_chosen":"WATCHER","items_purchased":["Finesse","Orichalcum"],"campfire_rested":7,"item_purchase_floors":[39,46],"current_hp_per_floor":[65,65,49,40,40,61,53,42,42,44,44,44,44,46,68,40,67,69,71,73,57,57,81,81,83,83,83,68,68,25,26,53,19,74,76,76,57,39,54,54,83,48,48,78,48,63,63,30,60,30],"gold":46,"neow_bonus":"BOSS_RELIC","is_daily":false,"chose_seed":false,"campfire_upgraded":0,"win_rate":0.0,"timestamp":1612265638,"path_taken":["M","$","M","M","M","R","E","M","T","M","?","?","?","M","R","BOSS","M","?","M","?","?","R","$","E","T","R","M","M","E","M","R","BOSS","M","?","M","?","$","E","R","E","T","R","M","?","?","E","R","BOSS"],"items_purchased_type":["Card","Relic"],"build_version":"2020-12-22","purchased_purges":3,"victory":true,"max_hp_per_floor":[72,72,72,72,72,72,72,72,72,74,74,74,74,76,76,76,76,78,80,82,82,82,82,82,84,84,84,86,88,90,92,92,92,92,94,94,96,98,98,98,98,100,100,100,102,102,102,102,102,102],"card_choices":[{"not_picked":["FollowUp","Swivel"],"picked":"SignatureMove","floor":1.0},{"not_picked":["Protect","Consecrate","Wallop"],"picked":"SKIP","floor":3.0},{"not_picked":["JustLucky","CutThroughFate"],"picked":"Tantrum","floor":4.0},{"not_picked":["Wallop","Study","EmptyBody"],"picked":"SKIP","floor":5.0},{"not_picked":["Wallop","Study"],"picked":"EmptyBody","floor":5.0},{"not_picked":["Meditate","Prostrate"],"picked":"Adaptation","floor":7.0},{"not_picked":["WaveOfTheHand","ForeignInfluence","Prostrate"],"picked":"SKIP","floor":8.0},{"not_picked":["WaveOfTheHand","Protect","FlyingSleeves"],"picked":"Singing Bowl","floor":10.0},{"not_picked":["Adaptation","Prostrate","Protect"],"picked":"Singing Bowl","floor":14.0},{"not_picked":["Devotion","Wish"],"picked":"Omniscience","floor":16.0},{"not_picked":["FlyingSleeves+1","Pray","BowlingBash"],"picked":"Singing Bowl","floor":18.0},{"not_picked":["ClearTheMind","EmptyBody","Pray"],"picked":"Singing Bowl","floor":19.0},{"not_picked":["FlyingSleeves+1","WheelKick+1","Pray+1"],"picked":"Singing Bowl","floor":20.0},{"not_picked":["FollowUp+1","Prostrate","Protect"],"picked":"Singing Bowl","floor":25.0},{"not_picked":["CutThroughFate+1","Consecrate+1","BowlingBash+1"],"picked":"Singing Bowl","floor":28.0},{"not_picked":["Crescendo","FlurryOfBlows+1","Judgement"],"picked":"Singing Bowl","floor":29.0},{"not_picked":["SashWhip+1","EmptyFist+1","Consecrate+1"],"picked":"Singing Bowl","floor":30.0},{"not_picked":["EmptyMind","Wireheading+1","Consecrate+1"],"picked":"Singing Bowl","floor":31},{"not_picked":["DeusExMachina","Establishment"],"picked":"Omniscience","floor":33},{"not_picked":["Halt","EmptyBody+1","Prostrate+1"],"picked":"Singing Bowl","floor":35},{"not_picked":["Crescendo","JustLucky+1","ClearTheMind+1"],"picked":"Singing Bowl","floor":37},{"not_picked":["Meditate+1","CrushJoints+1","CarveReality+1"],"picked":"Singing Bowl","floor":38},{"not_picked":["Nirvana+1","Alpha","SandsOfTime+1"],"picked":"Singing Bowl","floor":42},{"not_picked":["CutThroughFate+1","Crescendo+1","FollowUp+1"],"picked":"Singing Bowl","floor":45},{"not_picked":["Crescendo+1","Weave+1"],"picked":"EmptyFist+1","floor":48}],"player_experience":752511,"relics_obtained":[{"floor":7.0,"key":"Potion Belt"},{"floor":9.0,"key":"Singing Bowl"},{"floor":19.0,"key":"Red Mask"},{"floor":21.0,"key":"Necronomicon"},{"floor":25.0,"key":"StrikeDummy"},{"floor":26.0,"key":"Darkstone Periapt"},{"floor":30.0,"key":"MealTicket"},{"floor":36,"key":"Blue Candle"},{"floor":42,"key":"Incense Burner"},{"floor":48,"key":"Toy Ornithopter"}],"event_choices":[{"damage_healed":0.0,"max_hp_gain":0.0,"max_hp_loss":0.0,"gold_gain":0.0,"event_name":"Big Fish","player_choice":"Box","floor":11.0,"gold_loss":0.0,"damage_taken":0.0,"relics_obtained":["FossilizedHelix"],"cards_obtained":["Regret"]},{"cards_removed":["Regret"],"damage_healed":0.0,"max_hp_gain":0.0,"max_hp_loss":0.0,"gold_gain":0.0,"event_name":"Living Wall","player_choice":"Forget","floor":12.0,"gold_loss":0.0,"damage_taken":0.0},{"cards_removed":["Strike_P"],"damage_healed":0.0,"max_hp_gain":0.0,"max_hp_loss":0.0,"gold_gain":0.0,"event_name":"The Cleric","player_choice":"Card Removal","floor":13.0,"gold_loss":50.0,"damage_taken":0.0},{"damage_healed":0.0,"max_hp_gain":0.0,"max_hp_loss":0.0,"gold_gain":0.0,"event_name":"Masked Bandits","player_choice":"Fought Bandits","floor":19.0,"gold_loss":0.0,"damage_taken":0.0},{"damage_healed":0.0,"max_hp_gain":0.0,"max_hp_loss":0.0,"gold_gain":0.0,"event_name":"Cursed Tome","player_choice":"Obtained Book","floor":21.0,"gold_loss":0.0,"damage_taken":16.0},{"damage_healed":0.0,"max_hp_gain":0.0,"max_hp_loss":0.0,"gold_gain":0.0,"event_name":"Addict","player_choice":"Obtained Relic","floor":22.0,"gold_loss":85.0,"damage_taken":0.0,"relics_obtained":["Molten Egg 2"]},{"damage_healed":0,"gold_gain":0,"player_choice":"Relic","damage_taken":0,"max_hp_gain":0,"max_hp_loss":0,"event_name":"Wheel of Change","floor":36,"gold_loss":0},{"damage_healed":0,"gold_gain":0,"player_choice":"Got Potions","damage_taken":0,"max_hp_gain":0,"max_hp_loss":0,"event_name":"Lab","floor":47,"gold_loss":0}],"is_beta":false,"boss_relics":[{"not_picked":["Black Star","Velvet Choker"],"picked":"Cursed Key"},{"not_picked":["Busted Crown","Philosopher\u0027s Stone"],"picked":"Astrolabe"}],"items_purged_floors":[2,24,39],"is_endless":false,"potions_floor_spawned":[3,8,16,25,29,30,31,33,37,38,48],"ascension_level":6}}