{"host":"22ezjknwheybwqtz","time":1612248690,"event":{"mods":["BaseMod","Minty Spire (QoL Compilation)","Replay The Spire","Shop Mod","StSLib","The Cursed"],"gold_per_floor":[114,114,39,127,147,147,160,160,160,192,192,208,383,398,398,497,497,509,509,98,112,132,132,7,7,7,41,53,77,89,120,132,144,144],"floor_reached":33,"language":"ENG","playtime":2036,"items_purged":["TheCursedMod:Strike_TheCursed","TheCursedMod:Defend_TheCursed","TheCursedMod:Defend_TheCursed"],"score":265,"play_id":"bac7d298-9538-45fd-b101-36d61f8c167f","local_time":"20210202145130","is_ascension_mode":false,"campfire_choices":[{"data":"TheCursedMod:SaltUponWound","floor":6,"key":"SMITH"},{"data":"TheCursedMod:Stigma","floor":8,"key":"SMITH"},{"floor":15,"key":"REST"},{"data":"TheCursedMod:SaltUponWound","floor":23,"key":"SMITH"},{"floor":28,"key":"REST"},{"floor":30,"key":"REST"},{"floor":32,"key":"DIG"}],"circlet_count":0,"master_deck":["TheCursedMod:Strike_TheCursed","TheCursedMod:CursedWand","TheCursedMod:CleanUpWorkshop+1","TheCursedMod:Dregs","TheCursedMod:SurpriseAttack","TheCursedMod:SpitefulPlan","TheCursedMod:Stigma","TheCursedMod:Stigma+1","TheCursedMod:SaltUponWound+1","TheCursedMod:OutForBlood","Doubt","TheCursedMod:Mangle","TheCursedMod:AntiAging","TheCursedMod:SmokeScreen+1","TheCursedMod:Obscuration+1","TheCursedMod:DemonicPact+1","TheCursedMod:SaltUponWound+1","TheCursedMod:Hemoplague+1","TheCursedMod:Torture","TheCursedMod:ParallelWorld"],"relics":["TheCursedMod:BlackMagic101","Shovel","TheCursedMod:BloodyHarpoon","Replay:Grab Bag","Busted Crown","TheCursedMod:OminousMark","Astrolabe","Replay:Ringing Soul","Replay:PocketPolymizer","Replay:Bottled Eggs","MawBank","Matryoshka"],"acts_visited":["Exordium","TheCity"],"potions_floor_usage":[10,16,29,29,33],"damage_taken":[{"damage":5,"enemies":"Small Slimes","floor":1,"turns":5},{"damage":6,"enemies":"Jaw Worm","floor":5,"turns":3},{"damage":13,"enemies":"2 Louse","floor":7,"turns":2},{"damage":27,"enemies":"Lagavulin","floor":10,"turns":5},{"damage":12,"enemies":"Red Slaver","floor":12,"turns":3},{"damage":13,"enemies":"2 Fungi Beasts","floor":14,"turns":4},{"damage":13,"enemies":"Hexaghost","floor":16,"turns":6},{"damage":0,"enemies":"Chosen","floor":18,"turns":4},{"damage":35,"enemies":"2 Thieves","floor":21,"turns":4},{"damage":15,"enemies":"Centurion and Healer","floor":22,"turns":5},{"damage":12,"enemies":"Book of Stabbing","floor":27,"turns":2},{"damage":38,"enemies":"3 Cultists","floor":29,"turns":5},{"damage":10,"enemies":"Snecko","floor":31,"turns":2},{"damage":38,"enemies":"Automaton","floor":33,"turns":6}],"seed_played":"-5208906563434730302","potions_obtained":[{"floor":7,"key":"Swift Potion"},{"floor":12,"key":"SpeedPotion"},{"floor":18,"key":"LiquidBronze"},{"floor":22,"key":"Fire Potion"},{"floor":29,"key":"Weak Potion"},{"floor":31,"key":"Elixir"}],"is_trial":false,"path_per_floor":["M","?","$","?","M","R","M","R","T","E","?","M","?","M","R","B",null,"M","?","$","M","M","R","$","?","T","E","R","M","R","M","R","B"],"character_chosen":"THE_CURSED","items_purchased":["TheCursedMod:Hemoplague","Replay:Ringing Soul"],"campfire_rested":3,"item_purchase_floors":[20,20],"current_hp_per_floor":[70,70,70,52,46,46,33,33,33,6,31,19,19,6,28,15,75,77,77,77,44,34,34,34,34,34,25,51,13,39,29,29,0,0],"gold":144,"neow_bonus":"RANDOM_EVENT","is_daily":false,"chose_seed":false,"campfire_upgraded":3,"win_rate":0.0,"timestamp":1612248690,"path_taken":["M","?","$","?","M","R","?","R","T","E","?","M","?","M","R","BOSS","M","?","$","M","M","R","$","?","T","E","R","M","R","M","R","BOSS"],"items_purchased_type":["Card","Relic"],"build_version":"2020-12-22","purchased_purges":3,"victory":false,"max_hp_per_floor":[75,75,75,75,75,75,75,75,75,75,75,75,75,75,75,75,75,77,77,77,79,84,84,84,84,84,87,87,87,87,87,87,89,89],"card_choices":[{"not_picked":["TheCursedMod:Stigma","TheCursedMod:CursedArmor"],"picked":"TheCursedMod:SurpriseAttack","floor":1},{"not_picked":["TheCursedMod:SpitefulStrike","TheCursedMod:BlessingInDisguise"],"picked":"TheCursedMod:SpitefulPlan","floor":4},{"not_picked":["TheCursedMod:TacticalStrike","TheCursedMod:VitalStrike"],"picked":"TheCursedMod:Stigma","floor":4},{"not_picked":["TheCursedMod:Stretching","TheCursedMod:Grudge"],"picked":"TheCursedMod:Stigma","floor":4},{"not_picked":["TheCursedMod:Stigma","TheCursedMod:CursedBlade"],"picked":"TheCursedMod:SaltUponWound","floor":5},{"not_picked":["TheCursedMod:BloodBarrier","TheCursedMod:DoubleShield","TheCursedMod:ShockAndAwe"],"picked":"SKIP","floor":7},{"not_picked":["TheCursedMod:CircleOfCorruption","TheCursedMod:Obscuration"],"picked":"TheCursedMod:OutForBlood","floor":10},{"not_picked":["TheCursedMod:CursedAmulet","TheCursedMod:TroublousMinions","TheCursedMod:Wield"],"picked":"SKIP","floor":12},{"not_picked":["TheCursedMod:SpitefulPray","TheCursedMod:HellfireBreathing"],"picked":"TheCursedMod:Mangle","floor":14},{"not_picked":["TheCursedMod:Neurasthenia","TheCursedMod:CollectTribute"],"picked":"TheCursedMod:AntiAging","floor":16},{"not_picked":["TheCursedMod:SpitefulPray+1"],"picked":"SKIP","floor":18},{"not_picked":["TheCursedMod:CursedArmor+1"],"picked":"SKIP","floor":21},{"not_picked":[],"picked":"TheCursedMod:Torture","floor":22},{"not_picked":[],"picked":"TheCursedMod:ParallelWorld","floor":27},{"not_picked":["TheCursedMod:CursedBoomerang"],"picked":"SKIP","floor":29},{"not_picked":["TheCursedMod:TroublousMinions+1"],"picked":"SKIP","floor":31}],"player_experience":76560,"relics_obtained":[{"floor":9,"key":"Shovel"},{"floor":10,"key":"TheCursedMod:BloodyHarpoon"},{"floor":26,"key":"Replay:Bottled Eggs"},{"floor":27,"key":"MawBank"},{"floor":32,"key":"Matryoshka"}],"event_choices":[{"cards_removed":["TheCursedMod:Strike_TheCursed"],"damage_healed":0,"gold_gain":0,"player_choice":"Forget","damage_taken":0,"max_hp_gain":0,"max_hp_loss":0,"event_name":"Living Wall","floor":0,"gold_loss":0},{"damage_healed":25,"gold_gain":0,"player_choice":"Banana","damage_taken":0,"max_hp_gain":0,"max_hp_loss":0,"event_name":"Big Fish","floor":11,"gold_loss":0},{"damage_healed":0,"gold_gain":175,"player_choice":"AGREE","damage_taken":0,"max_hp_gain":0,"max_hp_loss":0,"event_name":"Liars Game","floor":13,"gold_loss":0,"cards_obtained":["Doubt"]},{"damage_healed":0,"gold_gain":0,"player_choice":"Read","damage_taken":0,"max_hp_gain":0,"max_hp_loss":0,"event_name":"The Library","floor":19,"gold_loss":0,"cards_obtained":["TheCursedMod:SaltUponWound"]}],"is_beta":false,"boss_relics":[{"not_picked":["Kintsugi","TheCursedMod:BlackMagicAdvanced"],"picked":"Replay:Grab Bag"},{"not_picked":["Replay:Wanted Poster","Ectoplasm"],"picked":"Busted Crown"},{"not_picked":["Runic Dome","Cursed Key"],"picked":"TheCursedMod:OminousMark"},{"not_picked":["Empty Cage","TheCursedMod:FourLeafCloverCharm"],"picked":"Astrolabe"}],"items_purged_floors":[3,20,24],"is_endless":false,"potions_floor_spawned":[7,12,18,22,29,31],"killed_by":"Automaton","ascension_level":0}}