{"host":"klqcd4cqxrk2p1u3","time":1612303481,"event":{"mods":["BaseMod","Downfall","Minty Spire (QoL Compilation)","StSLib"],"gold_per_floor":[99,117,131,150,150,174,174,186,361,380,390,423,7,27,42,42,42,42],"floor_reached":16,"language":"ENG","playtime":1905,"items_purged":["Doubt"],"score":131,"play_id":"f0e8d8f2-1701-4377-89e8-c99bd8f3c190","local_time":"20210202170441","is_ascension_mode":false,"campfire_choices":[{"floor":1,"key":"RECALL"}],"circlet_count":0,"master_deck":["bronze:Strike","bronze:Strike","bronze:Strike","bronze:Strike","bronze:Defend","bronze:Defend","bronze:Defend","bronze:Defend","bronze:Replicate","bronze:Goto","bronze:FineTuning","bronze:Shield","bronze:ShipIt","bronze:CutThrough","bronze:BitShift","bronze:GetLatest","bronze:Format","bronze:Constructor","bronze:ItsAFeature","Finesse","bronze:WhirlingStrike","bronze:Separator"],"relics":["bronze:BronzeCore","Mercury Hourglass","Tiny Chest","Lantern"],"acts_visited":["Exordium"],"potions_floor_usage":[10,10,16],"damage_taken":[{"damage":0,"enemies":"Small Slimes","floor":2,"turns":4},{"damage":1,"enemies":"Jaw Worm","floor":3,"turns":6},{"damage":4,"enemies":"Cultist","floor":4,"turns":6},{"damage":0,"enemies":"3 Louse","floor":8,"turns":4},{"damage":4,"enemies":"Exordium Wildlife","floor":10,"turns":4},{"damage":7,"enemies":"2 Fungi Beasts","floor":11,"turns":3},{"damage":24,"enemies":"3 Sentries","floor":12,"turns":8},{"damage":10,"enemies":"downfall:FleeingMerchant","floor":13,"turns":4},{"damage":16,"enemies":"Large Slime","floor":14,"turns":6},{"damage":0,"enemies":"Lots of Slimes","floor":15,"turns":1},{"damage":28,"enemies":"SI_SHIV_ARCHETYPE","floor":16,"turns":5}],"seed_played":"2129439048696293360","potions_obtained":[{"floor":3,"key":"Slimebound:ThreeZeroPotion"},{"floor":4,"key":"ColorlessPotion"},{"floor":15,"key":"Energy Potion"}],"is_trial":false,"path_per_floor":["R","M","M","M","?","T","T","M","?","M","M","E","$","M","M","B"],"character_chosen":"THE_AUTOMATON","items_purchased":["Lantern","bronze:Constructor","bronze:ItsAFeature","Finesse"],"campfire_rested":0,"item_purchase_floors":[13,13,13,13],"current_hp_per_floor":[77,77,76,72,87,87,87,87,87,83,76,52,42,26,26,0,0,0],"gold":42,"neow_bonus":"TEN_PERCENT_HP_BONUS","is_daily":false,"chose_seed":false,"campfire_upgraded":0,"win_rate":0.0,"timestamp":1612303481,"path_taken":["R","M","M","M","?","?","T","?","?","M","M","E","$","M","M","BOSS"],"items_purchased_type":["Relic","Card","Card","Card"],"build_version":"2020-12-22","purchased_purges":1,"victory":false,"max_hp_per_floor":[77,77,77,77,87,87,87,87,87,87,87,87,87,87,87,87,87,87],"card_choices":[{"not_picked":["bronze:Invalidate","bronze:Flail"],"picked":"bronze:FineTuning","floor":2},{"not_picked":["bronze:BugBarrage","bronze:DelayedGuard"],"picked":"bronze:Shield","floor":3},{"not_picked":["bronze:Iterate","bronze:WildBeam"],"picked":"bronze:Library","floor":4},{"not_picked":["bronze:FineTuning","bronze:WildBeam"],"picked":"bronze:ShipIt","floor":8},{"not_picked":["bronze:BugBarrage","bronze:BitShift"],"picked":"bronze:CutThrough","floor":10},{"not_picked":["bronze:ForLoop","bronze:ForceShield"],"picked":"bronze:BitShift","floor":11},{"not_picked":["bronze:Overheat","bronze:Shield"],"picked":"bronze:GetLatest","floor":12},{"not_picked":["bronze:DelayedGuard","bronze:Backtrace"],"picked":"bronze:Format","floor":13},{"not_picked":["bronze:ClassDefault","bronze:OilSpill"],"picked":"bronze:WhirlingStrike","floor":14},{"not_picked":["bronze:Shield","bronze:Optimize"],"picked":"bronze:Separator","floor":15}],"player_experience":1412210,"relics_obtained":[{"floor":7,"key":"Mercury Hourglass"},{"floor":12,"key":"Tiny Chest"}],"event_choices":[],"is_beta":false,"boss_relics":[],"items_purged_floors":[13],"is_endless":false,"potions_floor_spawned":[3,4,15],"killed_by":"SI_SHIV_ARCHETYPE","ascension_level":0}}