{"host":"t1puqh5lxz8sp6fn","time":1612231101,"event":{"mods":["AchievementEnabler","BaseMod","Colored Powertips","Minty Spire (QoL Compilation)","Rare Cards Sparkle","Relic Stats","StSLib"],"gold_per_floor":[20,20,33,33,33,33,33,48,75,98,98,129,129,129,129,129,129],"floor_reached":16,"playtime":361,"items_purged":[],"score":162,"play_id":"5bcc4aac-adda-4843-8fb5-04626ae71b20","local_time":"20210201225821","is_ascension_mode":true,"campfire_choices":[{"data":"The Bomb","floor":6,"key":"SMITH"},{"data":"Feed","floor":11,"key":"SMITH"},{"data":"Evolve","floor":13,"key":"SMITH"},{"data":"True Grit","floor":15,"key":"SMITH"}],"circlet_count":0,"master_deck":["AscendersBane","Strike_R","Strike_R","Strike_R","Strike_R","Defend_R","Defend_R","Defend_R","Defend_R","Bash","The Bomb+1","Carnage","Limit Break","Cleave","Feed+1","Evolve+1","Feed","True Grit+1"],"relics":["Burning Blood","Golden Idol","Blood Vial","Ginger"],"acts_visited":["Exordium"],"potions_floor_usage":[16],"damage_taken":[{"damage":8,"enemies":"Jaw Worm","floor":1,"turns":4},{"damage":13,"enemies":"2 Louse","floor":3,"turns":3},{"damage":7,"enemies":"Small Slimes","floor":8,"turns":4},{"damage":5,"enemies":"Gremlin Gang","floor":10,"turns":3},{"damage":25,"enemies":"3 Sentries","floor":12,"turns":5},{"damage":63,"enemies":"The Guardian","floor":16,"turns":10}],"seed_played":"-4040839748105689982","potions_obtained":[{"floor":3,"key":"BloodPotion"},{"floor":10,"key":"Explosive Potion"},{"floor":12,"key":"Strength Potion"}],"is_trial":false,"path_per_floor":["M","?","M","$","?","R","?","M","T","M","R","E","R","?","R","B"],"character_chosen":"IRONCLAD","items_purchased":[],"campfire_rested":0,"item_purchase_floors":[],"current_hp_per_floor":[70,70,63,63,43,43,69,68,68,74,74,61,61,61,61,0,0],"gold":129,"neow_bonus":"RANDOM_COLORLESS_2","is_daily":false,"chose_seed":false,"campfire_upgraded":4,"win_rate":0.0,"timestamp":1612231101,"path_taken":["M","?","M","?","?","R","?","M","T","?","R","E","R","?","R","BOSS"],"items_purchased_type":[],"build_version":"2020-12-13","purchased_purges":0,"victory":false,"max_hp_per_floor":[80,80,80,80,80,80,80,80,80,83,83,87,87,87,87,87,87],"relic_stats":{"Blood Vial":6,"counters":[6,29],"Golden Idol":14,"Ginger":[2],"obtain_stats":[{"Blood Vial":9,"Golden Idol":5,"Ginger":12,"Burning Blood":0},{"Blood Vial":3,"Golden Idol":2,"Ginger":5,"Burning Blood":0},{"Blood Vial":11,"Golden Idol":7,"Ginger":19,"Burning Blood":0}],"Burning Blood":30},"card_choices":[{"not_picked":["Violence","Panache"],"picked":"The Bomb","floor":0},{"not_picked":["Perfected Strike","Sword Boomerang"],"picked":"Carnage","floor":1},{"not_picked":["Havoc","Second Wind"],"picked":"Cleave","floor":3},{"not_picked":["Body Slam","Power Through"],"picked":"Feed","floor":8},{"not_picked":["Twin Strike","Perfected Strike"],"picked":"Evolve","floor":10},{"not_picked":["Wild Strike","Clothesline"],"picked":"Feed","floor":12}],"player_experience":465291,"relics_obtained":[{"floor":9,"key":"Blood Vial"},{"floor":12,"key":"Ginger"}],"event_choices":[{"damage_healed":0,"gold_gain":0,"cards_transformed":["Strike_R"],"player_choice":"Change","damage_taken":0,"max_hp_gain":0,"max_hp_loss":0,"event_name":"Living Wall","floor":2,"gold_loss":0,"cards_obtained":["Limit Break"]},{"damage_healed":0,"gold_gain":0,"player_choice":"Take Damage","damage_taken":20,"relics_obtained":["Golden Idol"],"max_hp_gain":0,"max_hp_loss":0,"event_name":"Golden Idol","floor":5,"gold_loss":0},{"damage_healed":26,"gold_gain":0,"player_choice":"Banana","damage_taken":0,"max_hp_gain":0,"max_hp_loss":0,"event_name":"Big Fish","floor":7,"gold_loss":0},{"damage_healed":0,"gold_gain":0,"player_choice":"1 cards matched","damage_taken":0,"max_hp_gain":0,"max_hp_loss":0,"event_name":"Match and Keep!","floor":14,"gold_loss":0,"cards_obtained":["True Grit"]}],"is_beta":false,"boss_relics":[],"items_purged_floors":[],"is_endless":false,"potions_floor_spawned":[3,10,12],"killed_by":"The Guardian","ascension_level":13}}