{"host":"20e88t9rzopateec","time":1612260565,"event":{"mods":["ATMod(°¢èªMod)","Aspiration","BaseMod","Colored Map","Dota2Spire","Marked Mod","Minty Spire (QoL Compilation)","MostiFishMod","Quick Restart","Replay The Spire","Shop Mod","Spicy Shops","StSLib","¡¾ÒÅÎï¿¨ÅÆ¡¿REMEMod","óô»ðÖ¸ÄÏ"],"gold_per_floor":[10018,10034,10052,10014,10014,10047,10047,10074,10152,9050,9085,9102,8325,8350,7399,7501,7501,7515,7527,7527,7545,7545,6556,6583,5805,5805,5891,5946,5985,5910,5961,5327,5452,5452,5587,5686,5730,5820,4857,4962,5048,5187,5187,5246,5285,5337,5380,5470,4381,4406,4406,3940,2690,2773,2798],"floor_reached":56,"language":"ZHS","playtime":1534,"items_purged":["Regret","Strike_P+1","Strike_P+1","Pain","AT_FamilyPortrait+1","Writhe","Injury","BowlingBash+1","Injury","Defend_P+1","ReplayTheSpireMod:Private Reserves+1","REME_EyeOfCthun+1"],"score":2552,"play_id":"fdef1210-3db7-4287-a5a8-b916f64536c5","local_time":"20210202180925","is_ascension_mode":true,"campfire_choices":[{"floor":7.0,"key":"RECALL"}],"circlet_count":0,"master_deck":["Eruption+1","Vigilance+1","Consecrate+1","Wish+1","Tantrum+1","ReplayTheSpireMod:Private Reserves+1","MostiFishMod:KamiSmash+1","ClearTheMind+1","Omniscience+1","MostiFishMod:StarHerder+1","Replay:DivineShield+1","Omniscience+1","REME_PuzzleBox+1","FlyingSleeves+1","EmptyBody+1","MostiFishMod:Minus+1"],"relics":["HolyWater","AT_ATBox","DaveBox","REME_ComplimentaryCards","EGODaCapo","NeowsBlessing","Frozen Egg 2","Molten Egg 2","Toxic Egg 2","SynthV:TestCard","Dota2Spire:MaskOfMadness","Matryoshka","Pear","HandDrill","Dota2Spire:PowerTreads","Singing Bowl","AT_ChloranthyRing","Dota2Spire:AghanimScepter","MerchantsRug","Replay:Ringing Soul","Vajra","AT_SeraphEmbrace","Dota2Spire:DrumOfEndurance","Odd Mushroom","AT_SpeedBoots","ClockworkSouvenir","HornCleat","ReplayTheSpireMod:Ninjato","DollysMirror","Letter Opener","AT_BladeRuinedKing","TungstenRod","Art of War","AT_MibuBalloonWealth","Civilization","REME_HandOfSuture","Dream Catcher","Bottled Flame","Molten Egg 2","Dota2Spire:MonkeyKingBar","Golden Egg","Orichalcum","Question Card","Pen Nib","Philosopher\u0027s Stone","Dota2Spire:AssaultCuirass","GoldenEye","BrkXgEgg","Medical Kit","Dota2Spire:EchoSabre","AT_TimeSand","Potion Belt","Toy Ornithopter","Pantograph","Onion Ring","Snack Pack","Replay:WaspNest","Yang","Lantern","Lee\u0027s Waffle","Strange Spoon","Boot","ReplayFunnel","Bag of Preparation","Dota2Spire:EtherealBlade"],"acts_visited":["Exordium","TheCity","TheBeyond","TheEnding"],"potions_floor_usage":[55,55,55],"damage_taken":[{"damage":0.0,"enemies":"Small Slimes","floor":1.0,"turns":1.0},{"damage":0.0,"enemies":"Jaw Worm","floor":2.0,"turns":1.0},{"damage":0.0,"enemies":"2 Louse","floor":3.0,"turns":1.0},{"damage":0.0,"enemies":"Gremlin Nob","floor":6.0,"turns":1.0},{"damage":0.0,"enemies":"3 Sentries","floor":8.0,"turns":3.0},{"damage":0.0,"enemies":"Replay:BlueRogue","floor":11.0,"turns":1.0},{"damage":0.0,"enemies":"Lots of Slimes","floor":12.0,"turns":1.0},{"damage":0.0,"enemies":"The Mushroom Lair","floor":14.0,"turns":2.0},{"damage":0.0,"enemies":"Hexaghost","floor":16.0,"turns":2.0},{"damage":0,"enemies":"Spheric Guardian","floor":18,"turns":1},{"damage":0,"enemies":"Shell Parasite","floor":19,"turns":1},{"damage":0,"enemies":"Centurion and Healer","floor":21,"turns":1},{"damage":0,"enemies":"Replay:Snechameleon","floor":24,"turns":1},{"damage":0,"enemies":"3 Cultists","floor":27,"turns":1},{"damage":0,"enemies":"REME_1_Revenger","floor":28,"turns":1},{"damage":0,"enemies":"Snake Plant","floor":29,"turns":1},{"damage":0,"enemies":"Book of Stabbing","floor":31,"turns":1},{"damage":0,"enemies":"Collector","floor":33,"turns":1},{"damage":0,"enemies":"3 Darklings","floor":35,"turns":1},{"damage":0,"enemies":"2 Orb Walkers","floor":36,"turns":1},{"damage":0,"enemies":"3 Shapes","floor":38,"turns":1},{"damage":0,"enemies":"Reptomancer","floor":40,"turns":1},{"damage":6,"enemies":"Sphere and 2 Shapes","floor":41,"turns":1},{"damage":0,"enemies":"3 Darklings","floor":42,"turns":1},{"damage":0,"enemies":"R_Hoarder","floor":44,"turns":1},{"damage":0,"enemies":"Writhing Mass","floor":45,"turns":1},{"damage":0,"enemies":"Giant Head","floor":46,"turns":1},{"damage":0,"enemies":"Transient","floor":47,"turns":1},{"damage":0,"enemies":"Jaw Worm Horde","floor":48,"turns":1},{"damage":0,"enemies":"Time Eater","floor":50,"turns":1},{"damage":0,"enemies":"Shield and Spear","floor":54,"turns":1},{"damage":0,"enemies":"The Heart","floor":55,"turns":6}],"seed_played":"9083339017067370496","potions_obtained":[{"floor":2.0,"key":"Milkshake"},{"floor":3.0,"key":"SpeedPotion"},{"floor":46,"key":"Dota2Spire:HealingSalve"},{"floor":47,"key":"AttackPotion"}],"is_trial":false,"path_per_floor":["M","M","M","?","?","E","R","E","T","R","E","M","$","?","R","B",null,"M","M","?","M","?","R","E","$","T","M","E","M","?","E","R","B",null,"M","?","?","M","$","E","M","M","T","E","M","E","M","M","R","B",null,"R","$","E","B",null],"character_chosen":"WATCHER","items_purchased":["HandDrill","Dota2Spire:PowerTreads","Singing Bowl","AT_ChloranthyRing","Dota2Spire:AghanimScepter","MerchantsRug","Fire Potion","Vajra","AT_ArchangelStaff","Dota2Spire:DrumOfEndurance","ReplayTheSpireMod:Private Reserves+1","AT_SpeedBoots","ClockworkSouvenir","HornCleat","ReplayTheSpireMod:Ninjato","DollysMirror","Elixir","AT_BladeRuinedKing","TungstenRod","Art of War","Civilization","REME_HandOfSuture","Dream Catcher","Bottled Flame","Question Card","Pen Nib","BrkXgEgg","Medical Kit","Dota2Spire:EchoSabre","Replay:DivineShield+1","Onion Ring","Snack Pack","Replay:WaspNest","Yang","Lantern","REME_PuzzleBox+1","Lee\u0027s Waffle","Strange Spoon","Boot","ReplayFunnel","Bag of Preparation","FlyingSleeves+1","EmptyBody+1"],"campfire_rested":0,"item_purchase_floors":[10,10,10,10,10,10,10,13,13,13,13,15,15,15,15,15,15,23,23,23,25,25,25,25,32,32,39,39,39,39,49,49,49,52,52,52,53,53,53,53,53,53,53],"current_hp_per_floor":[65,65,65,65,65,65,65,65,75,75,78,80,83,85,88,91,96,98,101,104,106,106,106,108,111,111,116,122,129,129,137,137,145,147,154,161,100,107,110,118,119,126,126,133,140,147,154,161,161,191,224,227,248,256,261],"gold":2798,"neow_bonus":"THREE_ENEMY_KILL","is_daily":false,"chose_seed":false,"campfire_upgraded":0,"win_rate":0.0,"timestamp":1612260565,"path_taken":["M","?","M","?","?","E","R","E","T","R","E","M","$","?","R","BOSS","M","M","?","M","?","R","E","$","T","M","E","M","?","E","R","BOSS","M","?","?","?","$","E","M","M","T","E","M","E","M","M","R","BOSS","R","$","E","BOSS"],"items_purchased_type":["Relic","Relic","Relic","Relic","Relic","Relic","Potion","Relic","Relic","Relic","Card","Relic","Relic","Relic","Relic","Relic","Potion","Relic","Relic","Relic","Relic","Relic","Relic","Relic","Relic","Relic","Relic","Relic","Relic","Card","Relic","Relic","Relic","Relic","Relic","Card","Relic","Relic","Relic","Relic","Relic","Card","Card"],"build_version":"2020-12-22","purchased_purges":12,"victory":true,"max_hp_per_floor":[72,72,72,72,72,72,72,72,82,82,85,87,90,92,95,98,98,100,103,106,108,108,108,110,113,113,118,124,131,131,139,139,147,147,154,161,163,170,173,181,188,195,195,202,209,216,223,230,230,235,235,238,248,256,261],"card_choices":[{"not_picked":["JustLucky+1","ClearTheMind+1"],"picked":"BowlingBash+1","floor":1.0},{"not_picked":["WaveOfTheHand+1","ThirdEye+1","Perseverance+1","BattleHymn+1","Replay:Anticipation+1"],"picked":"SKIP","floor":2.0},{"not_picked":["Replay:BluntJabs+1","CarveReality+1","CutThroughFate+1","Halt+1","SashWhip+1"],"picked":"SKIP","floor":3.0},{"not_picked":["DeceiveReality+1","Alpha+1","CutThroughFate+1","BowlingBash+1"],"picked":"Consecrate+1","floor":6.0},{"not_picked":["Replay:AtTheReady+1","FearNoEvil+1","EmptyBody+1","Replay:BluntJabs+1"],"picked":"Wish+1","floor":8.0},{"not_picked":["JustLucky+1","FearNoEvil+1","ThirdEye+1","ReachHeaven+1"],"picked":"Tantrum+1","floor":11.0},{"not_picked":["SashWhip+1","Replay:ManipulateFuture+1","Consecrate+1","FollowUp+1","MarkedMod:NorthStar+1"],"picked":"Singing Bowl","floor":12.0},{"not_picked":["Consecrate+1","Pray+1","PathToVictory+1","Replay:Vibes+1","SashWhip+1"],"picked":"Singing Bowl","floor":14.0},{"not_picked":["REME_WorshipGod+1","Vault+1","REME_EmptyShield+1","REME_CRH+1"],"picked":"MostiFishMod:KamiSmash+1","floor":16.0},{"not_picked":["WaveOfTheHand+1","REME_Repentance+1","MentalFortress+1","Consecrate+1","JustLucky+1"],"picked":"Singing Bowl","floor":18},{"not_picked":["Replay:AtTheReady+1","MostiFishMod:Adaptation+1","FollowUp+1","Nirvana+1"],"picked":"ClearTheMind+1","floor":19},{"not_picked":["EmptyMind+1","BattleHymn+1","MostiFishMod:Nomercy+1","ThirdEye+1","EmptyFist+1"],"picked":"Singing Bowl","floor":21},{"not_picked":["Replay:Anticipation+1","Fasting2+1","MarkedMod:SlowDance+1","Replay:AtTheReady+1","JustLucky+1"],"picked":"Singing Bowl","floor":24},{"not_picked":["Consecrate+1","MarkedMod:Acupuncture+1","PathToVictory+1","Replay:BluntJabs+1","Crescendo+1"],"picked":"Singing Bowl","floor":27},{"not_picked":["Consecrate+1","BowlingBash+1","Indignation+1","ThirdEye+1","MarkedMod:FirstStrike+1"],"picked":"Singing Bowl","floor":28},{"not_picked":["ClearTheMind+1","EmptyFist+1","MarkedMod:OneThousandNeedles+1","EmptyBody+1","FlurryOfBlows+1"],"picked":"Singing Bowl","floor":29},{"not_picked":["Vengeance+1","MostiFishMod:Speedup+1","MarkedMod:GracefulMovements+1","ThirdEye+1"],"picked":"Omniscience+1","floor":31},{"not_picked":["MostiFishMod:DustFall+1","DevaForm+1","MostiFishMod:Dust+1","Scrawl+1","Brilliance+1"],"picked":"MostiFishMod:StarHerder+1","floor":33},{"not_picked":["REME_Repentance+1","FollowUp+1","AT_RealFormLess+1","Crescendo+1","Replay:ManipulateFuture+1","ClearTheMind+1"],"picked":"Singing Bowl","floor":35},{"not_picked":["Fasting2+1","ForeignInfluence+1","BowlingBash+1","Indignation+1","EmptyFist+1","Replay:BluntJabs+1"],"picked":"Singing Bowl","floor":36},{"not_picked":["MarkedMod:PinPointDefense+1","CutThroughFate+1","Replay:BluntJabs+1","ClearTheMind+1","Wallop+1","Crescendo+1"],"picked":"Singing Bowl","floor":37},{"not_picked":["Replay:Anticipation+1","Vengeance+1","Consecrate+1","Collect+1","MostiFishMod:Unraveling+1","SashWhip+1"],"picked":"Singing Bowl","floor":38},{"not_picked":["Evaluate+1","DeceiveReality+1","JustLucky+1","SignatureMove+1","ReachHeaven+1"],"picked":"Omniscience+1","floor":40},{"not_picked":["BowlingBash+1","MostiFishMod:Clarity+1","AT_RealFormLess+1","FlyingSleeves+1","BattleHymn+1","Alpha+1"],"picked":"Singing Bowl","floor":41},{"not_picked":["AT_SoftenMuscles+1","Halt+1","JustLucky+1","Adaptation+1","Replay:AtTheReady+1","CutThroughFate+1"],"picked":"Singing Bowl","floor":42},{"not_picked":["Replay:BluntJabs+1","MostiFishMod:Nomercy+1","WreathOfFlame+1","EmptyFist+1","BowlingBash+1","REME_Repentance+1"],"picked":"Singing Bowl","floor":44},{"not_picked":["AT_DivineConfetti+1","MostiFishMod:Speedup+1","EmptyFist+1","Indignation+1","Replay:Hum+1","Protect+1"],"picked":"Singing Bowl","floor":45},{"not_picked":["CrushJoints+1","Replay:DivineShield+1","InnerPeace+1","Replay:Hum+1","AT_OneInchPunch+1","REME_Repentance+1"],"picked":"Singing Bowl","floor":46},{"not_picked":["CrushJoints+1","Blasphemy+1","MarkedMod:GentlePulse+1","SashWhip+1","Consecrate+1","MarkedMod:GracefulMovements+1"],"picked":"Singing Bowl","floor":47},{"not_picked":["MarkedMod:GentlePulse+1","MarkedMod:FirstStrike+1","Fasting2+1","Protect+1","Nirvana+1","Replay:ManipulateFuture+1"],"picked":"Singing Bowl","floor":48},{"not_picked":["Replay:AtTheReady+1","Evaluate+1","Crescendo+1","Consecrate+1","EmptyBody+1"],"picked":"MostiFishMod:Minus+1","floor":54}],"player_experience":270234,"relics_obtained":[{"floor":1.0,"key":"SynthV:TestCard"},{"floor":6.0,"key":"Dota2Spire:MaskOfMadness"},{"floor":8.0,"key":"Matryoshka"},{"floor":9.0,"key":"Pear"},{"floor":11.0,"key":"Replay:Ringing Soul"},{"floor":14.0,"key":"Odd Mushroom"},{"floor":24,"key":"AT_MibuBalloonWealth"},{"floor":26,"key":"Molten Egg 2"},{"floor":26,"key":"Dota2Spire:MonkeyKingBar"},{"floor":28,"key":"Golden Egg"},{"floor":31,"key":"Orichalcum"},{"floor":36,"key":"Dota2Spire:AssaultCuirass"},{"floor":37,"key":"GoldenEye"},{"floor":40,"key":"AT_TimeSand"},{"floor":43,"key":"Potion Belt"},{"floor":44,"key":"Toy Ornithopter"},{"floor":46,"key":"Pantograph"},{"floor":54,"key":"Dota2Spire:EtherealBlade"}],"event_choices":[{"damage_healed":0.0,"max_hp_gain":0.0,"max_hp_loss":0.0,"gold_gain":0.0,"event_name":"World of Goop","player_choice":"Left Gold","floor":4.0,"gold_loss":38.0,"damage_taken":0.0},{"damage_healed":0.0,"max_hp_gain":0.0,"max_hp_loss":0.0,"gold_gain":0.0,"event_name":"Mushrooms","player_choice":"Fought Mushrooms","floor":14.0,"gold_loss":0.0,"damage_taken":0.0},{"damage_healed":0,"gold_gain":0,"player_choice":"Opened","damage_taken":0,"relics_obtained":["Letter Opener"],"max_hp_gain":0,"max_hp_loss":0,"event_name":"The Mausoleum","floor":20,"gold_loss":0,"cards_obtained":["Writhe"]},{"damage_healed":0,"gold_gain":0,"player_choice":"Ignored","damage_taken":0,"max_hp_gain":0,"max_hp_loss":0,"event_name":"Vampires","floor":22,"gold_loss":0},{"cards_removed":["Defend_P"],"damage_healed":0,"gold_gain":0,"player_choice":"Gave Gold","damage_taken":0,"max_hp_gain":0,"max_hp_loss":0,"event_name":"Beggar","floor":30,"gold_loss":75},{"damage_healed":0,"gold_gain":0,"player_choice":"Fight","damage_taken":0,"max_hp_gain":0,"max_hp_loss":0,"event_name":"Mysterious Sphere","floor":36,"gold_loss":0}],"is_beta":false,"boss_relics":[{"not_picked":["REME_ChargedStone","Replay:Grab Bag"],"picked":"HolyWater"},{"not_picked":["Calling Bell","RhineCircuit"],"picked":"Philosopher\u0027s Stone"}],"items_purged_floors":[10,13,13,15,23,23,25,32,39,39,49,53],"is_endless":false,"potions_floor_spawned":[2,3,14,21,24,33,38,41,42,46,47,54],"ascension_level":9}}