{"host":"0k696jvpnlqjk4gh","time":1612288122,"event":{"mods":["AchievementEnabler","BaseMod","Colored Map","Colored Powertips","Minty Spire (QoL Compilation)","Quick Restart"],"gold_per_floor":[411,411,26,26,36,67,67,84,84,110,125,125,152,166,166,262,262,273,188,188,203,203,223,223,235,282,282,242,242,256,267,267,267,267],"floor_reached":33,"language":"ENG","playtime":1445,"items_purged":[],"score":374,"play_id":"bdfbeacb-122f-4b5b-8d3c-4ee8f0914c95","local_time":"20210202174842","is_ascension_mode":true,"campfire_choices":[{"floor":12,"key":"RECALL"},{"data":"Storm of Steel","floor":15,"key":"SMITH"},{"data":"Cloak And Dagger","floor":29,"key":"SMITH"},{"data":"After Image","floor":32,"key":"SMITH"}],"circlet_count":0,"master_deck":["Survivor","Neutralize","CurseOfTheBell","Blade Dance+1","Distraction","Dagger Spray","Deflect","PiercingWail","Blade Dance","Flying Knee","Storm of Steel+1","After Image+1","Poisoned Stab+1","Flying Knee","Wraith Form v2","Flying Knee","Terror","Glass Knife+1","Doppelganger","Grand Finale","Flying Knee","Dagger Throw","Slice","Decay","Slice","Bite","Bite","Bite","Bite","Bite","Cloak And Dagger+1","Cloak And Dagger+1","Dodge and Roll","Outmaneuver+1"],"relics":["Calling Bell","Bag of Marbles","Mercury Hourglass","Old Coin","TwistedFunnel","Meat on the Bone","Gambling Chip","Eternal Feather","Odd Mushroom","Pandora\u0027s Box","Du-Vu Doll","Orichalcum","Nilry\u0027s Codex"],"acts_visited":["Exordium","TheCity"],"potions_floor_usage":[10,10,16,16,16,33,33,33],"damage_taken":[{"damage":0,"enemies":"Cultist","floor":1,"turns":3},{"damage":0,"enemies":"2 Louse","floor":5,"turns":1},{"damage":21,"enemies":"3 Sentries","floor":6,"turns":6},{"damage":0,"enemies":"Jaw Worm","floor":8,"turns":2},{"damage":0,"enemies":"Gremlin Nob","floor":10,"turns":2},{"damage":0,"enemies":"Exordium Thugs","floor":11,"turns":3},{"damage":0,"enemies":"The Mushroom Lair","floor":13,"turns":2},{"damage":0,"enemies":"Blue Slaver","floor":14,"turns":2},{"damage":40,"enemies":"Hexaghost","floor":16,"turns":13},{"damage":12,"enemies":"3 Byrds","floor":18,"turns":3},{"damage":5,"enemies":"Spheric Guardian","floor":21,"turns":3},{"damage":18,"enemies":"Cultist and Chosen","floor":23,"turns":3},{"damage":0,"enemies":"3 Cultists","floor":25,"turns":3},{"damage":12,"enemies":"Shelled Parasite and Fungi","floor":30,"turns":4},{"damage":2,"enemies":"Cultist and Chosen","floor":31,"turns":3},{"damage":51,"enemies":"Champ","floor":33,"turns":7}],"seed_played":"3552258946644833227","potions_obtained":[{"floor":6,"key":"EssenceOfSteel"},{"floor":8,"key":"FearPotion"},{"floor":11,"key":"AttackPotion"},{"floor":13,"key":"Dexterity Potion"},{"floor":14,"key":"Weak Potion"},{"floor":18,"key":"SpeedPotion"},{"floor":30,"key":"FearPotion"},{"floor":31,"key":"Swift Potion"}],"is_trial":false,"path_per_floor":["M","?","$","?","M","E","$","M","T","E","M","R","?","M","R","B",null,"M","?","?","M","?","M","?","M","T","?","?","R","M","M","R","B"],"character_chosen":"THE_SILENT","items_purchased":["TwistedFunnel","Meat on the Bone"],"campfire_rested":0,"item_purchase_floors":[3,3],"current_hp_per_floor":[70,70,70,70,70,49,49,49,49,49,49,58,58,58,70,42,70,58,58,58,53,49,33,33,35,35,19,19,37,27,29,47,0,0],"gold":267,"neow_bonus":"BOSS_RELIC","is_daily":false,"chose_seed":false,"campfire_upgraded":3,"win_rate":0.0,"timestamp":1612288122,"path_taken":["M","?","$","?","M","E","?","?","T","E","M","R","?","M","R","BOSS","M","?","?","M","?","M","?","?","T","?","?","R","?","M","R","BOSS"],"items_purchased_type":["Relic","Relic"],"build_version":"2020-12-22","purchased_purges":0,"victory":false,"max_hp_per_floor":[70,70,70,70,70,70,70,70,70,70,70,70,70,70,70,70,70,70,70,70,70,49,49,49,49,49,49,49,49,49,49,49,49,49],"card_choices":[{"not_picked":["Choke","Catalyst"],"picked":"Blade Dance","floor":1},{"not_picked":["Dodge and Roll","Well Laid Plans"],"picked":"Distraction","floor":5},{"not_picked":["Underhanded Strike","Malaise"],"picked":"Dagger Spray","floor":6},{"not_picked":["PiercingWail","Bane"],"picked":"Deflect","floor":8},{"not_picked":["Prepared","Escape Plan"],"picked":"PiercingWail","floor":10},{"not_picked":["Sucker Punch","After Image"],"picked":"Blade Dance","floor":11},{"not_picked":["Deadly Poison","Prepared"],"picked":"Flying Knee","floor":13},{"not_picked":["Heel Hook","Masterful Stab"],"picked":"Storm of Steel","floor":14},{"not_picked":["Die Die Die","Night Terror"],"picked":"After Image","floor":16},{"not_picked":["Masterful Stab","Underhanded Strike+1"],"picked":"Slice","floor":18},{"not_picked":["Outmaneuver","Dodge and Roll"],"picked":"Slice","floor":21},{"not_picked":["Deflect","Backstab"],"picked":"Cloak And Dagger","floor":23},{"not_picked":["Riddle With Holes","Dagger Spray"],"picked":"Cloak And Dagger","floor":25},{"not_picked":["Choke","Predator"],"picked":"Dodge and Roll","floor":30},{"not_picked":["Riddle With Holes+1","Acrobatics"],"picked":"Outmaneuver+1","floor":31}],"player_experience":108309,"relics_obtained":[{"floor":0,"key":"Bag of Marbles"},{"floor":0,"key":"Mercury Hourglass"},{"floor":0,"key":"Old Coin"},{"floor":6,"key":"Gambling Chip"},{"floor":10,"key":"Eternal Feather"},{"floor":13,"key":"Odd Mushroom"},{"floor":26,"key":"Orichalcum"},{"floor":27,"key":"Nilry\u0027s Codex"}],"event_choices":[{"damage_healed":0,"gold_gain":0,"player_choice":"Grow","damage_taken":0,"max_hp_gain":0,"max_hp_loss":0,"event_name":"Living Wall","floor":2,"gold_loss":0,"cards_upgraded":["Blade Dance"]},{"damage_healed":0,"gold_gain":0,"player_choice":"Ignored","damage_taken":0,"max_hp_gain":0,"max_hp_loss":0,"event_name":"Golden Wing","floor":4,"gold_loss":0},{"damage_healed":0,"gold_gain":0,"player_choice":"Fought Mushrooms","damage_taken":0,"max_hp_gain":0,"max_hp_loss":0,"event_name":"Mushrooms","floor":13,"gold_loss":0},{"damage_healed":0,"gold_gain":0,"player_choice":"Obtained Relic","damage_taken":0,"relics_obtained":["Du-Vu Doll"],"max_hp_gain":0,"max_hp_loss":0,"event_name":"Addict","floor":19,"gold_loss":85},{"damage_healed":0,"gold_gain":0,"player_choice":"Smashed Altar","damage_taken":0,"max_hp_gain":0,"max_hp_loss":0,"event_name":"Forgotten Altar","floor":20,"gold_loss":0,"cards_obtained":["Decay"]},{"damage_healed":0,"gold_gain":0,"player_choice":"Became a vampire","damage_taken":0,"max_hp_gain":0,"max_hp_loss":21,"event_name":"Vampires","floor":22,"gold_loss":0,"cards_obtained":["Bite","Bite","Bite","Bite","Bite"]},{"damage_healed":0,"gold_gain":0,"player_choice":"Upgraded","damage_taken":0,"max_hp_gain":0,"max_hp_loss":0,"event_name":"Upgrade Shrine","floor":24,"gold_loss":0,"cards_upgraded":["Cloak And Dagger"]},{"damage_healed":0,"gold_gain":0,"player_choice":"Obtained Book","damage_taken":16,"max_hp_gain":0,"max_hp_loss":0,"event_name":"Cursed Tome","floor":27,"gold_loss":0},{"damage_healed":0,"gold_gain":0,"player_choice":"Upgraded Two","damage_taken":0,"max_hp_gain":0,"max_hp_loss":0,"event_name":"Designer","floor":28,"gold_loss":40,"cards_upgraded":["Glass Knife","Poisoned Stab"]}],"is_beta":false,"boss_relics":[{"not_picked":["Velvet Choker","Snecko Eye"],"picked":"Pandora\u0027s Box"}],"items_purged_floors":[],"is_endless":false,"potions_floor_spawned":[6,8,11,13,14,18,30,31],"killed_by":"Champ","ascension_level":3}}