{"host":"tj0gkcptyee3rmkt","time":1612235559,"event":{"mods":["BaseMod","Colored Powertips","Downfall","Duelist Mod","Minty Spire (QoL Compilation)","Replay The Spire","Shop Mod","Spicy Shops","StSLib"],"gold_per_floor":[99,111,111,123,142,45,45,80,100,100,100,127,139,139,149,149,149,149],"floor_reached":16,"language":"ZHS","playtime":819,"items_purged":[],"score":112,"play_id":"98335ecb-835c-410a-9990-464d86e66534","local_time":"20210202111239","is_ascension_mode":false,"campfire_choices":[{"floor":1,"key":"RECALL"},{"floor":11,"key":"REST"}],"circlet_count":0,"master_deck":["Slimebound:Strike_Slimebound","Slimebound:Strike_Slimebound","Slimebound:Strike_Slimebound","Slimebound:Tackle","Slimebound:Defend_Slimebound","Slimebound:Defend_Slimebound","Slimebound:Defend_Slimebound","Slimebound:Defend_Slimebound","Slimebound:Split","Slimebound:CorrosiveSpit","Slimebound:Repurpose","Slimebound:SlimeBarrage","Slimebound:Nibble","Slimebound:LivingWall","Slimebound:Repurpose","Slimebound:LeadByExample","Slimebound:SplitBruiser","Slimebound:SplitBruiser","Slimebound:ProtectTheBoss","Slimebound:RejuvenatingLick"],"relics":["Pet Ghost","Durian","m_BurningSludge","Replay:Bottled Flurry"],"acts_visited":["Exordium"],"potions_floor_usage":[8,13,16],"damage_taken":[{"damage":2,"enemies":"Jaw Worm","floor":2,"turns":6},{"damage":1,"enemies":"Cultist","floor":4,"turns":4},{"damage":10,"enemies":"Small Slimes","floor":5,"turns":4},{"damage":0,"enemies":"downfall:FleeingMerchant","floor":6,"turns":4},{"damage":66,"enemies":"Gremlin Nob","floor":8,"turns":6},{"damage":5,"enemies":"3 Louse","floor":9,"turns":5},{"damage":12,"enemies":"3 Sentries","floor":12,"turns":4},{"damage":0,"enemies":"Blue Slaver","floor":13,"turns":4},{"damage":11,"enemies":"2 Fungi Beasts","floor":15,"turns":3},{"damage":16,"enemies":"SI_SHIV_ARCHETYPE","floor":16,"turns":3}],"seed_played":"2307329610904455224","potions_obtained":[{"floor":3,"key":"GamblersBrew"},{"floor":3,"key":"Weak Potion"},{"floor":3,"key":"GamblersBrew"},{"floor":9,"key":"Milkshake"},{"floor":15,"key":"Weak Potion"}],"is_trial":false,"path_per_floor":["R","M","?","M","M","$","T","E","M","?","R","E","M","?","M","B"],"character_chosen":"SLIMEBOUND","items_purchased":["Slimebound:Repurpose"],"campfire_rested":1,"item_purchase_floors":[6],"current_hp_per_floor":[71,71,71,71,61,65,65,10,9,9,31,21,23,23,16,0,0,0],"gold":149,"neow_bonus":"TEN_PERCENT_HP_BONUS","is_daily":false,"chose_seed":false,"campfire_upgraded":0,"win_rate":0.0,"timestamp":1612235559,"path_taken":["R","M","?","M","M","?","T","E","M","?","R","E","M","?","M","BOSS"],"items_purchased_type":["Card"],"build_version":"2020-12-22","purchased_purges":0,"victory":false,"max_hp_per_floor":[71,71,71,71,71,71,71,76,76,76,76,76,76,76,76,76,76,76],"card_choices":[{"not_picked":["Slimebound:SlimeSpikes","Slimebound:GoopSpray"],"picked":"Slimebound:Repurpose","floor":2},{"not_picked":["Slimebound:HauntingLick","Slimebound:SplitAcid"],"picked":"Slimebound:SlimeBarrage","floor":4},{"not_picked":["Slimebound:LeadByExample","Slimebound:Gluttony"],"picked":"Slimebound:Nibble","floor":5},{"not_picked":["Slimebound:RollThrough","Slimebound:ForwardTackle"],"picked":"Slimebound:LivingWall","floor":6},{"not_picked":["Slimebound:RejuvenatingLick","Slimebound:AcidTongue"],"picked":"Slimebound:LeadByExample","floor":8},{"not_picked":["Slimebound:MassRepurpose","Slimebound:ForwardTackle"],"picked":"Slimebound:SplitBruiser","floor":9},{"not_picked":["Slimebound:GrowthPunch","Slimebound:LeechLife"],"picked":"Slimebound:SplitBruiser","floor":12},{"not_picked":["Sword Boomerang","Slimebound:LeechingTouch"],"picked":"Slimebound:ProtectTheBoss","floor":13},{"not_picked":["Sword Boomerang","Slimebound:PressTheAttack"],"picked":"Slimebound:RejuvenatingLick","floor":15}],"player_experience":36627,"relics_obtained":[{"floor":7,"key":"Pet Ghost"},{"floor":8,"key":"Durian"},{"floor":12,"key":"Replay:Bottled Flurry"}],"event_choices":[{"damage_healed":0,"gold_gain":0,"player_choice":"Got Potions","damage_taken":0,"max_hp_gain":0,"max_hp_loss":0,"event_name":"Lab","floor":3,"gold_loss":0}],"is_beta":false,"boss_relics":[],"items_purged_floors":[],"is_endless":false,"potions_floor_spawned":[9,15],"killed_by":"SI_SHIV_ARCHETYPE","ascension_level":0}}