{"host":"pgm1p3lvdjflie30","time":1612258183,"event":{"mods":["ATMod(阿瑾Mod)","AchievementEnabler","Aspiration","Bard","BaseMod","Colored Map","Colored Powertips","Conspire","Dark Map","Dota2Spire","Energized Spire","Highlight Path","Minty Spire (QoL Compilation)","MostiFishMod","Quarter Circle Forward PUNCH!","Quick Restart","Replay The Spire","Spicy Shops","StSLib","TestMod","The IronCluck","The Jungle","Waifu the Spire","【?物卡牌】REMEMod","篝火指南"],"gold_per_floor":[116,23,35,35,52,77,77,111,156,166,178,178,188,208,208,306,306,316,316,90,90,104,136,154,171,171,171,446,456,456,469,469,570,570,587,599,599,599,599,599,629,629,629,629,705,705,723,739,757,757,757,757,757,757,7,41,41],"floor_reached":58,"language":"ZHS","playtime":2154,"items_purged":["bard:Defend","bard:Defend"],"score":1196,"play_id":"cc1f90b2-6003-4bf2-9986-01163bd6b690","local_time":"20210202172943","is_ascension_mode":false,"campfire_choices":[{"floor":7,"key":"RECALL"},{"data":"bard:FaerieFire","floor":12,"key":"SMITH"},{"data":"bard:EchoEcho","floor":15,"key":"SMITH"},{"data":"bard:Shifting","floor":27,"key":"SMITH"},{"data":"bard:BottledSong","floor":30,"key":"SMITH"},{"data":"bard:Invisibility","floor":40,"key":"SMITH"},{"data":"bard:CovetousAura","floor":44,"key":"SMITH"},{"data":"AT_EmpoweredMortalDraw","floor":46,"key":"SMITH"},{"data":"Regret","floor":51,"key":"PURGE"},{"data":"bard:Shifting","floor":54,"key":"SMITH"}],"circlet_count":0,"master_deck":["bard:Strike","bard:Strike","bard:Strike","bard:Strike","bard:Riposte","bard:Inspire","Conclude+1","AT_FamilyPortrait+1","bard:EchoEcho+1","bard:HideousLaughter","bard:FaerieFire","bard:HideousLaughter","bard:Thunderwave","bard:FaerieFire+1","bard:Thunderwave","bard:EchoEcho","bard:Shifting+1","bard:ViciousMockery","Iron Wave","bard:Invisibility+1","bard:ViciousMockery","bard:GreaterMagicWeapon+1","bard:BucklerBash+1","bard:BottledSong+1","bard:StudiedStrike+1","bard:CovetousAura+1","AT_EmpoweredMortalDraw+1","bard:SongBolt","bard:Balestra","bard:Shifting+1","bard:EchoEcho+1","bard:QuickSong","bard:Blink+1","Madness","Madness","bard:FeastOnFear"],"relics":["bard:PitchPipe","bard:BagPipes","AT_ATBox","REME_ComplimentaryCards","DaveBox","testmod-TestBox","DianDianMeat","testmod-Fanaticism","NeowsBlessing","SynthV:TestCard","Eternal Feather","Bronze Scales","Replay:Grab Bag","energizedSpire:OgreHead","energizedSpire:MagnifyingGlass","aspiration:SecretTechniqueScroll","Blue Doll","HandDrill","Du-Vu Doll","Shuriken","AT_MortalBlade","Dota2Spire:ShadowBlade","AT_GoldPhoenixTree","Replay:WaspNest","Chameleon Ring","Guide Book","Dota2Spire:ShivaGuard","HornCleat"],"acts_visited":["Exordium","TheCity","TheBeyond","TheEnding"],"potions_floor_usage":[13,16,18,23,23,31,33,33,36,41,41,52,52,56,56,57,57],"damage_taken":[{"damage":0,"enemies":"2 Louse","floor":1,"turns":1},{"damage":0,"enemies":"Cultist","floor":3,"turns":1},{"damage":0,"enemies":"Jaw Worm","floor":5,"turns":1},{"damage":0,"enemies":"Lagavulin","floor":6,"turns":3},{"damage":8,"enemies":"3 Sentries","floor":8,"turns":4},{"damage":13,"enemies":"2 Fungi Beasts","floor":10,"turns":2},{"damage":11,"enemies":"Large Slime","floor":11,"turns":2},{"damage":7,"enemies":"Red Slaver","floor":13,"turns":2},{"damage":10,"enemies":"Looter","floor":14,"turns":2},{"damage":57,"enemies":"Hexaghost","floor":16,"turns":5},{"damage":20,"enemies":"2 Thieves","floor":18,"turns":3},{"damage":0,"enemies":"Spheric Guardian","floor":22,"turns":3},{"damage":38,"enemies":"Gremlin Leader","floor":23,"turns":4},{"damage":16,"enemies":"conspire:HollyBat","floor":24,"turns":6},{"damage":29,"enemies":"Sentry and Sphere","floor":25,"turns":3},{"damage":23,"enemies":"Centurion and Healer","floor":29,"turns":3},{"damage":1,"enemies":"Snecko","floor":31,"turns":2},{"damage":19,"enemies":"Automaton","floor":33,"turns":5},{"damage":15,"enemies":"Orb Walker","floor":35,"turns":2},{"damage":8,"enemies":"3 Darklings","floor":36,"turns":2},{"damage":54,"enemies":"Reptomancer","floor":41,"turns":4},{"damage":24,"enemies":"Writhing Mass","floor":47,"turns":2},{"damage":0,"enemies":"Transient","floor":48,"turns":4},{"damage":0,"enemies":"Maw","floor":49,"turns":4},{"damage":138,"enemies":"Replay:Hell Engine","floor":52,"turns":6},{"damage":22,"enemies":"Shield and Spear","floor":56,"turns":4},{"damage":155,"enemies":"The Heart","floor":57,"turns":5}],"seed_played":"5505380192275164614","potions_obtained":[{"floor":8,"key":"Swift Potion"},{"floor":13,"key":"Dexterity Potion"},{"floor":14,"key":"LiquidBronze"},{"floor":18,"key":"Adrenaline Potion"},{"floor":22,"key":"AttackPotion"},{"floor":29,"key":"AttackPotion"},{"floor":32,"key":"testmod-EscapePotion"},{"floor":32,"key":"FairyPotion"},{"floor":35,"key":"Adrenaline Potion"},{"floor":36,"key":"Energy Potion"},{"floor":41,"key":"Block Potion"},{"floor":56,"key":"SteroidPotion"}],"is_trial":false,"path_per_floor":["M","?","M","$","M","E","R","E","T","M","M","R","M","M","R","B",null,"M","?","$","?","M","E","M","M","T","R","?","M","R","M","R_BF","B",null,"M","M","?","?","?","R","E","PTL","PTL","R","T","R","M","M","M","?","R_BF","B",null,"R","$","E","B",null],"character_chosen":"BARD","items_purchased":["Blue Doll","HandDrill","Chameleon Ring","Guide Book","Dota2Spire:ShivaGuard"],"campfire_rested":0,"item_purchase_floors":[20,20,55,55,55],"current_hp_per_floor":[76,76,80,80,85,91,91,91,91,88,96,105,109,112,124,148,148,161,161,161,175,190,201,210,200,200,215,234,267,280,300,301,313,346,370,387,387,387,405,405,431,431,431,431,431,431,458,486,515,510,531,576,576,576,576,608,608],"gold":41,"neow_bonus":"THREE_ENEMY_KILL","is_daily":false,"chose_seed":false,"campfire_upgraded":8,"win_rate":0.0,"timestamp":1612258183,"path_taken":["M","?","M","$","?","E","R","E","T","M","M","R","M","?","R","BOSS","M","?","$","?","M","E","M","?","T","R","?","?","R","M","R_BF","BOSS","M","M","?","?","?","R","E","PTL","PTL","R","T","R","M","?","M","?","R_BF","BOSS","R","$","E","BOSS"],"items_purchased_type":["Relic","Relic","Relic","Relic","Relic"],"build_version":"2020-12-22","purchased_purges":2,"victory":true,"max_hp_per_floor":[76,76,80,80,85,91,91,98,98,106,115,115,125,136,136,148,148,161,161,161,175,190,206,223,241,241,241,260,280,280,301,301,323,346,370,395,395,395,405,405,431,431,431,431,431,431,458,486,515,576,576,576,576,576,576,608,608],"card_choices":[{"not_picked":["bard:Gamble","bard:PhantasmalForce"],"picked":"bard:EchoEcho","floor":1},{"not_picked":["bard:TinyHut","bard:Gamble","bard:Accelerando","bard:Thunderwave"],"picked":"bard:HideousLaughter","floor":3},{"not_picked":["bard:OffKey","bard:Sift","bard:PhantasmalForce","bard:Balestra"],"picked":"bard:FaerieFire","floor":5},{"not_picked":["bard:QuickSong","bard:StudiedStrike","bard:OffKey","bard:Sonata"],"picked":"bard:Encore","floor":6},{"not_picked":["bard:EnGarde","bard:Demoralize","bard:BucklerBash","bard:LingeringPerformance"],"picked":"bard:HideousLaughter","floor":8},{"not_picked":["bard:MantleOfInspiration","bard:QuickSong","bard:FeastOnFear","bard:Parry"],"picked":"bard:Thunderwave","floor":10},{"not_picked":["bard:GreaterMagicWeapon","bard:QuickSong","bard:InspiringSong","bard:Gamble"],"picked":"bard:FaerieFire","floor":11},{"not_picked":["bard:QuickSong","bard:HideousLaughter","bard:TinyHut","bard:LifeDrain"],"picked":"bard:Thunderwave","floor":13},{"not_picked":["bard:GuardPoint","bard:PhantasmalForce","bard:Shout","bard:Fermata"],"picked":"bard:EchoEcho","floor":14},{"not_picked":["bard:Wish","bard:Invisibility","bard:CovetousAura","bard:DeathMetal"],"picked":"bard:Shifting","floor":16},{"not_picked":["bard:FeastOnFear","bard:Thunderwave","bard:BucklerBash","bard:Demoralize"],"picked":"bard:ViciousMockery","floor":18},{"not_picked":["bard:Sift+1","bard:CuttingWords","bard:PrismaticSpray+1","bard:SongBolt+1"],"picked":"bard:Invisibility","floor":22},{"not_picked":["bard:Gamble","bard:FalseLife","bard:Encore","bard:BucklerBash"],"picked":"bard:ViciousMockery","floor":23},{"not_picked":["bard:Sift","bard:GlyphOfWarding","bard:Parry","bard:LingeringEcho"],"picked":"bard:GreaterMagicWeapon+1","floor":24},{"not_picked":["bard:QuickSong","bard:OffKey","bard:Sift","bard:CuttingWords"],"picked":"bard:BucklerBash+1","floor":25},{"not_picked":["bard:BucklerBash","bard:ViciousMockery","bard:EchoEcho","bard:SixFourTime"],"picked":"bard:BottledSong","floor":29},{"not_picked":["bard:Doot","bard:FeastOnFear+1","bard:HideousLaughter","bard:SongBolt+1"],"picked":"bard:StudiedStrike+1","floor":31},{"not_picked":["bard:FingerOfDeath","bard:MnemonicVestments","bard:Haste","bard:SplendidForm"],"picked":"bard:CovetousAura","floor":33},{"not_picked":["bard:QuickSong","bard:Parry+1","bard:CuttingWords","bard:BucklerBash+1"],"picked":"bard:SongBolt","floor":35},{"not_picked":["bard:Parry","bard:GreaterMagicWeapon+1","bard:GlyphOfWarding","bard:LingeringPerformance"],"picked":"bard:Balestra","floor":36},{"not_picked":["bard:Doot","bard:Rest","bard:LingeringEcho","bard:OffKey+1"],"picked":"bard:Shifting","floor":41},{"not_picked":["bard:BucklerBash+1","bard:Heroism","bard:LocateObject+1","bard:Parry+1"],"picked":"bard:EchoEcho+1","floor":47},{"not_picked":["bard:Gamble+1","bard:InspiringSong","bard:BucklerBash+1","bard:HarmoniousVoice+1"],"picked":"bard:QuickSong","floor":48},{"not_picked":["bard:HarmoniousVoice+1","bard:StudiedStrike","bard:Gamble","bard:Balestra"],"picked":"bard:Blink+1","floor":49},{"not_picked":["bard:EnGarde","bard:BucklerBash","bard:FingerOfDeath","bard:ViciousMockery+1"],"picked":"bard:FeastOnFear","floor":56}],"player_experience":235174,"relics_obtained":[{"floor":1,"key":"SynthV:TestCard"},{"floor":6,"key":"Replay:Accelerometer"},{"floor":8,"key":"Bronze Scales"},{"floor":23,"key":"Du-Vu Doll"},{"floor":26,"key":"Shuriken"},{"floor":41,"key":"AT_GoldPhoenixTree"},{"floor":45,"key":"Replay:WaspNest"},{"floor":56,"key":"HornCleat"}],"event_choices":[{"damage_healed":0,"gold_gain":0,"player_choice":"Paid Gold","damage_taken":0,"relics_obtained":["Eternal Feather"],"max_hp_gain":0,"max_hp_loss":0,"event_name":"WeMeetAgain","floor":2,"gold_loss":93},{"damage_healed":0,"gold_gain":0,"player_choice":"Leave","damage_taken":0,"max_hp_gain":0,"max_hp_loss":0,"event_name":"conspire:Investor","floor":19,"gold_loss":0},{"cards_removed":["bard:Defend"],"damage_healed":0,"gold_gain":0,"player_choice":"Took Card","damage_taken":0,"max_hp_gain":0,"max_hp_loss":0,"event_name":"NoteForYourself","floor":21,"gold_loss":0,"cards_obtained":["Iron Wave"]},{"damage_healed":0,"gold_gain":275,"player_choice":"Desecrate","damage_taken":0,"max_hp_gain":0,"max_hp_loss":0,"event_name":"Golden Shrine","floor":28,"gold_loss":0,"cards_obtained":["Regret"]},{"cards_removed":["bard:Defend"],"damage_healed":0,"gold_gain":0,"player_choice":"Removed Skill","damage_taken":0,"max_hp_gain":0,"max_hp_loss":0,"event_name":"Falling","floor":37,"gold_loss":0},{"damage_healed":0,"gold_gain":0,"player_choice":"Swap Relic","damage_taken":0,"relics_obtained":["Dota2Spire:ShadowBlade"],"max_hp_gain":0,"max_hp_loss":0,"event_name":"?自己的盒子","floor":38,"relics_lost":["Replay:Accelerometer"],"gold_loss":0},{"cards_removed":["bard:Encore"],"damage_healed":8,"gold_gain":0,"player_choice":"Offered Rare","damage_taken":0,"max_hp_gain":10,"max_hp_loss":0,"event_name":"Bonfire Elementals","floor":39,"gold_loss":0},{"damage_healed":0,"gold_gain":0,"player_choice":"Embrace Madness","damage_taken":64,"max_hp_gain":0,"max_hp_loss":0,"event_name":"Winding Halls","floor":50,"gold_loss":0,"cards_obtained":["Madness","Madness"]}],"is_beta":false,"boss_relics":[{"not_picked":["testmod-Prudence","Calling Bell"],"picked":"Replay:Grab Bag"},{"not_picked":["bard:DeepVero","Philosopher\u0027s Stone"],"picked":"energizedSpire:OgreHead"},{"not_picked":["energizedSpire:EnergizedDie","Cursed Key"],"picked":"energizedSpire:MagnifyingGlass"},{"not_picked":["testmod-DeterminationOfClimber","Snecko Eye"],"picked":"aspiration:SecretTechniqueScroll"},{"not_picked":["GuanYuAspect","NightmareShop"],"picked":"AT_MortalBlade"}],"items_purged_floors":[55,55],"is_endless":false,"potions_floor_spawned":[8,13,14,18,22,29,35,36,41,56],"ascension_level":0}}