{"host":"1qhzi8r9ejho5yph","time":1612274247,"event":{"mods":["AchievementEnabler","BaseMod","Colored Map","Colored Powertips","Highlight Path","Minty Spire (QoL Compilation)","Permanent Neow","Quick Restart","Random Character Button","StSLib","SuperFastMode"],"gold_per_floor":[117,133,146,164,180,210,210,210,236,248,260,272,319,341,353,467,479,509,538,564,576,599,636,648,670,682,694,719,766,798,825,837,951,963,989,1017,317,336,336,336,15,15,89,89,103,103,153,171,171,171,171,171,36,65,65,65],"floor_reached":55,"language":"ENG","playtime":1580,"items_purged":[],"score":823,"play_id":"0810a666-817f-4d19-9346-927dfdaf1d68","local_time":"20210202215727","is_ascension_mode":false,"campfire_choices":[{"data":"Perfected Strike","floor":7,"key":"SMITH"},{"data":"Perfected Strike","floor":10,"key":"SMITH"},{"floor":12,"key":"REST"},{"data":"Bash","floor":15,"key":"SMITH"},{"floor":27,"key":"REST"},{"floor":32,"key":"REST"},{"data":"Demon Form","floor":42,"key":"SMITH"},{"floor":44,"key":"RECALL"},{"floor":46,"key":"REST"},{"data":"Fire Breathing","floor":49,"key":"SMITH"},{"data":"Iron Wave","floor":52,"key":"SMITH"}],"circlet_count":0,"master_deck":["Strike_R","Strike_R","Strike_R","Strike_R","Strike_R","Defend_R","Defend_R","Defend_R","Bash+1","Perfected Strike+1","Twin Strike","Iron Wave+1","Perfected Strike+1","Pommel Strike+1","Strike_P+1","Headbutt+1","Feed+1","Twin Strike+1","Twin Strike+1","Perfected Strike+1","Demon Form+1","Perfected Strike+1","Body Slam+1","Disarm+1","Thunderclap+1","Feed+1","Sword Boomerang+1","Battle Trance+1","Fire Breathing+1","Battle Trance+1","Dual Wield+1","Enlightenment+1","Pommel Strike+1","Flame Barrier+1","Evolve","Shrug It Off+1","Heavy Blade+1","Disarm+1"],"relics":["SlaversCollar","Molten Egg 2","MawBank","Oddly Smooth Stone","Black Star","Toy Ornithopter","Nunchaku","Toxic Egg 2","Ancient Tea Set","Boot","Sozu","ClockworkSouvenir","InkBottle","Eternal Feather","Bag of Preparation","Darkstone Periapt","Peace Pipe","Ginger","Gremlin Horn"],"acts_visited":["Exordium","TheCity","TheBeyond","TheEnding"],"potions_floor_usage":[14,16,19,23,33,50,55],"damage_taken":[{"damage":1,"enemies":"Cultist","floor":1,"turns":3},{"damage":0,"enemies":"2 Louse","floor":2,"turns":2},{"damage":6,"enemies":"Jaw Worm","floor":3,"turns":3},{"damage":6,"enemies":"Gremlin Gang","floor":4,"turns":7},{"damage":5,"enemies":"Looter","floor":5,"turns":2},{"damage":22,"enemies":"3 Sentries","floor":6,"turns":6},{"damage":0,"enemies":"Gremlin Nob","floor":13,"turns":2},{"damage":0,"enemies":"Lots of Slimes","floor":14,"turns":2},{"damage":22,"enemies":"The Guardian","floor":16,"turns":5},{"damage":28,"enemies":"Shell Parasite","floor":18,"turns":4},{"damage":10,"enemies":"Spheric Guardian","floor":19,"turns":3},{"damage":10,"enemies":"Chosen and Byrds","floor":20,"turns":4},{"damage":6,"enemies":"Centurion and Healer","floor":22,"turns":6},{"damage":14,"enemies":"Gremlin Leader","floor":23,"turns":4},{"damage":0,"enemies":"Snecko","floor":25,"turns":3},{"damage":12,"enemies":"3 Cultists","floor":28,"turns":4},{"damage":27,"enemies":"Book of Stabbing","floor":29,"turns":3},{"damage":20,"enemies":"Centurion and Healer","floor":30,"turns":3},{"damage":14,"enemies":"Cultist and Chosen","floor":31,"turns":4},{"damage":22,"enemies":"Automaton","floor":33,"turns":6},{"damage":0,"enemies":"3 Shapes","floor":35,"turns":4},{"damage":15,"enemies":"Orb Walker","floor":36,"turns":3},{"damage":31,"enemies":"Maw","floor":38,"turns":5},{"damage":47,"enemies":"Transient","floor":45,"turns":5},{"damage":0,"enemies":"Mind Bloom Boss Battle","floor":47,"turns":1},{"damage":7,"enemies":"Jaw Worm Horde","floor":48,"turns":3},{"damage":41,"enemies":"Time Eater","floor":50,"turns":6},{"damage":82,"enemies":"Shield and Spear","floor":54,"turns":4},{"damage":39,"enemies":"The Heart","floor":55,"turns":4}],"seed_played":"-7454039775280853937","potions_obtained":[{"floor":3,"key":"EssenceOfSteel"},{"floor":4,"key":"Weak Potion"},{"floor":5,"key":"Explosive Potion"},{"floor":6,"key":"BloodPotion"},{"floor":14,"key":"PowerPotion"},{"floor":18,"key":"DuplicationPotion"},{"floor":19,"key":"GamblersBrew"},{"floor":21,"key":"CultistPotion"},{"floor":21,"key":"Ancient Potion"},{"floor":30,"key":"ColorlessPotion"}],"is_trial":false,"path_per_floor":["M","M","M","M","M","E","R","?","T","R","$","R","E","M","R","B",null,"M","M","M","?","M","E","?","M","T","R","M","E","M","M","R","B",null,"M","M","$","M","T","?","$","R","T","R","M","R","?","M","R","B",null,"R","$","E","B"],"character_chosen":"IRONCLAD","items_purchased":["ClockworkSouvenir","Fire Breathing","InkBottle","Eternal Feather","Dual Wield+1","Enlightenment+1","Bag of Preparation","Evolve","Shrug It Off+1","Heavy Blade+1"],"campfire_rested":4,"item_purchase_floors":[37,37,37,37,41,41,41,53,53,53],"current_hp_per_floor":[79,79,73,67,62,40,40,40,40,40,40,64,64,64,64,42,80,52,58,52,52,50,40,40,40,40,67,59,32,16,2,32,15,100,104,93,93,62,62,62,62,80,80,98,51,101,101,94,108,71,112,112,112,34,0,0],"gold":65,"neow_bonus":"BOSS_RELIC","is_daily":false,"chose_seed":false,"campfire_upgraded":6,"win_rate":0.0,"timestamp":1612274247,"path_taken":["M","M","M","?","M","E","R","?","T","R","$","R","E","M","R","BOSS","M","?","M","?","?","E","?","M","T","R","M","E","M","M","R","BOSS","M","M","?","M","?","?","$","R","T","R","M","R","?","M","R","BOSS","R","$","E","BOSS"],"items_purchased_type":["Relic","Card","Relic","Relic","Card","Card","Relic","Card","Card","Card"],"build_version":"2020-12-22","purchased_purges":0,"victory":false,"max_hp_per_floor":[80,80,80,80,80,80,80,80,80,80,80,80,80,80,80,80,80,80,80,84,84,88,92,92,92,92,92,96,96,100,100,100,100,100,104,108,108,108,108,108,108,108,108,108,108,108,108,108,108,112,112,112,112,116,116,116],"card_choices":[{"not_picked":["Uppercut","Wild Strike"],"picked":"Perfected Strike","floor":1},{"not_picked":["Anger","Wild Strike"],"picked":"Twin Strike","floor":2},{"not_picked":["Flex","Pummel"],"picked":"Iron Wave","floor":3},{"not_picked":["Rampage","Uppercut"],"picked":"Flex","floor":4},{"not_picked":["Blood for Blood","Whirlwind"],"picked":"Perfected Strike","floor":5},{"not_picked":["Hemokinesis+1","Battle Trance"],"picked":"Pommel Strike+1","floor":6},{"not_picked":["Reckless Charge+1","Clothesline+1"],"picked":"Headbutt+1","floor":13},{"not_picked":["Clash+1","Anger+1","Bloodletting"],"picked":"SKIP","floor":14},{"not_picked":["Corruption","Offering"],"picked":"Feed+1","floor":16},{"not_picked":["Clash+1","Uppercut+1"],"picked":"Twin Strike+1","floor":18},{"not_picked":["Pummel+1","Havoc","Hemokinesis+1"],"picked":"SKIP","floor":19},{"not_picked":["Heavy Blade+1","Uppercut+1"],"picked":"Inflame","floor":20},{"not_picked":["Heavy Blade+1","Disarm"],"picked":"Twin Strike+1","floor":22},{"not_picked":["Anger+1","Thunderclap+1"],"picked":"Perfected Strike+1","floor":23},{"not_picked":["Reckless Charge+1","Rampage+1"],"picked":"Demon Form","floor":25},{"not_picked":["Pommel Strike+1","True Grit+1"],"picked":"Perfected Strike+1","floor":28},{"not_picked":["Cleave+1","Pummel+1"],"picked":"Body Slam+1","floor":29},{"not_picked":["Seeing Red+1","Thunderclap+1"],"picked":"Disarm+1","floor":30},{"not_picked":["Bloodletting+1","Blood for Blood+1"],"picked":"Thunderclap+1","floor":31},{"not_picked":["Corruption","Juggernaut"],"picked":"Feed+1","floor":33},{"not_picked":["Clash+1","Armaments+1"],"picked":"Sword Boomerang+1","floor":35},{"not_picked":["Inflame","Blood for Blood+1"],"picked":"Battle Trance+1","floor":36},{"not_picked":["Heavy Blade+1","Wild Strike+1"],"picked":"Battle Trance+1","floor":38},{"not_picked":["Clash+1","Perfected Strike+1"],"picked":"Pommel Strike+1","floor":45},{"not_picked":["Bloodletting+1","Heavy Blade+1"],"picked":"Flame Barrier+1","floor":48},{"not_picked":["Twin Strike+1","Bludgeon+1"],"picked":"Disarm+1","floor":54}],"player_experience":349087,"relics_obtained":[{"floor":6,"key":"Molten Egg 2"},{"floor":9,"key":"MawBank"},{"floor":13,"key":"Oddly Smooth Stone"},{"floor":23,"key":"Toy Ornithopter"},{"floor":23,"key":"Nunchaku"},{"floor":26,"key":"Toxic Egg 2"},{"floor":29,"key":"Ancient Tea Set"},{"floor":29,"key":"Boot"},{"floor":43,"key":"Darkstone Periapt"},{"floor":47,"key":"Peace Pipe"},{"floor":54,"key":"Ginger"},{"floor":54,"key":"Gremlin Horn"}],"event_choices":[{"cards_removed":["Defend_R"],"damage_healed":0,"gold_gain":0,"player_choice":"Took Card","damage_taken":0,"max_hp_gain":0,"max_hp_loss":0,"event_name":"NoteForYourself","floor":8,"gold_loss":0,"cards_obtained":["Strike_P"]},{"damage_healed":0,"gold_gain":0,"player_choice":"Got Potions","damage_taken":0,"max_hp_gain":0,"max_hp_loss":0,"event_name":"Lab","floor":21,"gold_loss":0},{"cards_removed":["Flex"],"damage_healed":0,"gold_gain":0,"player_choice":"Purged","damage_taken":0,"max_hp_gain":0,"max_hp_loss":0,"event_name":"Purifier","floor":24,"gold_loss":0},{"cards_removed":["Inflame"],"damage_healed":0,"gold_gain":0,"player_choice":"Removed Power","damage_taken":0,"max_hp_gain":0,"max_hp_loss":0,"event_name":"Falling","floor":40,"gold_loss":0},{"damage_healed":0,"gold_gain":0,"player_choice":"Fight","damage_taken":0,"max_hp_gain":0,"max_hp_loss":0,"event_name":"MindBloom","floor":47,"gold_loss":0}],"is_beta":false,"boss_relics":[{"not_picked":["Cursed Key","Mark of Pain"],"picked":"Black Star"},{"not_picked":["Empty Cage","Busted Crown"],"picked":"Sozu"}],"items_purged_floors":[],"is_endless":false,"potions_floor_spawned":[3,4,5,6,13,14,18,19,30,31,47,48],"killed_by":"The Heart","ascension_level":0}}