{"host":"jcp2nz6q7v3b3vtq","time":1612281679,"event":{"mods":["BaseMod","Marisa????????","Minty Spire (QoL Compilation)","The Servant 0.9.4"],"gold_per_floor":[119,69,69,69,86,86,119,119,142,31,46,46,146,164,164,263,263,252,432,443,461,461,461,461,461],"floor_reached":24,"language":"ENG","playtime":514,"items_purged":["Defend_MRS"],"score":194,"play_id":"edd6cc1a-5d11-49b0-a07f-8ec9b1a584c0","local_time":"20210202170119","is_ascension_mode":false,"campfire_choices":[{"data":"MasterSpark","floor":6,"key":"SMITH"},{"floor":8,"key":"REST"},{"data":"StarBarrage","floor":12,"key":"SMITH"},{"floor":15,"key":"REST"},{"floor":23,"key":"REST"}],"circlet_count":0,"master_deck":["Strike_MRS+1","Defend_MRS","Defend_MRS","Defend_MRS","MasterSpark+1","UpSweep+1","WitchLeyline","Singularity","StarBarrage+1","UnstableBomb","SuperPerseids","UltimateShortwave","PulseMagic","PropBag","WitchLeyline"],"relics":["MiniHakkero","HandmadeGrimoire","Whetstone","Sozu","Meat on the Bone"],"acts_visited":["Exordium","TheCity"],"potions_floor_usage":[5,16,18],"damage_taken":[{"damage":2,"enemies":"Jaw Worm","floor":1,"turns":4},{"damage":5,"enemies":"Small Slimes","floor":5,"turns":3},{"damage":20,"enemies":"Lagavulin","floor":7,"turns":4},{"damage":0,"enemies":"2 Louse","floor":11,"turns":2},{"damage":8,"enemies":"Lots of Slimes","floor":14,"turns":3},{"damage":38,"enemies":"Slime Boss","floor":16,"turns":10},{"damage":12,"enemies":"2 Thieves","floor":18,"turns":4},{"damage":15,"enemies":"Chosen","floor":20,"turns":4},{"damage":21,"enemies":"Snake Plant","floor":21,"turns":4},{"damage":30,"enemies":"Chosen and Byrds","floor":24,"turns":4}],"seed_played":"5713319638695453686","potions_obtained":[{"floor":1,"key":"FearPotion"},{"floor":11,"key":"SkillPotion"},{"floor":16,"key":"LiquidMemories"}],"is_trial":true,"path_per_floor":["M","?","?","?","M","R","E","R","T","$","M","R","?","M","R","B",null,"M","?","M","M","?","R","M"],"character_chosen":"MARISA","items_purchased":["StarBarrage"],"campfire_rested":3,"item_purchase_floors":[10],"current_hp_per_floor":[73,73,73,66,61,61,41,63,63,63,63,63,63,55,75,37,75,63,44,29,8,8,30,0,0],"gold":461,"neow_bonus":"","is_daily":false,"chose_seed":false,"campfire_upgraded":2,"win_rate":0.0,"timestamp":1612281679,"path_taken":["M","?","?","?","M","R","E","R","T","?","M","R","?","?","R","BOSS","M","?","?","M","?","R","M"],"items_purchased_type":["Card"],"build_version":"2020-12-22","purchased_purges":1,"victory":false,"max_hp_per_floor":[75,75,75,75,75,75,75,75,75,75,75,75,75,75,75,75,75,75,75,75,75,75,75,75,75],"card_choices":[{"not_picked":["ManaConvection","Orbital","LuminesStrike"],"picked":"SKIP","floor":1},{"not_picked":["6A","GalacticHalo"],"picked":"WitchLeyline","floor":5},{"not_picked":["AbsoluteMagnitude","DoubleSpark"],"picked":"Singularity","floor":7},{"not_picked":["AsteroidBelt","ManaConvection"],"picked":"UnstableBomb","floor":11},{"not_picked":["NonDirectionalLaser","OneTimeOff"],"picked":"SuperPerseids","floor":14},{"not_picked":["CollectingQuirk","TreasureHunter"],"picked":"UltimateShortwave","floor":16},{"not_picked":["OneTimeOff+1","Orbital"],"picked":"PulseMagic","floor":18},{"not_picked":["AsteroidBelt+1","DoubleSpark+1"],"picked":"PropBag","floor":20},{"not_picked":["LuminesStrike","GravityBeat"],"picked":"WitchLeyline","floor":21}],"player_experience":29153,"relics_obtained":[{"floor":7,"key":"HandmadeGrimoire"},{"floor":9,"key":"Whetstone"}],"event_choices":[{"cards_removed":["Strike_MRS"],"damage_healed":0,"gold_gain":0,"player_choice":"Card Removal","damage_taken":0,"max_hp_gain":0,"max_hp_loss":0,"event_name":"The Cleric","floor":2,"gold_loss":50},{"cards_removed":["Strike_MRS"],"damage_healed":0,"gold_gain":0,"player_choice":"Forget","damage_taken":0,"max_hp_gain":0,"max_hp_loss":0,"event_name":"Living Wall","floor":3,"gold_loss":0},{"cards_removed":["Strike_MRS"],"damage_healed":0,"gold_gain":0,"player_choice":"Card Removal","damage_taken":7,"max_hp_gain":0,"max_hp_loss":0,"event_name":"Golden Wing","floor":4,"gold_loss":0},{"damage_healed":0,"gold_gain":100,"player_choice":"Pray","damage_taken":0,"max_hp_gain":0,"max_hp_loss":0,"event_name":"Golden Shrine","floor":13,"gold_loss":0},{"damage_healed":0,"gold_gain":180,"player_choice":"GOLD GOLD ","damage_taken":19,"max_hp_gain":0,"max_hp_loss":0,"event_name":"Knowing Skull","floor":19,"potions_obtained":[],"gold_loss":0,"cards_obtained":[]},{"damage_healed":0,"gold_gain":0,"player_choice":"Ignored","damage_taken":0,"max_hp_gain":0,"max_hp_loss":0,"event_name":"Vampires","floor":22,"gold_loss":0}],"is_beta":false,"boss_relics":[{"not_picked":["Fusion Hammer","Runic Dome"],"picked":"Sozu"}],"items_purged_floors":[10],"is_endless":false,"potions_floor_spawned":[1,11,16,21],"killed_by":"Chosen and Byrds","ascension_level":0}}