{"host":"q6r63elxu27obe7v","time":1612246562,"event":{"mods":["2.2 Compatiblity","AchievementEnabler","BaseMod","CapriCore","Colored Map","DeckTracker","Keyboard Shortcuts","Lobotomy","Minty Spire (QoL Compilation)","Permanent Neow","Quick Restart","Replay The Spire","StSLib","SuperFastMode","¡¼?Úª?ø«¡½REMEMod"],"gold_per_floor":[114,134,209,209,228,228,251,251,251,251,267,311,311,311,311,441,441,464,480,480,144,157,196,196,196,196],"floor_reached":25,"language":"KOR","playtime":885,"items_purged":["Strike_R"],"score":308,"play_id":"2b6d01f4-af14-4f30-9193-78bddc05d506","local_time":"20210202151602","is_ascension_mode":true,"campfire_choices":[{"data":"Demon Form","floor":6.0,"key":"SMITH"},{"data":"Heavy Blade","floor":10.0,"key":"SMITH"},{"floor":15,"key":"DIG"},{"data":"Seeing Red","floor":24,"key":"SMITH"}],"circlet_count":0,"master_deck":["Strike_R+1","Strike_R+1","Strike_R+1","Strike_R+1","Defend_R","Defend_R","Defend_R","Defend_R","Delirium","Demon Form+1","Heavy Blade+1","Seeing Red+1","Anger","Survivor","Neutralize","Whirlwind","Cleave+1"],"relics":["Burning Blood","REME_ComplimentaryCards","Golden Idol","Garlic","Red Skull","Replay:Bottled Steam","Pear","Lizard Tail","Snecko Eye","Nilry\u0027s Codex","REME_LimitBreaker","Replay:Bottled Eggs"],"acts_visited":["Exordium","TheCity"],"potions_floor_usage":[16,23,25],"damage_taken":[{"damage":18.0,"enemies":"Jaw Worm","floor":1.0,"turns":4.0},{"damage":3.0,"enemies":"2 Louse","floor":2.0,"turns":2.0},{"damage":3.0,"enemies":"Small Slimes","floor":5.0,"turns":4.0},{"damage":2.0,"enemies":"3 Louse","floor":7.0,"turns":5.0},{"damage":12.0,"enemies":"Large Slime","floor":11.0,"turns":5.0},{"damage":6.0,"enemies":"Gremlin Nob","floor":12.0,"turns":3.0},{"damage":34,"enemies":"The Guardian","floor":16,"turns":8},{"damage":40,"enemies":"Shell Parasite","floor":18,"turns":5},{"damage":19,"enemies":"2 Thieves","floor":19,"turns":4},{"damage":40,"enemies":"3 Cultists","floor":22,"turns":5},{"damage":50,"enemies":"Book of Stabbing","floor":23,"turns":5},{"damage":17,"enemies":"Slavers","floor":25,"turns":1}],"seed_played":"-1199599241752306522","potions_obtained":[{"floor":5.0,"key":"Fruit Juice"},{"floor":7.0,"key":"Languid Potion"},{"floor":12.0,"key":"SpeedPotion"},{"floor":23,"key":"Fruit Juice"}],"is_trial":false,"path_per_floor":["M","M","?","?","M","R","M","?","T","R","M","E","?","T","R_BF","B",null,"M","M","?","$","M","E","R","E"],"character_chosen":"IRONCLAD","items_purchased":["REME_LimitBreaker"],"campfire_rested":0,"item_purchase_floors":[21],"current_hp_per_floor":[68,71,60,40,48,48,52,40,40,40,34,34,34,44,44,16,95,61,48,32,32,53,14,14,0,0],"gold":196,"neow_bonus":"THREE_RARE_CARDS","is_daily":false,"chose_seed":false,"campfire_upgraded":3,"win_rate":0.0,"timestamp":1612246562,"path_taken":["M","M","?","?","M","R","M","?","T","R","M","E","?","?","R_BF","BOSS","M","M","?","$","M","E","R","E"],"items_purchased_type":["Relic"],"build_version":"2020-12-22","purchased_purges":1,"victory":false,"max_hp_per_floor":[80,80,80,80,85,85,85,85,85,85,85,85,85,95,95,95,95,95,95,95,95,95,100,100,100,100],"card_choices":[{"not_picked":["REME_Fury","Berserk"],"picked":"Demon Form","floor":0.0},{"not_picked":["Havoc","Run Through"],"picked":"Heavy Blade","floor":1.0},{"not_picked":["Perfected Strike","ReplayReversal","Reckless Charge"],"picked":"SKIP","floor":2.0},{"not_picked":["Dark Embrace","Life Link","Perfected Strike"],"picked":"SKIP","floor":5.0},{"not_picked":["Entrench","Replay:Undeath\u0027s Touch"],"picked":"Seeing Red","floor":7.0},{"not_picked":["Dropkick","Heavy Blade"],"picked":"Anger","floor":11.0},{"not_picked":["Dark Embrace","Disarm","Combust"],"picked":"SKIP","floor":12.0},{"not_picked":["Warcry+1","Power Through"],"picked":"Whirlwind","floor":18},{"not_picked":["Replay:Undeath\u0027s Touch+1","Shockwave","Anger"],"picked":"SKIP","floor":19},{"not_picked":["True Grit+1","ReplayTheSpireMod:Strike From Hell+1"],"picked":"Cleave+1","floor":22},{"not_picked":["Armaments","REME_SingleHolding","Uppercut"],"picked":"SKIP","floor":23},{"not_picked":["Armaments","REME_SingleHolding","Uppercut"],"picked":"SKIP","floor":23}],"player_experience":98075,"relics_obtained":[{"floor":9.0,"key":"Red Skull"},{"floor":12.0,"key":"Replay:Bottled Steam"},{"floor":14.0,"key":"Pear"},{"floor":15,"key":"Lizard Tail"},{"floor":20,"key":"Nilry\u0027s Codex"},{"floor":23,"key":"Replay:Bottled Eggs"}],"event_choices":[{"damage_healed":0.0,"max_hp_gain":0.0,"max_hp_loss":0.0,"gold_gain":75.0,"event_name":"World of Goop","player_choice":"Gather Gold","floor":3.0,"gold_loss":0.0,"damage_taken":11.0},{"damage_healed":0.0,"max_hp_gain":0.0,"max_hp_loss":0.0,"gold_gain":0.0,"event_name":"Golden Idol","player_choice":"Take Damage","floor":4.0,"gold_loss":0.0,"damage_taken":20.0,"relics_obtained":["Golden Idol"]},{"damage_healed":0.0,"max_hp_gain":0.0,"max_hp_loss":0.0,"gold_gain":0.0,"event_name":"Scrap Ooze","player_choice":"Success","floor":8.0,"gold_loss":0.0,"damage_taken":12.0,"relics_obtained":["Garlic"]},{"damage_healed":0,"gold_gain":0,"player_choice":"Obtained Book","damage_taken":16,"max_hp_gain":0,"max_hp_loss":0,"event_name":"Cursed Tome","floor":20,"gold_loss":0}],"is_beta":false,"boss_relics":[{"not_picked":["Replay:Drink Me","Ectoplasm"],"picked":"Snecko Eye"}],"items_purged_floors":[21],"is_endless":false,"potions_floor_spawned":[5,7,12,23],"killed_by":"Slavers","ascension_level":3}}