{"host":"8is2j71l4wmybkoi","time":1612263141,"event":{"mods":["AchievementEnabler","BaseMod","Colored Map","Minty Spire (QoL Compilation)","Rare Cards Sparkle","StSLib","SuperFastMode"],"gold_per_floor":[116,135,135,146,161,194,194,219,243,253,253,253,283,293,293,368,368,383,308,308,141,152,152,171,184,184,213,230,230,248,148,148,220,220,236,291,591,608,568,600,600,633,633,633,633],"floor_reached":44,"language":"KOR","playtime":2978,"items_purged":["Strike_B","Defend_B"],"score":977,"play_id":"7590dfe5-09de-48d5-bc64-aed03e888d71","local_time":"20210202195221","is_ascension_mode":true,"campfire_choices":[{"data":"Dualcast","floor":7.0,"key":"SMITH"},{"data":"Chaos","floor":12.0,"key":"SMITH"},{"data":"Barrage","floor":15.0,"key":"SMITH"},{"data":"Fission","floor":23.0,"key":"SMITH"},{"floor":29.0,"key":"REST"},{"data":"Hologram","floor":32.0,"key":"SMITH"},{"data":"Defragment","floor":41,"key":"SMITH"}],"circlet_count":0,"master_deck":["AscendersBane","Strike_B+1","Strike_B+1","Defend_B","Defend_B","Defend_B","Zap+1","Dualcast+1","Compile Driver","Undo","Hologram+1","Ball Lightning","Barrage+1","Chaos+1","Rainbow","Multi-Cast","Conserve Battery","Fission+1","Reinforced Body","Redo+1","Defragment+1","Meteor Strike","Compile Driver+1","Coolheaded","Echo Form","Aggregate+1","Darkness+1"],"relics":["Cracked Core","PreservedInsect","Omamori","Juzu Bracelet","Pocketwatch","Whetstone","Cursed Key","Enchiridion","Girya","Question Card","Coffee Dripper","CaptainsWheel","Smiling Mask","Bottled Tornado","InkBottle"],"acts_visited":["Exordium","TheCity","TheBeyond"],"potions_floor_usage":[33,33,36,40,42,44],"damage_taken":[{"damage":6.0,"enemies":"2 Louse","floor":1.0,"turns":2.0},{"damage":1.0,"enemies":"Cultist","floor":2.0,"turns":4.0},{"damage":2.0,"enemies":"Small Slimes","floor":4.0,"turns":3.0},{"damage":0.0,"enemies":"Exordium Wildlife","floor":5.0,"turns":3.0},{"damage":20.0,"enemies":"3 Sentries","floor":6.0,"turns":6.0},{"damage":0.0,"enemies":"Lagavulin","floor":8.0,"turns":3.0},{"damage":2.0,"enemies":"Large Slime","floor":10.0,"turns":6.0},{"damage":0.0,"enemies":"Gremlin Nob","floor":13.0,"turns":2.0},{"damage":3.0,"enemies":"Red Slaver","floor":14.0,"turns":3.0},{"damage":3.0,"enemies":"Hexaghost","floor":16.0,"turns":8.0},{"damage":0.0,"enemies":"3 Byrds","floor":18.0,"turns":3.0},{"damage":8.0,"enemies":"2 Thieves","floor":22.0,"turns":4.0},{"damage":0.0,"enemies":"Chosen and Byrds","floor":24.0,"turns":5.0},{"damage":6.0,"enemies":"Snake Plant","floor":25.0,"turns":4.0},{"damage":14.0,"enemies":"Book of Stabbing","floor":27.0,"turns":5.0},{"damage":7.0,"enemies":"Snecko","floor":28.0,"turns":4.0},{"damage":4.0,"enemies":"Centurion and Healer","floor":30.0,"turns":5.0},{"damage":17,"enemies":"Automaton","floor":33,"turns":7},{"damage":0,"enemies":"Orb Walker","floor":35,"turns":2},{"damage":14,"enemies":"2 Orb Walkers","floor":36,"turns":5},{"damage":2,"enemies":"3 Shapes","floor":38,"turns":3},{"damage":6,"enemies":"Giant Head","floor":40,"turns":4},{"damage":22,"enemies":"Nemesis","floor":42,"turns":3},{"damage":10,"enemies":"Maw","floor":44,"turns":2}],"seed_played":"4196221303300008025","potions_obtained":[{"floor":1.0,"key":"SteroidPotion"},{"floor":2.0,"key":"SkillPotion"},{"floor":4.0,"key":"FearPotion"},{"floor":16.0,"key":"LiquidMemories"},{"floor":22.0,"key":"Weak Potion"},{"floor":24.0,"key":"Weak Potion"},{"floor":28.0,"key":"PotionOfCapacity"},{"floor":30.0,"key":"LiquidBronze"},{"floor":33,"key":"Energy Potion"},{"floor":38,"key":"FocusPotion"},{"floor":39,"key":"DistilledChaos"},{"floor":40,"key":"FocusPotion"},{"floor":42,"key":"AttackPotion"}],"is_trial":false,"path_per_floor":["M","M","?","M","M","E","R","E","T","M","T","R","E","M","R","B",null,"M","?","?","$","M","R","M","M","T","E","M","R","M","$","R","B",null,"M","?","?","M","?","E","R","E","T","M"],"character_chosen":"DEFECT","items_purchased":["Strength Potion","Reinforced Body"],"campfire_rested":1,"item_purchase_floors":[21,21],"current_hp_per_floor":[58,57,57,55,55,35,35,35,35,33,33,33,33,30,30,27,60,60,60,39,39,31,31,31,25,25,11,4,25,21,21,21,4,54,54,40,40,38,38,32,32,10,10,0,0],"gold":633,"neow_bonus":"RANDOM_COMMON_RELIC","is_daily":false,"chose_seed":false,"campfire_upgraded":6,"win_rate":0.0,"timestamp":1612263141,"path_taken":["M","M","?","M","?","E","R","E","T","M","?","R","E","M","R","BOSS","M","?","?","$","M","R","M","M","T","E","M","R","M","$","R","BOSS","M","?","?","M","?","E","R","E","T","M"],"items_purchased_type":["Potion","Card"],"build_version":"2020-12-22","purchased_purges":2,"victory":false,"max_hp_per_floor":[71,71,71,71,71,71,71,71,71,71,71,71,71,71,71,71,71,71,71,71,71,71,71,71,71,71,71,71,71,71,71,71,71,71,71,71,71,71,71,71,71,71,71,71,71],"card_choices":[{"not_picked":["Capacitor","Steam Power"],"picked":"Compile Driver","floor":1.0},{"not_picked":["Conserve Battery","Barrage"],"picked":"Undo","floor":2.0},{"not_picked":["Redo","Leap"],"picked":"Hologram","floor":4.0},{"not_picked":["Tempest","Chill"],"picked":"Ball Lightning","floor":5.0},{"not_picked":["Turbo","Steam"],"picked":"Barrage","floor":6.0},{"not_picked":["Fusion","Gash"],"picked":"Chaos","floor":8.0},{"not_picked":["Force Field","Sweeping Beam"],"picked":"Rainbow","floor":10.0},{"not_picked":["Compile Driver","Melter"],"picked":"Multi-Cast","floor":13.0},{"not_picked":["Doom and Gloom","Cold Snap"],"picked":"Conserve Battery","floor":14.0},{"not_picked":["Thunder Strike","Buffer"],"picked":"Fission","floor":16.0},{"not_picked":["Beam Cell","Barrage","Redo"],"picked":"SKIP","floor":18.0},{"not_picked":["Chaos","Darkness"],"picked":"Redo+1","floor":22.0},{"not_picked":["Beam Cell","Ball Lightning","Barrage"],"picked":"SKIP","floor":24.0},{"not_picked":["Steam Power","Hologram"],"picked":"Defragment","floor":25.0},{"not_picked":["Glacier","White Noise"],"picked":"Meteor Strike","floor":27.0},{"not_picked":["Redo+1","Conserve Battery","Scrape+1"],"picked":"Compile Driver+1","floor":28.0},{"not_picked":["Redo","Go for the Eyes","Sweeping Beam"],"picked":"Coolheaded","floor":30.0},{"not_picked":["Thunder Strike","Core Surge","Fission"],"picked":"Echo Form","floor":33},{"not_picked":["Coolheaded","Rebound","Auto Shields","Streamline+1"],"picked":"SKIP","floor":35},{"not_picked":["White Noise","Conserve Battery","Barrage"],"picked":"Aggregate+1","floor":38},{"not_picked":["Glacier+1","FTL+1","Go for the Eyes+1"],"picked":"Darkness+1","floor":40},{"not_picked":["Conserve Battery","Blizzard","Sunder+1","Reprogram"],"picked":"SKIP","floor":42}],"player_experience":930072,"relics_obtained":[{"floor":6.0,"key":"Omamori"},{"floor":8.0,"key":"Juzu Bracelet"},{"floor":11.0,"key":"Pocketwatch"},{"floor":13.0,"key":"Whetstone"},{"floor":20.0,"key":"Enchiridion"},{"floor":26.0,"key":"Girya"},{"floor":27.0,"key":"Question Card"},{"floor":36,"key":"CaptainsWheel"},{"floor":40,"key":"Smiling Mask"},{"floor":42,"key":"Bottled Tornado"},{"floor":43,"key":"InkBottle"}],"event_choices":[{"damage_healed":0.0,"max_hp_gain":0.0,"max_hp_loss":0.0,"gold_gain":0.0,"event_name":"Upgrade Shrine","player_choice":"Upgraded","floor":3.0,"gold_loss":0.0,"damage_taken":0.0,"cards_upgraded":["Zap"]},{"cards_removed":["Strike_B"],"damage_healed":0.0,"max_hp_gain":0.0,"max_hp_loss":0.0,"gold_gain":0.0,"event_name":"Beggar","player_choice":"Gave Gold","floor":19.0,"gold_loss":75.0,"damage_taken":0.0},{"damage_healed":0.0,"max_hp_gain":0.0,"max_hp_loss":0.0,"gold_gain":0.0,"event_name":"Cursed Tome","player_choice":"Obtained Book","floor":20.0,"gold_loss":0.0,"damage_taken":21.0},{"damage_healed":0,"gold_gain":0,"player_choice":"Fight","damage_taken":0,"max_hp_gain":0,"max_hp_loss":0,"event_name":"Mysterious Sphere","floor":36,"gold_loss":0},{"damage_healed":0,"gold_gain":300,"player_choice":"Gold","damage_taken":0,"max_hp_gain":0,"max_hp_loss":0,"event_name":"Wheel of Change","floor":37,"gold_loss":0},{"damage_healed":0,"gold_gain":0,"player_choice":"Bought 3 Potions","damage_taken":0,"max_hp_gain":0,"max_hp_loss":0,"event_name":"The Woman in Blue","floor":39,"gold_loss":0}],"is_beta":false,"boss_relics":[{"not_picked":["Ectoplasm","Empty Cage"],"picked":"Cursed Key"},{"not_picked":["Velvet Choker","Runic Dome"],"picked":"Coffee Dripper"}],"items_purged_floors":[21,31],"is_endless":false,"potions_floor_spawned":[1,2,4,16,22,24,28,30,33,38,40,42],"killed_by":"Maw","ascension_level":15}}