{"host":"u7y9frlpoazak2mn","time":1612228886,"event":{"mods":["AchievementEnabler","Act Like it!","Alarm Clock","Aspiration","Astrologer","BaseMod","Beaked The Cultist","Better Altar","Better Match","Better Note","Better Sensory Stone","Better Skull","Better Third Choice","CCEM2","Chen","Colored Map","Colored Powertips","Conspire","Curses Come First","Dark Map","Displayed Cursed Tome","Energized Spire","Friendly Minions","Gensokyo","GifTheSpireLib","Glutton Mod","Halation","Hallownest","Hermit","Hubris","Infinite Spire","Jedi Mod","Koishi","Marisa????????","Marked Mod","Mimic Mod","Minty Spire (QoL Compilation)","Pale of the Ancients","Prisma Mod","Quick Restart","Random Character Button","Rare Cards Sparkle","Relic Stats","Reliquary","Remilia??????","Replay The Spire","Retaliation","Spicy Shops","Spikes Relics","StS++","StSLib","Stuff the Spire","The Administrix","The Blue Laboratory","The Bug Knight","The Construct","The Cursed","The Druid","The Forsaken","The Juggle","The Jungle","The Marked","The Servant 0.9.4","Waifu the Spire","Wandering Minibosses","Wide Potions","Yuri Mod"],"gold_per_floor":[116,116,127,232,242,242,272,288,318,98,116,4,4,19,19,19,19],"floor_reached":16,"language":"ENG","playtime":829,"items_purged":["Eruption"],"score":102,"play_id":"76ddf584-9340-4a9b-8e46-93a3ec2ed107","local_time":"20210201202126","is_ascension_mode":false,"campfire_choices":[{"data":"PathToVictory","floor":6,"key":"SMITH"},{"floor":15,"key":"REST"}],"circlet_count":0,"master_deck":["Strike_P","Strike_P","Strike_P","Defend_P","Defend_P","Defend_P","Vigilance","Halt","Halt","Consecrate","PathToVictory+1","FlurryOfBlows","MarkedMod:Acupuncture","Consecrate","MarkedMod:OneThousandNeedles","ForeignInfluence","Steam"],"relics":["PureWater","conspire:Boomerang","theForsaken:Lifeblossom","Happy Flower","Damaru"],"acts_visited":["Exordium"],"potions_floor_usage":[7,14],"damage_taken":[{"damage":0,"enemies":"Small Slimes","floor":1,"turns":6},{"damage":0,"enemies":"Cultist","floor":3,"turns":3},{"damage":0,"enemies":"2 Louse","floor":5,"turns":2},{"damage":38,"enemies":"Gremlin Nob","floor":7,"turns":4},{"damage":21,"enemies":"Looter","floor":8,"turns":6},{"damage":4,"enemies":"Large Slime","floor":9,"turns":7},{"damage":0,"enemies":"Large Slime","floor":11,"turns":5},{"damage":6,"enemies":"Exordium Wildlife","floor":14,"turns":6},{"damage":47,"enemies":"Slime Boss","floor":16,"turns":5}],"seed_played":"-2869970832398791865","potions_obtained":[{"floor":1,"key":"Reflective Coating"},{"floor":8,"key":"Weak Potion"},{"floor":11,"key":"PowerPotion"}],"is_trial":false,"path_per_floor":["M","?","M","?","M","R","E","M","MIM","$","M","$","?","M","R","B"],"character_chosen":"WATCHER","items_purchased":["Damaru","MarkedMod:OneThousandNeedles"],"campfire_rested":1,"item_purchase_floors":[10,12],"current_hp_per_floor":[72,72,72,49,52,52,20,5,7,7,13,13,13,13,34,0,0],"gold":19,"neow_bonus":"THREE_CARDS","is_daily":false,"chose_seed":false,"campfire_upgraded":1,"win_rate":0.0,"timestamp":1612228886,"path_taken":["M","?","M","?","M","R","E","M","MIM","$","M","$","?","M","R","BOSS"],"items_purchased_type":["Relic","Card"],"build_version":"2020-12-22","purchased_purges":1,"victory":false,"max_hp_per_floor":[72,72,72,72,72,72,72,72,72,72,72,72,72,72,72,72,72],"relic_stats":{"Happy Flower":[9],"counters":[9,44],"obtain_stats":[{"Happy Flower":7,"Damaru":10,"theForsaken:Lifeblossom":4,"conspire:Boomerang":2,"PureWater":0},{"Happy Flower":4,"Damaru":6,"theForsaken:Lifeblossom":2,"conspire:Boomerang":1,"PureWater":0},{"Happy Flower":15,"Damaru":28,"theForsaken:Lifeblossom":9,"conspire:Boomerang":6,"PureWater":0}]},"card_choices":[{"not_picked":["Replay:ManipulateFuture","Replay:Cycle"],"picked":"Halt","floor":0},{"not_picked":["MarkedMod:OneThousandNeedles","CarveReality"],"picked":"Halt","floor":1},{"not_picked":["Replay:Cycle","Prostrate"],"picked":"Consecrate","floor":3},{"not_picked":["MarkedMod:GentlePulse","MarkedMod:Acupuncture"],"picked":"PathToVictory","floor":5},{"not_picked":["StSpp:Renounce","JustLucky","Swivel"],"picked":"SKIP","floor":7},{"not_picked":["Evaluate","Prostrate"],"picked":"FlurryOfBlows","floor":8},{"not_picked":["ThirdEye","WheelKick"],"picked":"MarkedMod:Acupuncture","floor":9},{"not_picked":["Halt","StSpp:Renounce"],"picked":"Consecrate","floor":11},{"not_picked":["EmptyBody","Replay:Cycle","JustLucky"],"picked":"SKIP","floor":14}],"player_experience":371434,"relics_obtained":[{"floor":7,"key":"Happy Flower"}],"event_choices":[{"damage_healed":0,"gold_gain":105,"player_choice":"GO RE ","damage_taken":26,"relics_obtained":["theForsaken:Lifeblossom"],"max_hp_gain":0,"max_hp_loss":0,"event_name":"betterSkull:BetterSkull","floor":4,"gold_loss":0,"cards_upgraded":[]}],"is_beta":false,"boss_relics":[],"items_purged_floors":[10],"is_endless":false,"potions_floor_spawned":[1,8,11],"killed_by":"Slime Boss","ascension_level":0}}