{"host":"yans4pr1zf0lm9bx","time":1612284776,"event":{"mods":["AchievementEnabler","BaseMod","Downfall","Minty Spire (QoL Compilation)","StSLib","SuperFastMode","slay the spire mod where everything is the same but ironclad has a cowboy hat"],"gold_per_floor":[99,111,130,143,243,243,243,19,30,48,48,48,48,33,52,149,149,149,169,185,195,211,211,211,211,228,242,242,242,254,281,294,398,398,398,398,414,414,121,121,121,139,139,139,139,139,155,132,190,190],"floor_reached":51,"language":"ENG","playtime":3873,"items_purged":["champ:Strike","champ:Defend"],"score":686,"play_id":"e84e503f-859b-4a9f-9749-db8b34a0c1ad","local_time":"20210202115256","is_ascension_mode":false,"campfire_choices":[{"data":"champ:Taunt","floor":1,"key":"SMITH"},{"data":"champ:StanceDance","floor":6,"key":"SMITH"},{"floor":11,"key":"DIG"},{"floor":18,"key":"DIG"},{"floor":23,"key":"DIG"},{"floor":28,"key":"DIG"},{"floor":35,"key":"DIG"},{"floor":40,"key":"DIG"},{"floor":45,"key":"DIG"}],"circlet_count":0,"master_deck":["champ:Strike+1","champ:Strike+1","champ:Defend","champ:Defend","champ:Defend","champ:Execute","champ:Taunt+1","champ:EnGarde","champ:StanceDance+1","champ:DefensiveShout","champ:ViciousMockery","champ:FanOfKnives","champ:BringItOn","champ:CalledShot","champ:Backstep","champ:DefensiveShout","champ:BerserkerStyle","champ:BerserkersShout","champ:FocusedBerserking","champ:Devastate","champ:EnGarde","champ:DancingMaster","champ:Backstep+1","champ:GutPunch+1","champ:ShieldSlam","champ:FocusedBerserking","Regret","champ:Shatter+1","champ:FaceSlap+1","champ:DefensiveShout+1","champ:MurderStrike+1","champ:SetATrap+1","champ:Devastate+1","expansioncontent:YouAreMine","expansioncontent:YouAreMine","expansioncontent:PrepareCrush","champ:FocusedBerserking","champ:CheapShot+1","expansioncontent:StudyTheSpire+1","Regret","champ:CrownThrow+1","champ:AdrenalArmor+1","champ:BringItOn+1","expansioncontent:QuickStudy","champ:FalseCounter","champ:BerserkersShout+1"],"relics":["Coffee Dripper","White Beast Statue","Shovel","Orrery","Letter Opener","downfall:ShatteredFragment","Cursed Key","Regal Pillow","Lizard Tail","Molten Egg 2","Vajra","Strawberry","SacredBark","Pear","Membership Card","Whetstone","Ornamental Fan","TungstenRod","Mercury Hourglass","Nunchaku"],"acts_visited":["Exordium","TheCity","TheBeyond"],"potions_floor_usage":[5,5,16,19,27,30,31,32,32,32,33,33,47,49,50],"damage_taken":[{"damage":10,"enemies":"Cultist","floor":2,"turns":4},{"damage":10,"enemies":"2 Louse","floor":3,"turns":3},{"damage":15,"enemies":"Jaw Worm","floor":4,"turns":4},{"damage":94,"enemies":"downfall:LadyInBlue","floor":5,"turns":11},{"damage":15,"enemies":"downfall:FleeingMerchant","floor":8,"turns":4},{"damage":10,"enemies":"2 Fungi Beasts","floor":9,"turns":2},{"damage":11,"enemies":"3 Louse","floor":10,"turns":3},{"damage":46,"enemies":"downfall:FleeingMerchant","floor":14,"turns":4},{"damage":1,"enemies":"Large Slime","floor":15,"turns":4},{"damage":41,"enemies":"IC_STATUS_ARCHETYPE","floor":16,"turns":6},{"damage":36,"enemies":"Shell Parasite","floor":19,"turns":4},{"damage":22,"enemies":"3 Byrds","floor":20,"turns":4},{"damage":51,"enemies":"Snake Plant","floor":21,"turns":5},{"damage":43,"enemies":"Centurion and Healer","floor":22,"turns":6},{"damage":10,"enemies":"Sentry and Sphere","floor":26,"turns":5},{"damage":29,"enemies":"Chosen and Byrds","floor":27,"turns":3},{"damage":33,"enemies":"Snake Plant","floor":30,"turns":2},{"damage":52,"enemies":"Book of Stabbing","floor":31,"turns":5},{"damage":12,"enemies":"3 Cultists","floor":32,"turns":3},{"damage":87,"enemies":"SI_MIRROR_ARCHETYPE","floor":33,"turns":11},{"damage":28,"enemies":"3 Darklings","floor":37,"turns":5},{"damage":40,"enemies":"downfall:FleeingMerchant","floor":39,"turns":4},{"damage":14,"enemies":"Orb Walker","floor":42,"turns":4},{"damage":9,"enemies":"Transient","floor":47,"turns":5},{"damage":33,"enemies":"downfall:FleeingMerchant","floor":48,"turns":4},{"damage":24,"enemies":"Jaw Worm Horde","floor":49,"turns":2},{"damage":67,"enemies":"DF_ARCHETYPE_ORBS","floor":50,"turns":6}],"seed_played":"5348628296288804010","potions_obtained":[{"floor":3,"key":"champ:TechniquePotion"},{"floor":4,"key":"Swift Potion"},{"floor":5,"key":"CultistPotion"},{"floor":5,"key":"EntropicBrew"},{"floor":5,"key":"SneckoOil"},{"floor":8,"key":"BlessingOfTheForge"},{"floor":9,"key":"Swift Potion"},{"floor":16,"key":"FearPotion"},{"floor":19,"key":"SteroidPotion"},{"floor":21,"key":"Slimebound:ThreeZeroPotion"},{"floor":22,"key":"EssenceOfSteel"},{"floor":25,"key":"CultistPotion"},{"floor":27,"key":"GamblersBrew"},{"floor":30,"key":"SneckoOil"},{"floor":31,"key":"Dexterity Potion"},{"floor":32,"key":"SmokeBomb"},{"floor":33,"key":"AttackPotion"},{"floor":37,"key":"EssenceOfSteel"},{"floor":39,"key":"Slimebound:ThreeZeroPotion"},{"floor":42,"key":"ColorlessPotion"},{"floor":47,"key":"Dexterity Potion"},{"floor":48,"key":"Guardian:BlockOnCardUsePotion"},{"floor":49,"key":"champ:OpenerPotion"}],"is_trial":false,"path_per_floor":["R","M","M","M","?","R","T","$","M","M","R","?","?","$","M","B",null,"R","M","M","M","M","R","T","?","M","M","R","?","M","E","M","B",null,"R","?","M","?","$","R","T","M","?","?","R","?","M","$","M","B",null],"character_chosen":"THE_CHAMP","items_purchased":["champ:BringItOn","Orrery","Membership Card","expansioncontent:StudyTheSpire","expansioncontent:QuickStudy","Mercury Hourglass","Nunchaku","champ:FalseCounter"],"campfire_rested":0,"item_purchase_floors":[8,8,39,39,48,48,48,48],"current_hp_per_floor":[90,90,90,90,71,71,71,71,71,70,70,43,43,43,42,22,90,90,85,85,66,66,66,66,66,66,66,66,66,53,37,35,29,97,107,97,89,89,89,89,89,87,87,87,87,87,88,95,101,102],"gold":190,"neow_bonus":"BOSS_RELIC","is_daily":false,"chose_seed":false,"campfire_upgraded":2,"win_rate":0.0,"timestamp":1612284776,"path_taken":["R","M","M","?","?","R","T","?","M","M","R","?","?","$","M","BOSS","R","M","M","M","M","R","T","?","M","M","R","?","M","E","M","BOSS","R","?","M","?","$","R","T","M","?","?","R","?","M","$","M","BOSS"],"items_purchased_type":["Card","Relic","Relic","Card","Card","Relic","Relic","Card"],"build_version":"2020-12-22","purchased_purges":2,"victory":true,"max_hp_per_floor":[90,90,90,90,90,90,90,90,90,90,90,90,90,90,90,90,90,90,90,90,90,90,90,90,90,90,90,90,90,90,97,97,97,97,107,107,107,107,107,107,107,107,107,107,107,107,107,107,107,107],"card_choices":[{"not_picked":["champ:BringItOn","champ:AdrenalArmor"],"picked":"champ:EnGarde","floor":2},{"not_picked":["champ:DeathBlow","champ:Parry"],"picked":"champ:StanceDance","floor":3},{"not_picked":["champ:Shatter","champ:FlashCut"],"picked":"champ:DefensiveShout","floor":4},{"not_picked":["champ:PreciseThrust","champ:DeathBlow"],"picked":"champ:ViciousMockery","floor":5},{"not_picked":["champ:SetATrap","champ:DeathBlow"],"picked":"champ:FanOfKnives","floor":8},{"not_picked":["champ:BerserkersShout","champ:BringItOn"],"picked":"champ:CalledShot","floor":8},{"not_picked":["champ:SwordThrow","champ:BladeFlurry"],"picked":"champ:Backstep","floor":8},{"not_picked":["champ:TornadoPunch","champ:Shatter"],"picked":"champ:DefensiveShout","floor":8},{"not_picked":["champ:PerfectedStrike","champ:GladiatorStyle"],"picked":"champ:BerserkerStyle","floor":8},{"not_picked":["champ:HeartStrike","champ:FaceSlap"],"picked":"champ:ShieldWall","floor":8},{"not_picked":["champ:FlashCut","champ:BladeFlurry"],"picked":"champ:BerserkersShout","floor":9},{"not_picked":["champ:CrownThrow","champ:FanOfKnives"],"picked":"champ:FocusedBerserking","floor":10},{"not_picked":["champ:BladeFlurry","champ:EnGarde"],"picked":"champ:Devastate","floor":14},{"not_picked":["champ:StanceDance","champ:PerfectedStrike"],"picked":"champ:EnGarde","floor":15},{"not_picked":["champ:UltimateStance","champ:SwordThrow"],"picked":"champ:DancingMaster","floor":16},{"not_picked":["champ:FanOfKnives","champ:Circumvent"],"picked":"champ:Backstep+1","floor":19},{"not_picked":["champ:RecklessLeap","champ:Circumvent"],"picked":"champ:GutPunch+1","floor":20},{"not_picked":["champ:Shatter+1","champ:FaceSlap"],"picked":"champ:ShieldSlam","floor":21},{"not_picked":["champ:BringItOn","champ:Duel"],"picked":"champ:FocusedBerserking","floor":22},{"not_picked":["champ:EndlessRage","champ:CrownThrow+1"],"picked":"champ:Shatter+1","floor":26},{"not_picked":["champ:CrownThrow+1","champ:Circumvent"],"picked":"champ:FaceSlap+1","floor":27},{"not_picked":["champ:BerserkersShout","champ:FanOfKnives+1"],"picked":"champ:DefensiveShout+1","floor":30},{"not_picked":["champ:Parry","champ:Shatter+1"],"picked":"champ:MurderStrike+1","floor":31},{"not_picked":["champ:FlashCut+1","champ:FaceSlap+1"],"picked":"champ:SetATrap+1","floor":32},{"not_picked":["champ:VampiricStrike+1","champ:SwordThrow+1"],"picked":"champ:Devastate+1","floor":33},{"not_picked":["expansioncontent:AwakenDeath","expansioncontent:Hexaburn"],"picked":"expansioncontent:YouAreMine","floor":36},{"not_picked":["expansioncontent:AwakenDeath","expansioncontent:HyperBeam"],"picked":"expansioncontent:YouAreMine","floor":36},{"not_picked":["expansioncontent:GuardianWhirl","expansioncontent:Hexaburn"],"picked":"expansioncontent:PrepareCrush","floor":36},{"not_picked":["champ:Duel+1","champ:Lariat+1"],"picked":"champ:FocusedBerserking","floor":37},{"not_picked":["champ:PerfectedStrike+1","champ:DefensiveStyle"],"picked":"champ:CheapShot+1","floor":39},{"not_picked":["champ:BerserkersShout","champ:PerfectedStrike+1"],"picked":"champ:CrownThrow+1","floor":42},{"not_picked":["champ:TornadoPunch+1","champ:BladeFlurry+1"],"picked":"champ:AdrenalArmor+1","floor":47},{"not_picked":["champ:IronFortress","champ:DeathBlow+1"],"picked":"champ:BringItOn+1","floor":48},{"not_picked":["champ:BringItOn","champ:DefensiveStyle"],"picked":"champ:BerserkersShout+1","floor":49}],"player_experience":313692,"relics_obtained":[{"floor":5,"key":"White Beast Statue"},{"floor":7,"key":"Shovel"},{"floor":11,"key":"Letter Opener"},{"floor":18,"key":"Regal Pillow"},{"floor":23,"key":"Lizard Tail"},{"floor":24,"key":"Molten Egg 2"},{"floor":28,"key":"Vajra"},{"floor":31,"key":"Strawberry"},{"floor":35,"key":"Pear"},{"floor":40,"key":"Whetstone"},{"floor":41,"key":"Ornamental Fan"},{"floor":45,"key":"TungstenRod"}],"event_choices":[{"cards_removed":["champ:ShieldWall"],"damage_healed":0,"gold_gain":0,"player_choice":"Removed Power","damage_taken":0,"max_hp_gain":0,"max_hp_loss":0,"event_name":"Falling","floor":38,"gold_loss":0},{"damage_healed":0,"gold_gain":0,"player_choice":"Ignored","damage_taken":0,"max_hp_gain":0,"max_hp_loss":0,"event_name":"Mysterious Sphere","floor":44,"gold_loss":0},{"damage_healed":0,"gold_gain":0,"player_choice":"Forge","damage_taken":0,"max_hp_gain":0,"max_hp_loss":0,"event_name":"Accursed Blacksmith","floor":46,"gold_loss":0,"cards_upgraded":["expansioncontent:StudyTheSpire"]}],"is_beta":false,"boss_relics":[{"not_picked":["Pandora\u0027s Box","Snecko Eye"],"picked":"Cursed Key"},{"not_picked":["Velvet Choker","Runic Pyramid"],"picked":"SacredBark"}],"items_purged_floors":[39,48],"is_endless":false,"potions_floor_spawned":[3,4,8,9,10,14,15,16,19,20,21,22,26,27,30,31,32,33,37,39,42,47,48,49],"ascension_level":0}}