{"host":"e3jr8cs0hrgde9ri","time":1612228471,"event":{"mods":["2.2 Compatiblity","BaseMod","Highlight Path","Minty Spire (QoL Compilation)","Permanent Neow","Quick Restart","SuperFastMode"],"gold_per_floor":[109,109,127,145,158,158,183,183,183,215,226,226,226,243,243,243,243],"floor_reached":16,"language":"ENG","playtime":465,"items_purged":[],"score":224,"play_id":"ca679186-1e87-4bad-80af-01d3bbc9ed63","local_time":"20210201171431","is_ascension_mode":true,"campfire_choices":[{"data":"Bash","floor":6.0,"key":"SMITH"},{"data":"Clothesline","floor":8.0,"key":"SMITH"},{"data":"1","floor":12.0,"key":"LIFT"},{"data":"2","floor":15.0,"key":"LIFT"}],"circlet_count":0,"master_deck":["AscendersBane","Strike_R","Strike_R","Strike_R","Strike_R","Strike_R","Defend_R","Defend_R","Defend_R","Defend_R","Bash+1","Clothesline+1","Pain","Blood for Blood","Whirlwind+1","Heavy Blade+1"],"relics":["Snecko Eye","WarpedTongs","Molten Egg 2","Dead Branch","Girya"],"acts_visited":["Exordium"],"potions_floor_usage":[],"damage_taken":[{"damage":0.0,"enemies":"Small Slimes","floor":1.0,"turns":3.0},{"damage":4.0,"enemies":"Cultist","floor":3.0,"turns":3.0},{"damage":11.0,"enemies":"Jaw Worm","floor":4.0,"turns":3.0},{"damage":6.0,"enemies":"2 Fungi Beasts","floor":5.0,"turns":3.0},{"damage":13.0,"enemies":"3 Sentries","floor":7.0,"turns":5.0},{"damage":10.0,"enemies":"Lagavulin","floor":10.0,"turns":3.0},{"damage":3.0,"enemies":"Large Slime","floor":11.0,"turns":4.0},{"damage":1.0,"enemies":"3 Louse","floor":14.0,"turns":1.0},{"damage":28,"enemies":"The Guardian","floor":16,"turns":4}],"seed_played":"-270483713486250764","potions_obtained":[{"floor":1.0,"key":"Explosive Potion"},{"floor":3.0,"key":"Fire Potion"},{"floor":11.0,"key":"SneckoOil"}],"is_trial":false,"path_per_floor":["M","?","M","M","M","R","E","R","T","E","M","R","?","M","R","B"],"character_chosen":"IRONCLAD","items_purchased":[],"campfire_rested":0,"item_purchase_floors":[],"current_hp_per_floor":[68,68,64,53,47,47,34,34,34,24,21,21,26,25,25,0,0],"gold":243,"neow_bonus":"BOSS_RELIC","is_daily":false,"chose_seed":false,"campfire_upgraded":2,"win_rate":0.0,"timestamp":1612228471,"path_taken":["M","?","?","M","M","R","E","R","T","E","M","R","?","M","R","BOSS"],"items_purchased_type":[],"build_version":"2020-12-22","purchased_purges":0,"victory":false,"max_hp_per_floor":[75,75,75,75,75,75,75,75,75,75,75,75,80,80,80,80,80],"card_choices":[{"not_picked":["Seeing Red","Warcry"],"picked":"Clothesline","floor":1.0},{"not_picked":["Headbutt","Warcry"],"picked":"Blood for Blood","floor":3.0},{"not_picked":["True Grit","Headbutt","Thunderclap"],"picked":"SKIP","floor":4.0},{"not_picked":["Perfected Strike","Havoc","Berserk"],"picked":"SKIP","floor":5.0},{"not_picked":["Barricade","Sword Boomerang+1"],"picked":"Whirlwind+1","floor":7.0},{"not_picked":["Twin Strike+1","True Grit","Clothesline+1"],"picked":"SKIP","floor":10.0},{"not_picked":["Cleave+1","Flex","Sword Boomerang+1"],"picked":"SKIP","floor":11.0},{"not_picked":["Clothesline+1","True Grit"],"picked":"Heavy Blade+1","floor":14.0}],"player_experience":1797757,"relics_obtained":[{"floor":7.0,"key":"Molten Egg 2"},{"floor":9.0,"key":"Dead Branch"},{"floor":10.0,"key":"Girya"}],"event_choices":[{"damage_healed":0.0,"max_hp_gain":0.0,"max_hp_loss":0.0,"gold_gain":0.0,"event_name":"Accursed Blacksmith","player_choice":"Rummage","floor":2.0,"gold_loss":0.0,"damage_taken":0.0,"relics_obtained":["WarpedTongs"],"cards_obtained":["Pain"]},{"damage_healed":0.0,"max_hp_gain":5.0,"max_hp_loss":0.0,"gold_gain":0.0,"event_name":"Big Fish","player_choice":"Donut","floor":13.0,"gold_loss":0.0,"damage_taken":0.0}],"is_beta":false,"boss_relics":[],"items_purged_floors":[],"is_endless":false,"potions_floor_spawned":[1,3,11],"killed_by":"The Guardian","ascension_level":20}}