{"host":"e8rlfedn69rz2s07","time":1612294372,"event":{"mods":["Act Like it!","BaseMod","Conspire","Hubris","Infinite Spire","Minty Spire (QoL Compilation)","Permanent Neow","Relic Stats","Replay The Spire","Shop Mod","StSLib","The Jungle"],"gold_per_floor":[118,132,207,221,231,231,265,265,265,265,290,303,17,32,32,106,106,124,124,124,137,155,155,190,237,237,262,262,287,305,316,316,391,391,403,403,419,419,3,38,38,38,38,64,64,98,98,129,129,129,129,129,21,52,52,52],"floor_reached":55,"language":"ENG","playtime":4311,"items_purged":["Strike_R"],"score":1746,"play_id":"74b7aedd-e916-4e5a-993a-b6b51cdbb2da","local_time":"20210202213252","is_ascension_mode":true,"campfire_choices":[{"floor":6.0,"key":"REST"},{"floor":8.0,"key":"REST"},{"data":"Spot Weakness","floor":10.0,"key":"SMITH"},{"data":"Heavy Blade","floor":23.0,"key":"SMITH"},{"floor":28.0,"key":"REST"},{"floor":32.0,"key":"REST"},{"floor":41.0,"key":"RECALL"},{"data":"Demonic Infusion","floor":45.0,"key":"SMITH"},{"floor":47.0,"key":"REST"},{"data":"True Grit","floor":47.0,"key":"SMITH"},{"floor":49.0,"key":"REST"},{"data":"Replay:Fractal Strike","floor":49.0,"key":"SMITH"},{"floor":52,"key":"REST"},{"data":"Inflame","floor":52,"key":"SMITH"}],"circlet_count":0,"master_deck":["AscendersBane","Strike_R","Strike_R","Strike_R","Defend_R","Defend_R","Defend_R","Defend_R","Bash","Shrug It Off","Spot Weakness+1","Battle Trance","Cleave","True Grit","Demonic Infusion+1","Flame Barrier","Battle Trance","Fiend Fire","Heavy Blade+1","infinitespire:DeathsTouch","Cleave+1","conspire:HitWhereItHurts+1","Inflame+1","hubris:ReadiedAction+1","True Grit+1","Impervious+1","Dual Wield","Flex","Poisoned Strike+1","Headbutt","Power Through+1","Replay:Fractal Strike+1","Warcry+1","Pommel Strike+1","Shrug It Off+1","Run Through+1"],"relics":["Burning Blood","Blue Candle","infinitespire:WardingShard","Boot","Replay:Ringing Soul","hubris:RunicObelisk","Another Sword","Golden Egg","Vajra","Strawberry","conspire:DecoderRing","WingedGreaves","Honey Jar","hubris:Towel","Black Star","Lee\u0027s Waffle","Ancient Tea Set","Iron Hammer","hubris:ChampionShield","Replay:Rubber Ducky","infinitespire:Magic Flask","Replay:Bottled Flurry","Bag of Preparation","Red Skull","Centennial Puzzle","Bag of Marbles"],"acts_visited":["Exordium","TheCity","TheBeyond","TheEnding"],"potions_floor_usage":[55,55],"damage_taken":[{"damage":9.0,"enemies":"2 Louse","floor":1.0,"turns":4.0},{"damage":3.0,"enemies":"conspire:RoseBush","floor":2.0,"turns":6.0},{"damage":7.0,"enemies":"Jaw Worm","floor":4.0,"turns":4.0},{"damage":24.0,"enemies":"Exordium Thugs","floor":5.0,"turns":6.0},{"damage":31.0,"enemies":"Gremlin Nob","floor":7.0,"turns":5.0},{"damage":39.0,"enemies":"3 Sentries","floor":11.0,"turns":10.0},{"damage":0.0,"enemies":"Looter","floor":12.0,"turns":4.0},{"damage":14.0,"enemies":"3 Louse","floor":14.0,"turns":2.0},{"damage":19.0,"enemies":"Hexaghost","floor":16.0,"turns":13.0},{"damage":10.0,"enemies":"conspire:FuzzyDice","floor":18.0,"turns":10.0},{"damage":10.0,"enemies":"Shell Parasite","floor":21.0,"turns":3.0},{"damage":4.0,"enemies":"Centurion and Healer","floor":22.0,"turns":5.0},{"damage":0.0,"enemies":"conspire:Head Lice","floor":24.0,"turns":4.0},{"damage":38.0,"enemies":"conspire:MimicChest","floor":25.0,"turns":13.0},{"damage":31.0,"enemies":"Slavers","floor":27.0,"turns":6.0},{"damage":23.0,"enemies":"Gremlin Leader","floor":29.0,"turns":5.0},{"damage":3.0,"enemies":"Snecko","floor":30.0,"turns":4.0},{"damage":15.0,"enemies":"Sentry and Sphere","floor":31.0,"turns":5.0},{"damage":38.0,"enemies":"conspire:MysteriousRune","floor":33.0,"turns":8.0},{"damage":0.0,"enemies":"Orb Walker","floor":35.0,"turns":3.0},{"damage":50.0,"enemies":"3 Shapes","floor":37.0,"turns":5.0},{"damage":16.0,"enemies":"R_Hoarder","floor":40.0,"turns":8.0},{"damage":25.0,"enemies":"Giant Head","floor":44.0,"turns":7.0},{"damage":65.0,"enemies":"Nightmare","floor":46.0,"turns":9.0},{"damage":0.0,"enemies":"Nemesis","floor":48.0,"turns":5.0},{"damage":22,"enemies":"Awakened One","floor":50,"turns":8},{"damage":4,"enemies":"Shield and Spear","floor":54,"turns":6},{"damage":143,"enemies":"The Heart","floor":55,"turns":9}],"seed_played":"-4484565451309130064","potions_obtained":[{"floor":7.0,"key":"DuplicationPotion"},{"floor":11.0,"key":"SpeedPotion"},{"floor":14.0,"key":"PowerPotion"},{"floor":16.0,"key":"Reflective Coating"},{"floor":21.0,"key":"LifebloodPotion"},{"floor":27.0,"key":"BlessingOfTheForge"},{"floor":37.0,"key":"Elixir"},{"floor":46.0,"key":"Explosive Potion"}],"is_trial":false,"path_per_floor":["M","M","?","M","M","R","E","R","T","R","E","M","$","M","R","B",null,"M","AVR","?","M","M","R","E","?","T","E","R","E","M","M","R","B",null,"M","?","M","AVR","$","E","R","?","T","E","R","NM","R","E","R","B",null,"R","$","E","B"],"character_chosen":"IRONCLAD","items_purchased":["Replay:Ringing Soul","Lee\u0027s Waffle","Poisoned Strike","Dexterity Potion","Shrug It Off"],"campfire_rested":7,"item_purchase_floors":[13,39,39,53,53],"current_hp_per_floor":[65,68,57,56,38,60,35,57,57,57,24,30,30,22,25,15,65,64,67,67,66,68,68,77,45,52,30,60,43,49,43,75,46,96,105,105,64,64,128,121,121,121,121,105,105,49,88,97,133,117,129,133,136,139,0,0],"gold":52,"neow_bonus":"THREE_CARDS","is_daily":false,"chose_seed":false,"campfire_upgraded":6,"win_rate":0.0,"timestamp":1612294372,"path_taken":["M","M","?","M","M","R","E","R","T","R","E","M","$","M","R","BOSS","M","AVR","?","M","M","R","E","?","T","E","R","E","?","M","R","BOSS","M","?","M","AVR","$","E","R","?","T","E","R","NM","R","E","R","BOSS","R","$","E","BOSS"],"items_purchased_type":["Relic","Relic","Card","Potion","Card"],"build_version":"2020-12-22","purchased_purges":1,"victory":false,"max_hp_per_floor":[75,75,75,75,75,75,75,75,75,75,75,75,75,75,78,81,81,84,87,87,90,90,90,93,93,100,103,103,103,106,109,109,112,112,115,115,118,118,128,131,131,124,124,127,127,130,130,133,133,133,133,133,136,139,139,139],"relic_stats":{"Lee\u0027s Waffle":61,"Centennial Puzzle":[3],"counters":[28,177],"Blue Candle":[0],"Black Star":5,"Bag of Preparation":[3],"Boot":[8],"obtain_stats":[{"Golden Egg":24,"Vajra":25,"Bag of Preparation":48,"hubris:RunicObelisk":17,"Boot":11,"Ancient Tea Set":40,"Burning Blood":0,"Replay:Rubber Ducky":44,"Replay:Ringing Soul":13,"Centennial Puzzle":54,"Shovel":19,"Strawberry":26,"conspire:DecoderRing":27,"Honey Jar":34,"WingedGreaves":29,"Iron Hammer":40,"Replay:Bottled Flurry":46,"hubris:ChampionShield":44,"Red Skull":48,"Lee\u0027s Waffle":39,"Blue Candle":7,"infinitespire:Magic Flask":46,"hubris:Towel":36,"infinitespire:WardingShard":9,"Another Sword":19,"Black Star":38,"Bag of Marbles":54},{"Golden Egg":13,"Vajra":14,"Bag of Preparation":25,"hubris:RunicObelisk":9,"Boot":6,"Ancient Tea Set":22,"Burning Blood":0,"Replay:Rubber Ducky":23,"Replay:Ringing Soul":7,"Centennial Puzzle":27,"Shovel":10,"Strawberry":14,"conspire:DecoderRing":15,"Honey Jar":19,"WingedGreaves":16,"Iron Hammer":22,"Replay:Bottled Flurry":24,"hubris:ChampionShield":23,"Red Skull":25,"Lee\u0027s Waffle":21,"Blue Candle":5,"infinitespire:Magic Flask":24,"hubris:Towel":20,"infinitespire:WardingShard":5,"Another Sword":10,"Black Star":21,"Bag of Marbles":27},{"Golden Egg":76,"Vajra":89,"Bag of Preparation":154,"hubris:RunicObelisk":54,"Boot":35,"Ancient Tea Set":133,"Burning Blood":0,"Replay:Rubber Ducky":140,"Replay:Ringing Soul":39,"Centennial Puzzle":168,"Shovel":64,"Strawberry":89,"conspire:DecoderRing":95,"Honey Jar":117,"WingedGreaves":100,"Iron Hammer":133,"Replay:Bottled Flurry":149,"hubris:ChampionShield":140,"Red Skull":154,"Lee\u0027s Waffle":125,"Blue Candle":25,"infinitespire:Magic Flask":149,"hubris:Towel":120,"infinitespire:WardingShard":25,"Another Sword":64,"Black Star":125,"Bag of Marbles":168}],"Burning Blood":160},"card_choices":[{"not_picked":["Thunderclap","ReplayReversal"],"picked":"Shrug It Off","floor":0.0},{"not_picked":["Sword Boomerang","Run Through"],"picked":"Spot Weakness","floor":1.0},{"not_picked":["Power Through","Anger"],"picked":"Battle Trance","floor":2.0},{"not_picked":["ReplayTheSpireMod:Stacked","Clothesline"],"picked":"Cleave","floor":4.0},{"not_picked":["Burning Pact","Iron Wave"],"picked":"True Grit","floor":5.0},{"not_picked":["ReplayTheSpireMod:Strike From Hell","Body Slam"],"picked":"Demonic Infusion","floor":7.0},{"not_picked":["Battle Trance","Clothesline","Clash"],"picked":"SKIP","floor":11.0},{"not_picked":["Heavy Blade","Ghostly Armor"],"picked":"Flame Barrier","floor":12.0},{"not_picked":["Cleave","Havoc","Clash"],"picked":"SKIP","floor":14.0},{"not_picked":["Berserk","Immolate"],"picked":"Fiend Fire","floor":16.0},{"not_picked":["hubris:CleavingFinish","hubris:ReadiedAction"],"picked":"Heavy Blade","floor":18.0},{"not_picked":["Perfected Strike+1","Body Slam"],"picked":"Cleave+1","floor":21.0},{"not_picked":["Warcry","Perfected Strike","Intimidate"],"picked":"SKIP","floor":22.0},{"not_picked":["Inflame","Sentinel+1"],"picked":"conspire:HitWhereItHurts","floor":24.0},{"not_picked":["Massacre","ReplayTheSpireMod:Strike From Hell"],"picked":"Inflame","floor":27.0},{"not_picked":["Havoc+1","hubris:SharpeningStone","Clothesline"],"picked":"SKIP","floor":29.0},{"not_picked":["Havoc+1","hubris:SharpeningStone","Clothesline"],"picked":"SKIP","floor":29.0},{"not_picked":["Perfected Strike+1","Evolve"],"picked":"hubris:ReadiedAction+1","floor":30.0},{"not_picked":["Body Slam+1","Searing Blow+1"],"picked":"True Grit","floor":31.0},{"not_picked":["Bludgeon","conspire:Purge"],"picked":"Impervious","floor":33.0},{"not_picked":["Seeing Red","Infernal Blade","Run Through+1"],"picked":"Dual Wield","floor":35.0},{"not_picked":["ReplayTheSpireMod:Strike From Hell","Body Slam","Run Through"],"picked":"Flex","floor":37.0},{"not_picked":["Iron Wave","Warcry","Rupture+1"],"picked":"Headbutt","floor":40.0},{"not_picked":["True Grit","Flex+1","Headbutt+1"],"picked":"Power Through+1","floor":44.0},{"not_picked":["infinitespire:DeathsTouch","infinitespire:Punishment"],"picked":"Replay:Fractal Strike","floor":46.0},{"not_picked":["hubris:SharpeningStone","Body Slam","Clothesline"],"picked":"Warcry+1","floor":46.0},{"not_picked":["Seeing Red+1","ReplayTheSpireMod:Strike From Hell","Intimidate"],"picked":"Pommel Strike+1","floor":48.0},{"not_picked":["Dark Embrace","Clash+1","ReplayTheSpireMod:Strike From Hell"],"picked":"Run Through+1","floor":54}],"player_experience":1008771,"relics_obtained":[{"floor":7.0,"key":"Blue Candle"},{"floor":9.0,"key":"infinitespire:WardingShard"},{"floor":11.0,"key":"Boot"},{"floor":24.0,"key":"Golden Egg"},{"floor":25.0,"key":"Vajra"},{"floor":26.0,"key":"Strawberry"},{"floor":27.0,"key":"conspire:DecoderRing"},{"floor":29.0,"key":"WingedGreaves"},{"floor":40.0,"key":"Ancient Tea Set"},{"floor":40.0,"key":"Iron Hammer"},{"floor":44.0,"key":"hubris:ChampionShield"},{"floor":44.0,"key":"Replay:Rubber Ducky"},{"floor":46.0,"key":"infinitespire:Magic Flask"},{"floor":46.0,"key":"Replay:Bottled Flurry"},{"floor":48.0,"key":"Bag of Preparation"},{"floor":48.0,"key":"Red Skull"},{"floor":54,"key":"Centennial Puzzle"},{"floor":54,"key":"Bag of Marbles"}],"event_choices":[{"damage_healed":0.0,"max_hp_gain":0.0,"max_hp_loss":0.0,"gold_gain":75.0,"event_name":"World of Goop","player_choice":"Gather Gold","floor":3.0,"gold_loss":0.0,"damage_taken":11.0},{"damage_healed":0.0,"max_hp_gain":0.0,"max_hp_loss":0.0,"gold_gain":0.0,"event_name":"Vampires","player_choice":"Ignored","floor":20.0,"gold_loss":0.0,"damage_taken":0.0},{"damage_healed":0.0,"max_hp_gain":0.0,"max_hp_loss":7.0,"gold_gain":0.0,"event_name":"Winding Halls","player_choice":"Max HP","floor":42.0,"gold_loss":0.0,"damage_taken":0.0}],"is_beta":false,"boss_relics":[{"not_picked":["Tiny House","Replay:Bronze Core"],"picked":"hubris:RunicObelisk"},{"not_picked":["infinitespire:Burning Sword","conspire:RunicOctahedron"],"picked":"Honey Jar"}],"items_purged_floors":[39],"is_endless":false,"potions_floor_spawned":[7,11,14,16,21,22,24,27,37,46],"killed_by":"The Heart","ascension_level":17}}