{"host":"lktusdb9orijgc6z","time":1612268182,"event":{"mods":["BaseMod","Bestiary","Colored Map","Colored Powertips","Minty Spire (QoL Compilation)","Permanent Neow","Quick Restart","Relic Stats","StSLib","everything is the same but u backflip on backflip","slay the spire mod where everything is the same but ironclad has a cowboy hat"],"gold_per_floor":[111,124,124,42,55,55,90,90,90,103,114,127,155,175,175,271,271,286,306,306,183,201,201,227,326,375,412,75,102,123,17,17,126,126,150,208,233,247,275,275,317,341,368,368,43,85,118,90,90,90,90,90,12,47,47],"floor_reached":56,"language":"ENG","playtime":2675,"items_purged":["Strike_R"],"score":2124,"play_id":"f907fc6c-3a3a-4113-a366-a15d3e8f1e11","local_time":"20210202131622","is_ascension_mode":true,"campfire_choices":[{"data":"Fiend Fire","floor":6.0,"key":"SMITH"},{"data":"Metallicize","floor":8.0,"key":"SMITH"},{"data":"Fire Breathing","floor":15.0,"key":"SMITH"},{"data":"Feel No Pain","floor":23.0,"key":"SMITH"},{"data":"Spot Weakness","floor":32.0,"key":"SMITH"},{"data":"Shockwave","floor":40.0,"key":"SMITH"},{"data":"Double Tap","floor":44.0,"key":"SMITH"},{"floor":49,"key":"RECALL"},{"data":"Feel No Pain","floor":52,"key":"SMITH"}],"circlet_count":0,"master_deck":["AscendersBane","Strike_R","Strike_R","Strike_R","Strike_R","Defend_R","Defend_R","Defend_R","Defend_R","Bash","Fiend Fire+1","Metallicize+1","Power Through","Fire Breathing+1","Cleave","Flame Barrier","Double Tap+1","Dark Embrace","Shockwave+1","Spot Weakness+1","Corruption","Flex+1","Barricade","Second Wind+1","Shrug It Off+1","Feel No Pain+1","Burning Pact+1","Armaments+1","Entrench+1","Armaments+1","Flame Barrier+1","Shrug It Off+1","Flame Barrier+1","PanicButton+1","Reaper","Power Through+1","Entrench+1","Armaments+1","Second Wind+1","Uppercut+1","Offering+1","Feel No Pain+1","Sentinel+1","Body Slam","Shrug It Off+1","Dark Shackles+1","Demon Form"],"relics":["Burning Blood","Paper Frog","Regal Pillow","Toxic Egg 2","Snecko Eye","Enchiridion","Pantograph","PreservedInsect","CeramicFish","Question Card","Philosopher\u0027s Stone","Magic Flower","Lantern","Centennial Puzzle","Bag of Preparation","MawBank","Nunchaku"],"acts_visited":["TheCity","TheBeyond","TheEnding"],"potions_floor_usage":[],"damage_taken":[{"damage":0.0,"enemies":"Cultist","floor":1.0,"turns":2.0},{"damage":5.0,"enemies":"2 Louse","floor":2.0,"turns":3.0},{"damage":0.0,"enemies":"Jaw Worm","floor":5.0,"turns":4.0},{"damage":9.0,"enemies":"Lagavulin","floor":7.0,"turns":7.0},{"damage":13.0,"enemies":"Exordium Wildlife","floor":10.0,"turns":4.0},{"damage":16.0,"enemies":"Gremlin Gang","floor":11.0,"turns":5.0},{"damage":0.0,"enemies":"Blue Slaver","floor":12.0,"turns":5.0},{"damage":14.0,"enemies":"Gremlin Nob","floor":13.0,"turns":3.0},{"damage":14.0,"enemies":"3 Louse","floor":14.0,"turns":3.0},{"damage":18.0,"enemies":"Slime Boss","floor":16.0,"turns":8.0},{"damage":0.0,"enemies":"Spheric Guardian","floor":18.0,"turns":3.0},{"damage":0.0,"enemies":"Chosen","floor":19.0,"turns":1.0},{"damage":0.0,"enemies":"Snake Plant","floor":22.0,"turns":2.0},{"damage":0.0,"enemies":"Gremlin Leader","floor":24.0,"turns":5.0},{"damage":41.0,"enemies":"Slavers","floor":27.0,"turns":3.0},{"damage":0.0,"enemies":"Snecko","floor":29.0,"turns":5.0},{"damage":0.0,"enemies":"3 Cultists","floor":30.0,"turns":3.0},{"damage":12.0,"enemies":"Champ","floor":33.0,"turns":7.0},{"damage":6.0,"enemies":"Orb Walker","floor":35.0,"turns":5.0},{"damage":0.0,"enemies":"2 Orb Walkers","floor":36.0,"turns":3.0},{"damage":9.0,"enemies":"3 Darklings","floor":38.0,"turns":3.0},{"damage":2.0,"enemies":"Transient","floor":39.0,"turns":5.0},{"damage":1.0,"enemies":"Giant Head","floor":41.0,"turns":3.0},{"damage":11.0,"enemies":"Maw","floor":42.0,"turns":5.0},{"damage":6.0,"enemies":"Reptomancer","floor":46.0,"turns":3.0},{"damage":6,"enemies":"3 Darklings","floor":47,"turns":3},{"damage":6,"enemies":"Time Eater","floor":50,"turns":2},{"damage":6,"enemies":"Shield and Spear","floor":54,"turns":2},{"damage":23,"enemies":"The Heart","floor":55,"turns":7}],"seed_played":"658401756318650693","potions_obtained":[{"floor":3.0,"key":"Block Potion"},{"floor":3.0,"key":"Explosive Potion"},{"floor":5.0,"key":"HeartOfIron"},{"floor":11.0,"key":"SteroidPotion"},{"floor":13.0,"key":"EssenceOfSteel"},{"floor":14.0,"key":"CultistPotion"},{"floor":16.0,"key":"BlessingOfTheForge"},{"floor":22.0,"key":"ElixirPotion"},{"floor":27.0,"key":"Fruit Juice"},{"floor":33.0,"key":"SmokeBomb"},{"floor":36.0,"key":"FairyPotion"},{"floor":46.0,"key":"SpeedPotion"},{"floor":54,"key":"FairyPotion"}],"is_trial":false,"path_per_floor":["M","M","?","$","M","R","E","R","T","M","M","M","E","M","R","B",null,"M","M","?","$","M","R","E","?","T","E","$","M","M","$","R","B",null,"M","?","T","M","M","R","E","M","T","R","$","E","M","$","R","B",null,"R","$","E","B",null],"character_chosen":"IRONCLAD","items_purchased":["Fire Breathing","Cleave","Shrug It Off+1","Entrench+1","Armaments+1","Question Card","Flame Barrier+1","PanicButton+1","Bag of Preparation","Offering+1","Feel No Pain","Shrug It Off+1","Dark Shackles+1"],"campfire_rested":0,"item_purchase_floors":[4,4,21,28,28,28,31,31,45,45,45,48,53],"current_hp_per_floor":[78,79,79,79,80,80,77,77,77,70,60,66,58,50,50,38,70,76,80,64,64,70,70,76,76,76,41,41,47,53,53,53,77,83,83,85,85,85,85,85,85,85,85,85,85,85,85,85,85,85,85,85,85,85,85],"gold":47,"neow_bonus":"ONE_RANDOM_RARE_CARD","is_daily":false,"chose_seed":false,"campfire_upgraded":8,"win_rate":0.0,"timestamp":1612268182,"path_taken":["M","M","?","$","M","R","E","R","T","M","?","M","E","M","R","BOSS","M","M","?","$","M","R","E","?","T","E","$","M","M","?","R","BOSS","M","?","?","M","M","R","E","M","T","R","$","E","M","$","R","BOSS","R","$","E","BOSS"],"items_purchased_type":["Card","Card","Card","Card","Card","Relic","Card","Card","Relic","Card","Card","Card","Card"],"build_version":"2020-12-22","purchased_purges":1,"victory":true,"max_hp_per_floor":[80,80,80,80,80,80,80,80,80,80,80,80,80,80,80,80,80,80,80,80,80,80,80,80,80,80,80,80,80,80,80,80,85,85,85,85,85,85,85,85,85,85,85,85,85,85,85,85,85,85,85,85,85,85,85],"relic_stats":{"Regal Pillow":0,"counters":[29,114],"CeramicFish":180,"Magic Flower":[6],"PreservedInsect":312,"Bag of Preparation":[10],"Question Card":12,"MawBank":24,"Burning Blood":120,"Centennial Puzzle":[16],"Nunchaku":[1],"Pantograph":25,"Snecko Eye":[194,204,184,215],"obtain_stats":[{"Regal Pillow":9,"Lantern":37,"CeramicFish":27,"Enchiridion":20,"Magic Flower":36,"PreservedInsect":26,"Bag of Preparation":45,"Question Card":28,"MawBank":46,"Burning Blood":0,"Centennial Puzzle":41,"Nunchaku":54,"Pantograph":24,"Snecko Eye":17,"Philosopher\u0027s Stone":34,"Toxic Egg 2":13,"Paper Frog":7},{"Regal Pillow":4,"Lantern":20,"CeramicFish":15,"Enchiridion":12,"Magic Flower":20,"PreservedInsect":14,"Bag of Preparation":24,"Question Card":15,"MawBank":25,"Burning Blood":0,"Centennial Puzzle":23,"Nunchaku":28,"Pantograph":14,"Snecko Eye":10,"Philosopher\u0027s Stone":18,"Toxic Egg 2":8,"Paper Frog":4},{"Regal Pillow":16,"Lantern":81,"CeramicFish":58,"Enchiridion":48,"Magic Flower":81,"PreservedInsect":55,"Bag of Preparation":97,"Question Card":58,"MawBank":100,"Burning Blood":0,"Centennial Puzzle":92,"Nunchaku":107,"Pantograph":55,"Snecko Eye":44,"Philosopher\u0027s Stone":73,"Toxic Egg 2":33,"Paper Frog":16}]},"card_choices":[{"not_picked":["Twin Strike","Shrug It Off"],"picked":"Metallicize","floor":1.0},{"not_picked":["Havoc","True Grit"],"picked":"Power Through","floor":2.0},{"not_picked":["Reckless Charge","Wild Strike"],"picked":"Flame Barrier","floor":5.0},{"not_picked":["Sever Soul","Shockwave"],"picked":"Double Tap","floor":7.0},{"not_picked":["Whirlwind","Dual Wield"],"picked":"Dark Embrace","floor":10.0},{"not_picked":["Flex","Clash"],"picked":"Shockwave","floor":11.0},{"not_picked":["Flex","Pummel"],"picked":"Spot Weakness","floor":12.0},{"not_picked":["Rage+1","Armaments+1"],"picked":"Corruption","floor":13.0},{"not_picked":["Rupture","Clash"],"picked":"Flex+1","floor":14.0},{"not_picked":["Limit Break+1","Reaper"],"picked":"Barricade","floor":16.0},{"not_picked":["Dropkick+1","Cleave"],"picked":"Second Wind+1","floor":18.0},{"not_picked":["Havoc+1","Dark Embrace","Iron Wave"],"picked":"SKIP","floor":19.0},{"not_picked":["Metallicize","Warcry+1"],"picked":"Feel No Pain","floor":22.0},{"not_picked":["Clash","Warcry+1"],"picked":"Burning Pact+1","floor":24.0},{"not_picked":["Rupture","Metallicize"],"picked":"Armaments+1","floor":27.0},{"not_picked":["Whirlwind","Hemokinesis","Heavy Blade+1"],"picked":"Flame Barrier+1","floor":29.0},{"not_picked":["Evolve","Rampage","Flame Barrier+1"],"picked":"Shrug It Off+1","floor":30.0},{"not_picked":["Corruption","Fiend Fire","Barricade"],"picked":"Reaper","floor":33.0},{"not_picked":["Bloodletting+1","Rupture","Pommel Strike"],"picked":"Power Through+1","floor":35.0},{"not_picked":["Rage+1","Shrug It Off+1","Sword Boomerang+1"],"picked":"Entrench+1","floor":36.0},{"not_picked":["Fire Breathing+1","Headbutt","Heavy Blade","Havoc+1"],"picked":"SKIP","floor":38.0},{"not_picked":["Havoc+1","Headbutt","Clothesline"],"picked":"Armaments+1","floor":39.0},{"not_picked":["Berserk","Headbutt","Spot Weakness+1"],"picked":"Second Wind+1","floor":41.0},{"not_picked":["True Grit+1","Clothesline","Dark Embrace"],"picked":"Uppercut+1","floor":42.0},{"not_picked":["Thunderclap","Cleave+1","Body Slam"],"picked":"Sentinel+1","floor":46.0},{"not_picked":["Carnage+1","Warcry+1","Infernal Blade+1"],"picked":"Body Slam","floor":47},{"not_picked":["Headbutt+1","Shrug It Off+1","Fiend Fire"],"picked":"Demon Form","floor":54}],"player_experience":744817,"relics_obtained":[{"floor":7.0,"key":"Paper Frog"},{"floor":9.0,"key":"Regal Pillow"},{"floor":13.0,"key":"Toxic Egg 2"},{"floor":20.0,"key":"Enchiridion"},{"floor":24.0,"key":"Pantograph"},{"floor":26.0,"key":"PreservedInsect"},{"floor":27.0,"key":"CeramicFish"},{"floor":36.0,"key":"Magic Flower"},{"floor":37.0,"key":"Lantern"},{"floor":41.0,"key":"Centennial Puzzle"},{"floor":46.0,"key":"MawBank"},{"floor":54,"key":"Nunchaku"}],"event_choices":[{"damage_healed":0.0,"max_hp_gain":0.0,"max_hp_loss":0.0,"gold_gain":0.0,"event_name":"Lab","player_choice":"Got Potions","floor":3.0,"gold_loss":0.0,"damage_taken":0.0},{"damage_healed":0.0,"max_hp_gain":0.0,"max_hp_loss":0.0,"gold_gain":0.0,"event_name":"Cursed Tome","player_choice":"Obtained Book","floor":20.0,"gold_loss":0.0,"damage_taken":16.0},{"damage_healed":0.0,"max_hp_gain":0.0,"max_hp_loss":0.0,"gold_gain":99.0,"event_name":"Nest","player_choice":"Stole From Cult","floor":25.0,"gold_loss":0.0,"damage_taken":0.0},{"damage_healed":0.0,"max_hp_gain":0.0,"max_hp_loss":0.0,"gold_gain":0.0,"event_name":"Mysterious Sphere","player_choice":"Fight","floor":36.0,"gold_loss":0.0,"damage_taken":0.0}],"is_beta":false,"boss_relics":[{"not_picked":["Runic Pyramid","Cursed Key"],"picked":"Snecko Eye"},{"not_picked":["Tiny House","Empty Cage"],"picked":"Philosopher\u0027s Stone"}],"items_purged_floors":[21],"is_endless":false,"potions_floor_spawned":[5,7,11,13,14,16,22,27,33,36,39,46,54],"ascension_level":12}}