{"host":"8xzc7f3sd104n9ql","time":1612231769,"event":{"mods":["Ascension Reborn","Aspiration","BaseMod","Better Altar","Better Match","Better Note","Better Sensory Stone","Better Skull","Better Third Choice","Better Vampires","Colored Map","Colored Powertips","Colorless Booster Pack","Conspire","DeckTracker","Downfall","Energized Spire","Halation","Highlight Path","Hubris","Infinite Spire","Minty Spire (QoL Compilation)","Rare Cards Sparkle","RatMod","Reliquary","Replay The Spire","Spicy Shops","Spikes Relics","StSLib","The Blue Laboratory","Transform Curses","Unceasing Turn Reminder","UnlockEverythingMod"],"gold_per_floor":[20,39,51,63,83,83,102,102,102,67,86,157,175,175,175,280,280,296,296,296,296,314,314,326,326,326,251,251,267,300,318,318,413,413,428,1,15,34,0,0,10,10,35,35,53,53,4,18,18,18],"floor_reached":51,"language":"ENG","playtime":3717,"items_purged":["Defend_R","Pain"],"score":738,"play_id":"9e09d99c-694b-453d-acab-2a1a2ab0ddbd","local_time":"20210201200929","is_ascension_mode":false,"campfire_choices":[{"data":"Limit Break","floor":6,"key":"SMITH"},{"floor":15,"key":"REST"},{"data":"ReplayTheSpireMod:Muscle Training","floor":23,"key":"SMITH"},{"data":"Demon Form","floor":25,"key":"SMITH"},{"floor":32,"key":"DIG"},{"data":"Inflame","floor":40,"key":"SMITH"},{"data":"Limit Break","floor":49,"key":"SMITH"}],"circlet_count":0,"master_deck":["Strike_R","Strike_R","Strike_R","Strike_R+1","Strike_R+1","Defend_R","Defend_R","Defend_R","Bash+1","Armaments","Twin Strike","Limit Break+1","Cleave","Flex","Dropkick","Ghostly Armor","Demon Form+1","Perfected Strike+1","Strike_R","Strike_R","Strike_R","Strike_R+1","Strike_R+1","Defend_R","Defend_R","Defend_R","Defend_R","Bash+1","Armaments","Twin Strike","Limit Break+1","Cleave","Flex","Dropkick","Ghostly Armor","Demon Form","Perfected Strike+1","infinitespire:Punishment","Inflame+1","ReplayTheSpireMod:Muscle Training+1","hubris:ReadiedAction+1","Pommel Strike","Limit Break+1","Dark Embrace+1","Massacre","Flex+1","infinitespire:Punishment","hubris:ReadiedAction","Twin Strike+1"],"relics":["Burning Blood","Peace Pipe","hubris:TinFlute","aspiration:RitualDagger","Turnip","Replay:Ringing Soul","WarpedTongs","Snack Pack","infinitespire:FocusingShard","hubris:BlackHole","hubris:SlimyHat","aspiration:HummingbirdHeart","Red Mask","Orichalcum"],"acts_visited":["Exordium","TheCity","TheBeyond"],"potions_floor_usage":[7,22,33,33,33],"damage_taken":[{"damage":1,"enemies":"Jaw Worm","floor":1,"turns":5},{"damage":4,"enemies":"2 Louse","floor":2,"turns":4},{"damage":0,"enemies":"conspire:RoseBush","floor":3,"turns":4},{"damage":28,"enemies":"Large Slime","floor":4,"turns":8},{"damage":15,"enemies":"Looter","floor":5,"turns":3},{"damage":9,"enemies":"conspire:2 RoseBushes","floor":7,"turns":5},{"damage":10,"enemies":"Exordium Thugs","floor":11,"turns":4},{"damage":11,"enemies":"Lots of Slimes","floor":13,"turns":3},{"damage":37,"enemies":"The Guardian","floor":16,"turns":11},{"damage":57,"enemies":"Shell Parasite","floor":18,"turns":6},{"damage":33,"enemies":"conspire:FuzzyDice","floor":22,"turns":4},{"damage":24,"enemies":"conspire:HollyBat","floor":24,"turns":7},{"damage":9,"enemies":"Cultist and Chosen","floor":29,"turns":3},{"damage":38,"enemies":"Replay:Snechameleon","floor":30,"turns":5},{"damage":33,"enemies":"Centurion and Healer","floor":31,"turns":4},{"damage":56,"enemies":"Collector","floor":33,"turns":6},{"damage":32,"enemies":"3 Shapes","floor":35,"turns":3},{"damage":6,"enemies":"Orb Walker","floor":37,"turns":2},{"damage":22,"enemies":"Maw","floor":38,"turns":5},{"damage":14,"enemies":"Sphere and 2 Shapes","floor":41,"turns":3},{"damage":21,"enemies":"Spire Growth","floor":45,"turns":3},{"damage":20,"enemies":"Transient","floor":48,"turns":5},{"damage":37,"enemies":"conspire:OrnateMirror","floor":50,"turns":3}],"seed_played":"1715313328808178432","potions_obtained":[{"floor":2,"key":"Ancient Potion"},{"floor":5,"key":"SkillPotion"},{"floor":7,"key":"Death Potion"},{"floor":13,"key":"Strength Potion"},{"floor":22,"key":"bronze:BurnAndBuffPotion"},{"floor":33,"key":"Doom Potion"},{"floor":38,"key":"EssenceOfSteel"}],"is_trial":false,"path_per_floor":["M","M","M","M","M","R","M","?","T","?","M","?","M","?","R","B",null,"M","?","AVR","?","M","R","M","R","T","$","?","M","E","M","R_BF","B",null,"M","$","M","M","?","R","M","?","T","$","M","?","$","M","R","B",null],"character_chosen":"IRONCLAD","items_purchased":["hubris:SlimyHat","aspiration:HummingbirdHeart","Dark Embrace+1","hubris:ReadiedAction"],"campfire_rested":1,"item_purchase_floors":[36,36,36,47],"current_hp_per_floor":[80,80,80,58,49,49,46,46,46,46,42,42,37,21,45,14,80,29,29,29,29,80,80,72,72,72,72,75,83,71,63,63,54,89,71,74,90,95,95,95,98,78,78,78,85,85,88,107,107,107],"gold":18,"neow_bonus":"ONE_RARE_RELIC","is_daily":false,"chose_seed":false,"campfire_upgraded":5,"win_rate":0.0,"timestamp":1612231769,"path_taken":["M","M","M","M","M","R","M","?","T","?","M","?","M","?","R","BOSS","M","?","AVR","?","M","R","M","R","T","$","?","M","E","?","R_BF","BOSS","M","$","?","M","?","R","M","?","T","?","?","?","?","M","R","BOSS"],"items_purchased_type":["Relic","Relic","Card","Card"],"build_version":"2020-12-22","purchased_purges":2,"victory":true,"max_hp_per_floor":[80,80,80,80,80,80,80,80,80,80,80,80,80,80,80,80,80,80,80,80,80,80,80,80,80,80,80,83,83,86,86,86,89,89,89,92,95,95,95,95,98,101,101,101,101,101,104,107,107,107],"card_choices":[{"not_picked":["Dark Embrace","Replay:Undeath\u0027s Touch"],"picked":"Armaments","floor":1},{"not_picked":["Clash","Cleave"],"picked":"Twin Strike","floor":2},{"not_picked":["Twin Strike","Perfected Strike"],"picked":"Limit Break","floor":3},{"not_picked":["Second Wind","True Grit"],"picked":"Cleave","floor":4},{"not_picked":["Metallicize","hubris:ReadiedAction"],"picked":"Flex","floor":5},{"not_picked":["Clothesline","Power Through"],"picked":"Dropkick","floor":7},{"not_picked":["Dual Wield","Warcry"],"picked":"Ghostly Armor","floor":11},{"not_picked":["Clash","Brutality","ReplayTheSpireMod:Corrosion Curse"],"picked":"SKIP","floor":13},{"not_picked":["conspire:Purge","Hemogenesis"],"picked":"Demon Form","floor":16},{"not_picked":["Sword Boomerang","Clothesline"],"picked":"Perfected Strike+1","floor":18},{"not_picked":["Cleave","Blood for Blood+1"],"picked":"ReplayTheSpireMod:Muscle Training","floor":22},{"not_picked":["Body Slam","Double Tap"],"picked":"hubris:ReadiedAction+1","floor":24},{"not_picked":["Havoc","Headbutt","Entrench"],"picked":"SKIP","floor":29},{"not_picked":["Disarm","Clothesline"],"picked":"Pommel Strike","floor":30},{"not_picked":["Iron Wave","True Grit+1","Clash"],"picked":"SKIP","floor":31},{"not_picked":["Demon Form","Impervious"],"picked":"Limit Break","floor":33},{"not_picked":["True Grit+1","Havoc","Second Wind+1"],"picked":"SKIP","floor":35},{"not_picked":["Searing Blow","Abandon"],"picked":"Massacre","floor":37},{"not_picked":["Thunderclap+1","Immolate","Havoc"],"picked":"SKIP","floor":38},{"not_picked":["Clash","Pommel Strike"],"picked":"Flex+1","floor":41},{"not_picked":["infinitespire:Collect","ReplayTheSpireMod:Chaos Vortex"],"picked":"infinitespire:Punishment","floor":42},{"not_picked":["Headbutt+1","Warcry","Sword Boomerang+1"],"picked":"SKIP","floor":45},{"not_picked":["ReplayTheSpireMod:Strike From Hell","Warcry+1"],"picked":"Twin Strike+1","floor":48}],"player_experience":430046,"relics_obtained":[{"floor":9,"key":"hubris:TinFlute"},{"floor":26,"key":"Replay:Ringing Soul"},{"floor":30,"key":"Snack Pack"},{"floor":32,"key":"infinitespire:FocusingShard"},{"floor":43,"key":"Orichalcum"}],"event_choices":[{"damage_healed":0,"gold_gain":0,"player_choice":"Left","damage_taken":0,"max_hp_gain":0,"max_hp_loss":0,"event_name":"betterThird:BetterGoop","floor":10,"gold_loss":35},{"damage_healed":0,"gold_gain":71,"player_choice":"Gained Gold","damage_taken":0,"max_hp_gain":0,"max_hp_loss":0,"event_name":"Golden Wing","floor":12,"gold_loss":0},{"damage_healed":37,"gold_gain":0,"player_choice":"Upgrade","damage_taken":16,"max_hp_gain":0,"max_hp_loss":80,"event_name":"betterThird:BetterShining","floor":14,"gold_loss":0,"cards_upgraded":["Strike_R","Strike_R"]},{"damage_healed":0,"gold_gain":0,"player_choice":"Take","damage_taken":0,"max_hp_gain":0,"max_hp_loss":0,"event_name":"betterNote:BetterNote","floor":21,"gold_loss":0,"cards_obtained":["Inflame"]},{"damage_healed":0,"gold_gain":0,"player_choice":"Rummage","damage_taken":0,"relics_obtained":["WarpedTongs"],"max_hp_gain":0,"max_hp_loss":0,"event_name":"Accursed Blacksmith","floor":28,"gold_loss":0,"cards_obtained":["Pain"]},{"damage_healed":0,"gold_gain":0,"player_choice":"Paid","damage_taken":0,"relics_obtained":["Red Mask"],"max_hp_gain":0,"max_hp_loss":0,"event_name":"Tomb of Lord Red Mask","floor":39,"gold_loss":34},{"damage_healed":0,"gold_gain":0,"player_choice":"Leave","damage_taken":0,"max_hp_gain":0,"max_hp_loss":0,"event_name":"conspire:Investor","floor":46,"gold_loss":0}],"is_beta":false,"boss_relics":[{"not_picked":["conspire:SlowCooker","halation:Prosthetics"],"picked":"aspiration:RitualDagger"},{"not_picked":["Abe\u0027s Treasure","energizedSpire:DeadBattery"],"picked":"hubris:BlackHole"}],"items_purged_floors":[27,36],"is_endless":false,"potions_floor_spawned":[2,5,7,13,22,29,33,38],"ascension_level":0}}