{"host":"q6r63elxu27obe7v","time":1612277453,"event":{"mods":["2.2 Compatiblity","AchievementEnabler","BaseMod","CapriCore","Colored Map","DeckTracker","KOR Keyword Fix","Keyboard Shortcuts","Minty Spire (QoL Compilation)","Permanent Neow","Quick Restart","Replay The Spire","StSLib","SuperFastMode","everything is the same but u backflip on backflip","¡¼?Úª?ø«¡½REMEMod"],"gold_per_floor":[109,5,5,25,25,25,61,76,76,99,118,118,134,147,147,147,147],"floor_reached":16,"language":"KOR","playtime":877,"items_purged":[],"score":120,"play_id":"0af24302-9f04-4c7a-b8fa-fca3aa9ce82a","local_time":"20210202235053","is_ascension_mode":true,"campfire_choices":[{"data":"Corruption","floor":6,"key":"SMITH"},{"floor":12,"key":"REST"},{"floor":15,"key":"REST"}],"circlet_count":0,"master_deck":["Strike_R","Strike_R","Strike_R","Strike_R","Defend_R","Defend_R","Defend_R","Bash","Limit Break","Corruption+1","Evolve","Feel No Pain","Feel No Pain","Shrug It Off","Pummel","ReplayTheSpireMod:Strike From Hell","Headbutt","Fire Breathing"],"relics":["Burning Blood","REME_ComplimentaryCards","Golden Idol","Blue Doll","Pen Nib"],"acts_visited":["Exordium"],"potions_floor_usage":[10,16,16],"damage_taken":[{"damage":1,"enemies":"Cultist","floor":1,"turns":3},{"damage":2,"enemies":"Jaw Worm","floor":4,"turns":6},{"damage":29,"enemies":"Lagavulin","floor":7,"turns":9},{"damage":4,"enemies":"Small Slimes","floor":8,"turns":5},{"damage":28,"enemies":"Exordium Wildlife","floor":10,"turns":7},{"damage":5,"enemies":"Blue Slaver","floor":11,"turns":5},{"damage":9,"enemies":"2 Fungi Beasts","floor":13,"turns":5},{"damage":21,"enemies":"Large Slime","floor":14,"turns":7},{"damage":46,"enemies":"Fading Forest","floor":16,"turns":9}],"seed_played":"3019734762809882643","potions_obtained":[{"floor":1,"key":"Reflective Coating"},{"floor":8,"key":"DuplicationPotion"},{"floor":11,"key":"Fire Potion"},{"floor":14,"key":"DuplicationPotion"}],"is_trial":false,"path_per_floor":["M","$","?","M","$","R","E","M","T","M","M","R","M","M","R","B"],"character_chosen":"IRONCLAD","items_purchased":["Feel No Pain","Shrug It Off"],"campfire_rested":2,"item_purchase_floors":[2,2],"current_hp_per_floor":[72,72,54,58,58,58,35,37,37,15,16,37,34,19,40,0,0],"gold":147,"neow_bonus":"TRANSFORM_TWO_CARDS","is_daily":false,"chose_seed":false,"campfire_upgraded":1,"win_rate":0.0,"timestamp":1612277453,"path_taken":["M","$","?","M","?","R","E","M","T","?","M","R","M","M","R","BOSS"],"items_purchased_type":["Card","Card"],"build_version":"2020-12-22","purchased_purges":0,"victory":false,"max_hp_per_floor":[72,72,72,72,72,72,72,72,72,72,72,72,72,72,72,72,72],"card_choices":[{"not_picked":["Hemokinesis","ReplayTheSpireMod:Strike From Hell"],"picked":"Evolve","floor":1},{"not_picked":["Combust","ReplayTheSpireMod:LeadingStrike"],"picked":"Pummel","floor":4},{"not_picked":["Rupture","True Grit","Clothesline"],"picked":"SKIP","floor":7},{"not_picked":["Replay:Undeath\u0027s Touch","Perfected Strike","Armaments"],"picked":"SKIP","floor":8},{"not_picked":["Abandon","Reckless Charge"],"picked":"ReplayTheSpireMod:Strike From Hell","floor":10},{"not_picked":["Searing Blow","Replay:Undeath\u0027s Touch","Run Through"],"picked":"SKIP","floor":11},{"not_picked":["Clothesline","Bloodletting"],"picked":"Headbutt","floor":13},{"not_picked":["REME_Cut","Clothesline"],"picked":"Fire Breathing","floor":14}],"player_experience":106647,"relics_obtained":[{"floor":7,"key":"Blue Doll"},{"floor":9,"key":"Pen Nib"}],"event_choices":[{"damage_healed":0,"gold_gain":0,"player_choice":"Take Damage","damage_taken":18,"relics_obtained":["Golden Idol"],"max_hp_gain":0,"max_hp_loss":0,"event_name":"Golden Idol","floor":3,"gold_loss":0}],"is_beta":false,"boss_relics":[],"items_purged_floors":[],"is_endless":false,"potions_floor_spawned":[1,8,11,14],"killed_by":"Fading Forest","ascension_level":3}}