{"host":"axrdhsaugr8t8srp","time":1612273717,"event":{"mods":["BaseMod","Minty Spire (QoL Compilation)","StSLib"],"gold_per_floor":[113,131,206,206,219,253,267,267,267],"floor_reached":8,"language":"ENG","playtime":313,"items_purged":[],"score":149,"play_id":"1b62ac1b-6832-449e-b99c-d3d962330783","local_time":"20210203004837","is_ascension_mode":true,"campfire_choices":[],"circlet_count":0,"master_deck":["AscendersBane","Strike_R","Strike_R","Strike_R","Strike_R","Strike_R","Defend_R","Defend_R","Defend_R+1","Defend_R","Bash","Body Slam+1","Bloodletting","Pommel Strike","Cleave"],"relics":["Burning Blood","Nunchaku","Art of War"],"acts_visited":["Exordium"],"potions_floor_usage":[6,6],"damage_taken":[{"damage":0,"enemies":"Small Slimes","floor":1,"turns":5},{"damage":7,"enemies":"Jaw Worm","floor":2,"turns":3},{"damage":4,"enemies":"Cultist","floor":5,"turns":3},{"damage":3,"enemies":"Gremlin Nob","floor":6,"turns":3},{"damage":17,"enemies":"Looter","floor":7,"turns":3},{"damage":46,"enemies":"Lagavulin","floor":8,"turns":7}],"seed_played":"7663983612448926543","potions_obtained":[{"floor":2,"key":"Dexterity Potion"},{"floor":5,"key":"DistilledChaos"}],"is_trial":false,"path_per_floor":["M","M","?","?","M","E","M","E"],"character_chosen":"IRONCLAD","items_purchased":[],"campfire_rested":0,"item_purchase_floors":[],"current_hp_per_floor":[74,73,62,39,41,44,33,0,0],"gold":267,"neow_bonus":"RANDOM_COMMON_RELIC","is_daily":false,"chose_seed":false,"campfire_upgraded":0,"win_rate":0.0,"timestamp":1612273717,"path_taken":["M","M","?","?","M","E","M","E"],"items_purchased_type":[],"build_version":"2020-12-22","purchased_purges":0,"victory":false,"max_hp_per_floor":[75,75,75,75,75,75,75,75,75],"card_choices":[{"not_picked":["True Grit","Headbutt"],"picked":"Body Slam","floor":1},{"not_picked":["Twin Strike","True Grit"],"picked":"Bloodletting","floor":2},{"not_picked":["Sentinel","Perfected Strike"],"picked":"Pommel Strike","floor":5},{"not_picked":["Heavy Blade","Dual Wield"],"picked":"Cleave","floor":6},{"not_picked":["Cleave","Havoc","Demon Form"],"picked":"SKIP","floor":7}],"player_experience":797250,"relics_obtained":[{"floor":6,"key":"Art of War"}],"event_choices":[{"damage_healed":0,"gold_gain":75,"player_choice":"Gather Gold","damage_taken":11,"max_hp_gain":0,"max_hp_loss":0,"event_name":"World of Goop","floor":3,"gold_loss":0},{"damage_healed":0,"gold_gain":0,"player_choice":"Entered Light","damage_taken":23,"max_hp_gain":0,"max_hp_loss":0,"event_name":"Shining Light","floor":4,"gold_loss":0,"cards_upgraded":["Defend_R","Body Slam"]}],"is_beta":false,"boss_relics":[],"items_purged_floors":[],"is_endless":false,"potions_floor_spawned":[2,5],"killed_by":"Lagavulin","ascension_level":16}}