{"host":"9l1knhxfturzliqa","time":1612263265,"event":{"mods":["BaseMod","Colored Map","Colored Powertips","DeckTracker","Highlight Path","Keyboard Shortcuts","Minty Spire (QoL Compilation)","Random Character Button"],"gold_per_floor":[119,137,137,155,80,80,110,126,208,208,237,255,255,289,289,391,441,459,28,38,71,84,111,122,154,228,228,239,239,259,272,272,376,376,395,395,8,27,77,77,130,159,159,185,200,234,456,469,469,469,469,469,85,112,112],"floor_reached":56,"language":"KOR","playtime":4183,"items_purged":["Strike_P","Strike_P","Defend_P"],"score":1896,"play_id":"72a44c49-2955-4de9-8c13-4c2e38fb226c","local_time":"20210202195425","is_ascension_mode":true,"campfire_choices":[{"data":"Eruption","floor":6.0,"key":"SMITH"},{"floor":10.0,"key":"REST"},{"data":"Scrawl","floor":15.0,"key":"SMITH"},{"data":"MentalFortress","floor":29,"key":"SMITH"},{"floor":32,"key":"RECALL"},{"data":"Adaptation","floor":40,"key":"SMITH"},{"data":"DeusExMachina","floor":49,"key":"SMITH"},{"data":"1","floor":52,"key":"LIFT"}],"circlet_count":0,"master_deck":["Strike_P","Defend_P","Eruption+1","Vigilance","Halt+1","Scrawl+1","Consecrate+1","DeusExMachina+1","CrushJoints+1","EmptyFist+1","TalkToTheHand+1","MentalFortress+1","Ragnarok+1","Vault+1","TalkToTheHand+1","Adaptation+1","Tantrum+1","Fasting2+1","Meditate+1"],"relics":["PureWater","Dead Branch","Molten Egg 2","Nunchaku","Akabeko","Tiny House","Toxic Egg 2","Strange Spoon","Red Mask","Bottled Flame","Gremlin Horn","Question Card","Sozu","Ornamental Fan","Girya","Mango","Pen Nib","Bronze Scales","Pocketwatch","Pear","Centennial Puzzle"],"acts_visited":["Exordium","TheCity","TheBeyond","TheEnding"],"potions_floor_usage":[21,23,23,25,33,48,54,55],"damage_taken":[{"damage":1.0,"enemies":"Jaw Worm","floor":1.0,"turns":4.0},{"damage":0.0,"enemies":"Small Slimes","floor":2.0,"turns":2.0},{"damage":0.0,"enemies":"2 Louse","floor":4.0,"turns":2.0},{"damage":41.0,"enemies":"3 Sentries","floor":7.0,"turns":15.0},{"damage":0.0,"enemies":"2 Fungi Beasts","floor":8.0,"turns":2.0},{"damage":0.0,"enemies":"Lagavulin","floor":11.0,"turns":2.0},{"damage":0.0,"enemies":"Exordium Wildlife","floor":12.0,"turns":2.0},{"damage":0.0,"enemies":"Gremlin Nob","floor":14.0,"turns":3.0},{"damage":22.0,"enemies":"The Guardian","floor":16.0,"turns":11.0},{"damage":7,"enemies":"Shell Parasite","floor":18,"turns":2},{"damage":0,"enemies":"Chosen","floor":20,"turns":1},{"damage":0,"enemies":"Masked Bandits","floor":21,"turns":2},{"damage":0,"enemies":"Sentry and Sphere","floor":22,"turns":2},{"damage":0,"enemies":"Gremlin Leader","floor":23,"turns":5},{"damage":8,"enemies":"Centurion and Healer","floor":24,"turns":3},{"damage":1,"enemies":"Slavers","floor":25,"turns":3},{"damage":0,"enemies":"Chosen and Byrds","floor":28,"turns":3},{"damage":0,"enemies":"3 Cultists","floor":30,"turns":1},{"damage":0,"enemies":"Snake Plant","floor":31,"turns":2},{"damage":7,"enemies":"Champ","floor":33,"turns":6},{"damage":0,"enemies":"Orb Walker","floor":35,"turns":2},{"damage":4,"enemies":"3 Shapes","floor":38,"turns":2},{"damage":0,"enemies":"Mind Bloom Boss Battle","floor":39,"turns":3},{"damage":0,"enemies":"2 Orb Walkers","floor":41,"turns":2},{"damage":0,"enemies":"Nemesis","floor":42,"turns":4},{"damage":0,"enemies":"Giant Head","floor":44,"turns":4},{"damage":0,"enemies":"Spire Growth","floor":45,"turns":3},{"damage":29,"enemies":"Reptomancer","floor":46,"turns":3},{"damage":0,"enemies":"3 Darklings","floor":48,"turns":2},{"damage":9,"enemies":"Awakened One","floor":50,"turns":6},{"damage":8,"enemies":"Shield and Spear","floor":54,"turns":4},{"damage":42,"enemies":"The Heart","floor":55,"turns":7}],"seed_played":"-5964815342731704841","potions_obtained":[{"floor":1.0,"key":"EssenceOfSteel"},{"floor":8.0,"key":"Energy Potion"},{"floor":12.0,"key":"PowerPotion"},{"floor":14.0,"key":"Regen Potion"},{"floor":17.0,"key":"Weak Potion"},{"floor":20,"key":"BlessingOfTheForge"},{"floor":24,"key":"StancePotion"},{"floor":28,"key":"EntropicBrew"},{"floor":30,"key":"EntropicBrew"},{"floor":31,"key":"SpeedPotion"},{"floor":33,"key":"Energy Potion"}],"is_trial":false,"path_per_floor":["M","M","?","M","$","R","E","M","T","R","E","M","?","E","R","B",null,"M","$","M","?","M","E","M","E","T","?","M","R","M","M","R","B",null,"M","?","$","M","?","R","?","E","T","E","M","E","?","M","R","B",null,"R","$","E","B",null],"character_chosen":"WATCHER","items_purchased":["Toxic Egg 2","Strange Spoon","TalkToTheHand+1","Adaptation","Ornamental Fan","Pear"],"campfire_rested":1,"item_purchase_floors":[19,19,19,37,37,53],"current_hp_per_floor":[46,46,51,51,51,51,10,10,10,33,33,33,26,26,26,4,64,57,57,57,62,62,62,54,53,53,37,37,37,37,37,37,30,73,73,73,73,69,69,69,83,83,83,83,83,54,54,54,54,45,84,84,94,86,44],"gold":112,"neow_bonus":"REMOVE_TWO","is_daily":false,"chose_seed":false,"campfire_upgraded":5,"win_rate":0.0,"timestamp":1612263265,"path_taken":["M","M","?","M","$","R","E","M","T","R","E","M","?","E","R","BOSS","M","$","M","?","M","E","M","E","T","?","M","R","M","M","R","BOSS","M","?","$","M","?","R","?","E","T","E","M","E","?","?","R","BOSS","R","$","E","BOSS"],"items_purchased_type":["Relic","Relic","Card","Card","Relic","Relic"],"build_version":"2020-12-22","purchased_purges":3,"victory":true,"max_hp_per_floor":[72,72,77,77,77,77,77,77,77,77,77,77,77,77,77,77,82,82,82,82,82,82,82,82,82,82,87,87,87,87,87,87,87,87,87,83,83,83,83,83,97,97,97,97,97,97,97,97,97,97,97,97,107,107,107],"card_choices":[{"not_picked":["Vengeance","FlyingSleeves","BattleHymn"],"picked":"SKIP","floor":1.0},{"not_picked":["FlurryOfBlows","FollowUp"],"picked":"Halt","floor":2.0},{"not_picked":["Consecrate","PathToVictory","Indignation"],"picked":"SKIP","floor":4.0},{"not_picked":["TalkToTheHand","BowlingBash"],"picked":"Scrawl","floor":7.0},{"not_picked":["Pray","CrushJoints","Wireheading"],"picked":"SKIP","floor":8.0},{"not_picked":["CrushJoints+1","FlyingSleeves+1","FlurryOfBlows+1"],"picked":"SKIP","floor":11.0},{"not_picked":["Crescendo","Vengeance","ClearTheMind"],"picked":"SKIP","floor":12.0},{"not_picked":["Blasphemy","Devotion"],"picked":"Consecrate+1","floor":14.0},{"not_picked":["SpiritShield","Alpha"],"picked":"DeusExMachina","floor":16.0},{"not_picked":["EmptyBody","Perseverance"],"picked":"CrushJoints+1","floor":17.0},{"not_picked":["BowlingBash+1","Conclude+1"],"picked":"EmptyFist+1","floor":18},{"not_picked":["Perseverance+1","SashWhip+1","Sanctity+1"],"picked":"SKIP","floor":20},{"not_picked":["WheelKick+1","Consecrate+1"],"picked":"MentalFortress","floor":21},{"not_picked":["Prostrate+1","ThirdEye+1"],"picked":"Ragnarok+1","floor":22},{"not_picked":["SashWhip+1","WindmillStrike+1","Crescendo+1"],"picked":"SKIP","floor":23},{"not_picked":["Crescendo+1","Halt+1","CutThroughFate+1"],"picked":"SKIP","floor":24},{"not_picked":["LessonLearned+1","Swivel+1","Consecrate+1"],"picked":"SKIP","floor":25},{"not_picked":["PathToVictory+1","CrushJoints+1","MentalFortress+1","Swivel+1"],"picked":"SKIP","floor":28},{"not_picked":["Crescendo+1","WreathOfFlame+1","EmptyBody+1","PathToVictory+1"],"picked":"SKIP","floor":30},{"not_picked":["FlurryOfBlows+1","CutThroughFate+1","Vengeance+1","EmptyFist+1"],"picked":"SKIP","floor":31},{"not_picked":["MasterReality","Scrawl+1","ConjureBlade+1"],"picked":"Vault+1","floor":33},{"not_picked":["FollowUp+1","Tantrum+1","FlurryOfBlows+1"],"picked":"TalkToTheHand+1","floor":35},{"not_picked":["Worship+1","FlyingSleeves+1","ClearTheMind+1"],"picked":"Tantrum+1","floor":38},{"not_picked":["ThirdEye+1","Halt+1","WheelKick+1","SignatureMove+1"],"picked":"SKIP","floor":42},{"not_picked":["ConjureBlade+1","Crescendo+1","PathToVictory+1"],"picked":"Fasting2+1","floor":44},{"not_picked":["FlyingSleeves+1","PathToVictory+1","Sanctity+1","Worship+1"],"picked":"SKIP","floor":45},{"not_picked":["BowlingBash+1","Adaptation+1","FlyingSleeves+1","WaveOfTheHand+1"],"picked":"SKIP","floor":46},{"not_picked":["PathToVictory+1","MasterReality","Prostrate+1","WheelKick+1"],"picked":"SKIP","floor":48},{"not_picked":["Prostrate+1","Swivel+1","Tantrum+1"],"picked":"Meditate+1","floor":54}],"player_experience":579739,"relics_obtained":[{"floor":7.0,"key":"Dead Branch"},{"floor":9.0,"key":"Molten Egg 2"},{"floor":11.0,"key":"Nunchaku"},{"floor":14.0,"key":"Akabeko"},{"floor":21,"key":"Red Mask"},{"floor":23,"key":"Bottled Flame"},{"floor":25,"key":"Gremlin Horn"},{"floor":26,"key":"Question Card"},{"floor":39,"key":"Girya"},{"floor":41,"key":"Mango"},{"floor":42,"key":"Pen Nib"},{"floor":44,"key":"Bronze Scales"},{"floor":46,"key":"Pocketwatch"},{"floor":54,"key":"Centennial Puzzle"}],"event_choices":[{"damage_healed":0.0,"max_hp_gain":5.0,"max_hp_loss":0.0,"gold_gain":0.0,"event_name":"Big Fish","player_choice":"Donut","floor":3.0,"gold_loss":0.0,"damage_taken":0.0},{"cards_removed":["Defend_P"],"damage_healed":0.0,"max_hp_gain":0.0,"max_hp_loss":0.0,"gold_gain":0.0,"event_name":"Golden Wing","player_choice":"Card Removal","floor":13.0,"gold_loss":0.0,"damage_taken":7.0},{"damage_healed":0,"gold_gain":0,"player_choice":"Fought Bandits","damage_taken":0,"max_hp_gain":0,"max_hp_loss":0,"event_name":"Masked Bandits","floor":21,"gold_loss":0},{"damage_healed":0,"gold_gain":0,"player_choice":"Shed Blood","damage_taken":21,"max_hp_gain":5,"max_hp_loss":0,"event_name":"Forgotten Altar","floor":27,"gold_loss":0},{"damage_healed":0,"gold_gain":0,"player_choice":"Max HP","damage_taken":0,"max_hp_gain":0,"max_hp_loss":4,"event_name":"Winding Halls","floor":36,"gold_loss":0},{"damage_healed":0,"gold_gain":0,"player_choice":"Fight","damage_taken":0,"max_hp_gain":0,"max_hp_loss":0,"event_name":"MindBloom","floor":39,"gold_loss":0},{"damage_healed":0,"gold_gain":0,"player_choice":"Fight","damage_taken":0,"max_hp_gain":0,"max_hp_loss":0,"event_name":"Mysterious Sphere","floor":41,"gold_loss":0},{"damage_healed":0,"gold_gain":222,"player_choice":"Wore Mask","damage_taken":0,"max_hp_gain":0,"max_hp_loss":0,"event_name":"Tomb of Lord Red Mask","floor":47,"gold_loss":0}],"is_beta":false,"boss_relics":[{"not_picked":["Snecko Eye","Runic Pyramid"],"picked":"Tiny House"},{"not_picked":["HolyWater","Runic Dome"],"picked":"Sozu"}],"items_purged_floors":[5,37,53],"is_endless":false,"potions_floor_spawned":[1,8,12,14,20,24,28,30,31,33,42,45,46,54],"ascension_level":8}}