{"host":"unahupgi85cj6bxp","time":1612237985,"event":{"mods":["Act Like it!","Aspiration","BaseMod","Card Forge","Conspire","Downfall","Energized Spire","Hubris","Infinite Spire","Minty Spire (QoL Compilation)","Replay The Spire","StSLib"],"gold_per_floor":[199,213,63,82,82,98,151,208,15,24,50,751,451,476,504,619,619,619,619,646,672,694,703,703,703,703,703,703,746,772,801,821,821,821,821],"floor_reached":33,"language":"ENG","playtime":3526,"items_purged":[],"score":419,"play_id":"4b3bf013-d7ff-4e14-bfcd-d3326e157142","local_time":"20210201195305","is_ascension_mode":false,"campfire_choices":[{"floor":1,"key":"RECALL"},{"floor":13,"key":"REST"},{"data":"bronze:Format","floor":18,"key":"SMITH"},{"floor":26,"key":"REST"},{"floor":28,"key":"REST"}],"circlet_count":0,"master_deck":["bronze:Strike+1","bronze:Strike+1","bronze:Strike+1","bronze:Defend+1","bronze:Defend+1","bronze:Defend+1","bronze:Defend+1","bronze:Replicate+1","bronze:Goto+1","bronze:GetLatest+1","bronze:Overheat+1","bronze:Separator+1","bronze:BugBarrage+1","bronze:ClassDefault+1","bronze:ChosenStrike+1","bronze:CutThrough+1","bronze:DelayedSlice+1","bronze:DelayedGuard+1","bronze:TinkerersToolbox+1","bronze:ChosenStrike+1","bronze:BugBarrage+1","bronze:BuggyMess+1","bronze:BuggyMess+1","bronze:CutThrough+1","bronze:WildBeam+1","bronze:Virus+1","bronze:Turbo+1","bronze:ThunderWave+1","bronze:Terminator+1","bronze:HardenedForm+1","bronze:Strike+1","bronze:Shield+1","bronze:SpaghettiCode+1","bronze:ShipIt+1","bronze:Separator+1","bronze:Verify+1","bronze:Safeguard+1","bronze:Return+1","bronze:Repulsor+1","bronze:Replicate+1","bronze:Repair+1","bronze:Refactor+1","bronze:WhirlingStrike+1","bronze:Philosophize+1","bronze:Overload+1","bronze:Overheat+1","bronze:OilSpill+1","bronze:NullPointer+1","bronze:Mutator+1","bronze:CloningBeam+1","bronze:MaxOutput+1","bronze:Library+1","bronze:Iterate+1","bronze:ItsAFeature+1","bronze:ChildClass+1","bronze:Invalidate+1","bronze:InfiniteLoop+1","bronze:InfiniteBeams+1","bronze:HyperBeam+1","bronze:Goto+1","bronze:GetLatest+1","bronze:Frontload+1","bronze:Fortify+1","bronze:Format+1","bronze:ForceShield+1","bronze:ForLoop+1","bronze:FollowUp+1","bronze:Flail+1","bronze:FineTuning+1","bronze:FindAndReplace+1","bronze:AlphaBuild+1","bronze:DigitalCarnage+1","bronze:TinkerersToolbox+1","bronze:Deprecate+1","bronze:DelayedSlice+1","bronze:DelayedGuard+1","bronze:Defend+1","bronze:DarkDash+1","bronze:CutThrough+1","bronze:ChosenStrike+1","bronze:Constructor+1","bronze:CleanCode+1","bronze:ClassDefault+1","bronze:BurnOut+1","bronze:BuggyMess+1","bronze:BugBarrage+1","bronze:BronzeOrb+1","bronze:BronzeArmor+1","bronze:Break+1","bronze:Branch+1","bronze:Boost+1","bronze:Shell+1","bronze:BitShift+1","bronze:Backtrace+1","bronze:Assembly+1","bronze:Allocate+1","bronze:WhirlingStrike+1","bronze:Branch+1","bronze:FunctionCard","bronze:Format+1","bronze:Separator+1","bronze:ItsAFeature+1","bronze:Deprecate+1","bronze:FineTuning+1","bronze:SpaghettiCode+1","bronze:Iterate+1","bronze:WildBeam+1","bronze:BuggyMess+1"],"relics":["bronze:BronzeCore","Hammer of Thor","Seething Fire","Anvil of the Gods","aspiration:BabyByrd","MawBank","CeramicFish","Gremlin Horn","downfall:HeartBlessingRed","downfall:HeartBlessingGreen","downfall:HeartBlessingBlue","SlaversCollar","aspiration:RitualStick","hubris:AstralHammer","Whetstone","Replay:Bottled Snecko"],"acts_visited":["Exordium","TheCity"],"potions_floor_usage":[9,9,9,29,29,29,31,33],"damage_taken":[{"damage":0,"enemies":"Cultist","floor":2,"turns":3},{"damage":2,"enemies":"Small Slimes","floor":4,"turns":4},{"damage":0,"enemies":"2 Louse","floor":6,"turns":2},{"damage":7,"enemies":"3 Sentries","floor":8,"turns":4},{"damage":0,"enemies":"downfall:FleeingMerchant","floor":9,"turns":4},{"damage":0,"enemies":"Blue Slaver","floor":11,"turns":1},{"damage":0,"enemies":"Gremlin Nob","floor":12,"turns":2},{"damage":0,"enemies":"3 Louse","floor":14,"turns":1},{"damage":0,"enemies":"2 Fungi Beasts","floor":15,"turns":3},{"damage":5,"enemies":"IC_STATUS_ARCHETYPE","floor":16,"turns":3},{"damage":0,"enemies":"conspire:FuzzyDice","floor":20,"turns":4},{"damage":0,"enemies":"Spheric Guardian","floor":21,"turns":1},{"damage":8,"enemies":"conspire:HollyBat","floor":22,"turns":11},{"damage":10,"enemies":"Slavers","floor":29,"turns":2},{"damage":0,"enemies":"3 Cultists","floor":30,"turns":3},{"damage":21,"enemies":"Snake Plant","floor":31,"turns":3},{"damage":36,"enemies":"conspire:HollyBat","floor":32,"turns":12},{"damage":3,"enemies":"DF_ARCHETYPE_CLAW","floor":33,"turns":3}],"seed_played":"6911327410311966833","potions_obtained":[{"floor":2,"key":"LiquidBronze"},{"floor":4,"key":"LiquidBronze"},{"floor":6,"key":"Energy Potion"},{"floor":12,"key":"Fire Potion"},{"floor":14,"key":"bronze:FreeFunctionsPotion"},{"floor":16,"key":"Explosive Potion"},{"floor":30,"key":"Strength Potion"},{"floor":32,"key":"PowerPotion"}],"is_trial":false,"path_per_floor":["R","M","?","M","?","M","T","?","$","?","M","E","R","M","M","B",null,"R","?","M","M","M","?","T","T","R","?","R","E","M","M","M","B"],"character_chosen":"THE_AUTOMATON","items_purchased":["CeramicFish","bronze:ChosenStrike","bronze:BugBarrage"],"campfire_rested":3,"item_purchase_floors":[9,9,9],"current_hp_per_floor":[70,70,80,78,78,78,78,71,71,71,71,71,90,90,90,85,90,90,72,72,72,64,64,64,64,90,23,50,40,40,29,3,0,0,0],"gold":821,"neow_bonus":"HUNDRED_GOLD","is_daily":false,"chose_seed":false,"campfire_upgraded":1,"win_rate":0.0,"timestamp":1612237985,"path_taken":["R","M","?","?","?","M","T","?","?","?","M","E","R","M","M","BOSS","R","?","M","M","M","?","T","?","R","?","R","E","M","M","M","BOSS"],"items_purchased_type":["Relic","Card","Card"],"build_version":"2020-12-22","purchased_purges":0,"victory":false,"max_hp_per_floor":[70,70,80,80,80,80,80,80,80,80,80,80,90,90,90,90,90,90,90,90,90,90,90,90,90,90,90,90,90,90,90,90,90,90,90],"card_choices":[{"not_picked":["bronze:Invalidate","bronze:Optimize"],"picked":"bronze:GetLatest","floor":2},{"not_picked":["bronze:BuggyMess","bronze:Allocate"],"picked":"bronze:Overheat","floor":4},{"not_picked":["bronze:WildBeam","bronze:BitShift"],"picked":"bronze:Separator","floor":6},{"not_picked":["bronze:Frontload","bronze:BitShift"],"picked":"bronze:BugBarrage","floor":8},{"not_picked":["bronze:Optimize","bronze:DarkDash"],"picked":"bronze:Boost","floor":9},{"not_picked":["bronze:Branch","bronze:CutThrough"],"picked":"bronze:BuggyMess","floor":11},{"not_picked":["bronze:Turbo","bronze:Virus"],"picked":"bronze:CutThrough","floor":12},{"not_picked":["bronze:OilSpill","bronze:Allocate"],"picked":"bronze:WhirlingStrike","floor":14},{"not_picked":["bronze:Invalidate","bronze:OilSpill"],"picked":"bronze:Branch","floor":15},{"not_picked":["bronze:Verify","bronze:HardenedForm"],"picked":"bronze:Format","floor":16},{"not_picked":["bronze:CutThrough","bronze:BronzeOrb"],"picked":"bronze:Separator","floor":20},{"not_picked":["bronze:Overheat","bronze:Deprecate"],"picked":"bronze:ItsAFeature+1","floor":21},{"not_picked":["bronze:WhirlingStrike","bronze:ChildClass"],"picked":"bronze:Deprecate+1","floor":22},{"not_picked":["bronze:Branch","bronze:BugBarrage"],"picked":"bronze:SpaghettiCode","floor":29},{"not_picked":["bronze:Separator","bronze:NullPointer+1"],"picked":"bronze:Iterate","floor":30},{"not_picked":["bronze:Iterate+1","bronze:Overheat"],"picked":"bronze:WildBeam","floor":31},{"not_picked":["bronze:WildBeam+1","bronze:ForLoop"],"picked":"bronze:BuggyMess","floor":32}],"player_experience":873444,"relics_obtained":[{"floor":8,"key":"MawBank"},{"floor":12,"key":"Gremlin Horn"},{"floor":24,"key":"hubris:AstralHammer"},{"floor":25,"key":"Whetstone"},{"floor":29,"key":"Replay:Bottled Snecko"}],"event_choices":[{"damage_healed":0,"gold_gain":0,"player_choice":"Read","damage_taken":0,"max_hp_gain":0,"max_hp_loss":0,"event_name":"The Library","floor":23,"gold_loss":0,"cards_obtained":["bronze:FineTuning"]}],"is_beta":false,"boss_relics":[{"not_picked":["Empty Cage","Painkiller Herb"],"picked":"SlaversCollar"}],"items_purged_floors":[],"is_endless":false,"potions_floor_spawned":[2,4,6,12,14,16,21,30,32],"killed_by":"DF_ARCHETYPE_CLAW","ascension_level":0}}