{"host":"z2o61o1qvcmvhuul","time":1612273200,"event":{"mods":["BaseMod","Minty Spire (QoL Compilation)","Quick Restart","Replay The Spire","StSLib","SuperFastMode"],"gold_per_floor":[113,16,16,16,36,36,61,61,61,81,113,128,158,177,177,281,281,295,195,210,225,244,244,276,292,292,14,29,44,72,72,72,171,171,181,181,181],"floor_reached":38,"language":"ZHS","playtime":1380,"items_purged":["Bullet Time","Poisoned Stab","Quick Slash"],"score":1163,"play_id":"9b3fd7c4-997e-467e-ace1-e6bf5d9befa4","local_time":"20210202214000","is_ascension_mode":true,"campfire_choices":[{"data":"Cloak And Dagger","floor":6.0,"key":"SMITH"},{"data":"Hidden Blade","floor":8.0,"key":"SMITH"},{"data":"Blade Dance","floor":23,"key":"SMITH"},{"data":"Hidden Blade","floor":32,"key":"SMITH"}],"circlet_count":0,"master_deck":["Survivor","Neutralize","Doppelganger","Escape Plan","Infinite Blades","Cloak And Dagger+1","PiercingWail","Hidden Blade+1","Expertise+1","Finisher+1","Blade Dance+1","Reflex","PiercingWail","Dagger Spray","After Image","ReplayTheSpireMod:The Works","Hidden Blade+1","Accuracy+1","Hidden Blade+1","Concentrate","Hidden Blade","Acrobatics+1","ReplayTheSpireMod:Scrap Shanks","Envenom"],"relics":["Pandora\u0027s Box","Bag of Preparation","Replay:WaspNest","Mango","Mummified Hand","Painkiller Herb","Gambling Chip","Onion Ring","Orrery","Shuriken","Coffee Dripper"],"acts_visited":["Exordium","TheCity","TheBeyond"],"potions_floor_usage":[16,22,24],"damage_taken":[{"damage":7.0,"enemies":"Small Slimes","floor":1.0,"turns":3.0},{"damage":0.0,"enemies":"Jaw Worm","floor":5.0,"turns":4.0},{"damage":4.0,"enemies":"Replay:BlueRogue","floor":7.0,"turns":4.0},{"damage":0.0,"enemies":"Cultist","floor":10.0,"turns":2.0},{"damage":3.0,"enemies":"3 Sentries","floor":11.0,"turns":3.0},{"damage":3.0,"enemies":"Gremlin Gang","floor":12.0,"turns":4.0},{"damage":5.0,"enemies":"Gremlin Nob","floor":13.0,"turns":3.0},{"damage":0,"enemies":"Lots of Slimes","floor":14,"turns":3},{"damage":10,"enemies":"Fading Forest","floor":16,"turns":11},{"damage":0,"enemies":"3 Byrds","floor":18,"turns":3},{"damage":0,"enemies":"Spheric Guardian","floor":20,"turns":2},{"damage":0,"enemies":"Snake Plant","floor":21,"turns":3},{"damage":2,"enemies":"Snecko","floor":22,"turns":4},{"damage":5,"enemies":"Slavers","floor":24,"turns":4},{"damage":0,"enemies":"Shelled Parasite and Fungi","floor":25,"turns":1},{"damage":0,"enemies":"Centurion and Healer","floor":28,"turns":1},{"damage":0,"enemies":"Snecko","floor":29,"turns":1},{"damage":0,"enemies":"Gremlin Leader","floor":30,"turns":1},{"damage":0,"enemies":"Pondfish","floor":33,"turns":2},{"damage":0,"enemies":"3 Darklings","floor":35,"turns":2},{"damage":0,"enemies":"Donu and Deca","floor":37,"turns":1}],"seed_played":"-3716733999609156011","potions_obtained":[{"floor":7.0,"key":"AttackPotion"},{"floor":12.0,"key":"PowerPotion"},{"floor":13.0,"key":"Block Potion"},{"floor":16,"key":"Dexterity Potion"},{"floor":21,"key":"Elixir"},{"floor":22,"key":"ColorlessPotion"},{"floor":24,"key":"LiquidMemories"},{"floor":35,"key":"GhostInAJar"}],"is_trial":false,"path_per_floor":["M","$","?","?","M","R","E","R","T","M","E","M","E","M","R","B",null,"?","T","?","?","?","T","E","?","T","T","?","?","E","?","T","B",null,"?","?","B",null],"character_chosen":"THE_SILENT","items_purchased":["Hidden Blade","Orrery"],"campfire_rested":0,"item_purchase_floors":[2,27],"current_hp_per_floor":[63,63,63,63,63,63,59,59,59,59,70,67,62,62,84,74,84,84,84,84,84,82,82,77,77,77,77,77,77,77,77,77,77,84,84,84,84],"gold":181,"neow_bonus":"BOSS_RELIC","is_daily":false,"chose_seed":false,"campfire_upgraded":4,"win_rate":0.0,"timestamp":1612273200,"path_taken":["M","$","?","?","?","R","E","R","T","M","E","M","E","M","R","BOSS","?","T","?","?","?","T","E","?","T","T","?","?","E","?","T","BOSS","?","?","BOSS"],"items_purchased_type":["Card","Relic"],"build_version":"2020-12-22","purchased_purges":3,"victory":true,"max_hp_per_floor":[70,70,70,70,70,70,70,70,70,70,84,84,84,84,84,84,84,84,84,84,84,84,84,84,84,84,84,84,84,84,84,84,84,84,84,84,84],"card_choices":[{"not_picked":["Prepared","Flying Knee"],"picked":"PiercingWail","floor":1.0},{"not_picked":["Poisoned Stab","Expertise"],"picked":"Finisher","floor":5.0},{"not_picked":["Heel Hook","Underhanded Strike"],"picked":"Blade Dance","floor":7.0},{"not_picked":["Dagger Throw","Underhanded Strike","Heel Hook"],"picked":"SKIP","floor":10.0},{"not_picked":["Heel Hook","Poison Darts"],"picked":"Reflex","floor":11.0},{"not_picked":["Dagger Spray","Distraction"],"picked":"PiercingWail","floor":12.0},{"not_picked":["Cloak And Dagger","Storm of Steel","Deadly Poison"],"picked":"SKIP","floor":13.0},{"not_picked":["Deflect","Deadly Poison"],"picked":"Dagger Spray","floor":14},{"not_picked":["Die Die Die","Poison Darts"],"picked":"After Image","floor":16},{"not_picked":["Blade Dance","Distraction","ReplayTheSpireMod:Speed Training"],"picked":"SKIP","floor":18},{"not_picked":["Endless Agony+1","Skewer+1","Eviscerate+1"],"picked":"SKIP","floor":20},{"not_picked":["Catalyst+1","Dagger Spray+1","Masterful Stab"],"picked":"SKIP","floor":21},{"not_picked":["Deadly Poison","Bane","Backflip+1"],"picked":"SKIP","floor":22},{"not_picked":["Catalyst","Deadly Poison"],"picked":"ReplayTheSpireMod:The Works","floor":24},{"not_picked":["Skewer","Dagger Spray"],"picked":"Hidden Blade","floor":25},{"not_picked":["Deadly Poison","Toxin Wave"],"picked":"Accuracy+1","floor":27},{"not_picked":["Poisoned Stab","Cloak And Dagger"],"picked":"Hidden Blade+1","floor":27},{"not_picked":["Underhanded Strike","PiercingWail"],"picked":"Concentrate","floor":27},{"not_picked":["Skewer","Catalyst"],"picked":"Hidden Blade","floor":27},{"not_picked":["Cloak And Dagger","Infinite Blades","Dagger Spray"],"picked":"SKIP","floor":28},{"not_picked":["Sucker Punch+1","Bouncing Flask"],"picked":"Acrobatics+1","floor":29},{"not_picked":["Dagger Spray","ReplayTheSpireMod:The Works"],"picked":"ReplayTheSpireMod:Scrap Shanks","floor":30},{"not_picked":["ReplayTheSpireMod:Necrosis","Die Die Die"],"picked":"Envenom","floor":33},{"not_picked":["Underhanded Strike","Dagger Spray","Deflect+1"],"picked":"SKIP","floor":35}],"player_experience":318242,"relics_obtained":[{"floor":7.0,"key":"Bag of Preparation"},{"floor":9.0,"key":"Replay:WaspNest"},{"floor":11.0,"key":"Mango"},{"floor":13.0,"key":"Mummified Hand"},{"floor":24,"key":"Gambling Chip"},{"floor":26,"key":"Onion Ring"},{"floor":30,"key":"Shuriken"}],"event_choices":[{"cards_removed":["Bullet Time"],"damage_healed":0.0,"max_hp_gain":0.0,"max_hp_loss":0.0,"gold_gain":0.0,"event_name":"Purifier","player_choice":"Purged","floor":4.0,"gold_loss":0.0,"damage_taken":0.0},{"cards_removed":["Underhanded Strike"],"damage_healed":0,"gold_gain":0,"player_choice":"Elegance","damage_taken":0,"max_hp_gain":0,"max_hp_loss":0,"event_name":"Back to Basics","floor":31,"gold_loss":0},{"damage_healed":0,"gold_gain":0,"player_choice":"Took Portal","damage_taken":0,"max_hp_gain":0,"max_hp_loss":0,"event_name":"SecretPortal","floor":36,"gold_loss":0}],"is_beta":false,"boss_relics":[{"not_picked":["Ring of Chaos","Tiny House"],"picked":"Painkiller Herb"},{"not_picked":["Runic Dome","Abe\u0027s Treasure"],"picked":"Coffee Dripper"}],"items_purged_floors":[2,19,27],"is_endless":false,"potions_floor_spawned":[7,12,13,16,21,22,24,28,35],"ascension_level":1}}