{"host":"na09lpbrez4gbfiz","time":1612300810,"event":{"mods":["Act Like it!","BaseMod","BetterRewards","Colored Map","Colored Powertips","DeckTracker","Googly Eyes","Highlight Path","Minty Spire (QoL Compilation)","Quick Restart","Spicy Shops","StSLib","SuperFastMode","Synergy Search"],"gold_per_floor":[114,131,56,56,68,93,93,268,342,342,292,152,164,181,181,257,257,270,286,296,38,137,169,169,169,169,106,125,143,163,196,196,272,272,285,285,298,298,39,39,39,39],"floor_reached":41,"language":"ENG","playtime":1512,"items_purged":["Defend_R","Writhe","Doubt","Pride"],"score":733,"play_id":"25ac8a0a-058b-4a62-971a-5f096b887b65","local_time":"20210202222010","is_ascension_mode":true,"campfire_choices":[{"floor":7,"key":"REST"},{"data":"Bash","floor":10,"key":"SMITH"},{"data":"Shrug It Off","floor":15,"key":"SMITH"},{"data":"Warcry","floor":25,"key":"SMITH"},{"floor":32,"key":"REST"},{"floor":40,"key":"REST"}],"circlet_count":0,"master_deck":["AscendersBane","Strike_R+1","Defend_R","Defend_R","Defend_R","Bash+1","Rampage+1","Havoc+1","Iron Wave+1","True Grit+1","Shrug It Off+1","Warcry+1","Madness","Madness"],"relics":["Astrolabe","PreservedInsect","Ornamental Fan","Membership Card","Cursed Key","Red Skull","Lee\u0027s Waffle","Turnip","Du-Vu Doll","Bag of Preparation","Unceasing Top","HornCleat","Fusion Hammer","Frozen Eye","Thread and Needle"],"acts_visited":["Exordium","TheCity","TheBeyond"],"potions_floor_usage":[20,20,33],"damage_taken":[{"damage":0,"enemies":"Cultist","floor":1,"turns":3},{"damage":9,"enemies":"Small Slimes","floor":2,"turns":4},{"damage":0,"enemies":"2 Louse","floor":5,"turns":2},{"damage":5,"enemies":"Lagavulin","floor":6,"turns":7},{"damage":5,"enemies":"2 Fungi Beasts","floor":13,"turns":4},{"damage":4,"enemies":"Looter","floor":14,"turns":3},{"damage":17,"enemies":"Hexaghost","floor":16,"turns":8},{"damage":14,"enemies":"Chosen","floor":18,"turns":5},{"damage":9,"enemies":"Shell Parasite","floor":19,"turns":6},{"damage":10,"enemies":"Snecko","floor":20,"turns":4},{"damage":7,"enemies":"Gremlin Leader","floor":23,"turns":5},{"damage":6,"enemies":"Cultist and Chosen","floor":28,"turns":6},{"damage":0,"enemies":"Centurion and Healer","floor":29,"turns":6},{"damage":0,"enemies":"Sentry and Sphere","floor":30,"turns":5},{"damage":11,"enemies":"Book of Stabbing","floor":31,"turns":4},{"damage":40,"enemies":"Automaton","floor":33,"turns":10},{"damage":0,"enemies":"3 Darklings","floor":35,"turns":7},{"damage":3,"enemies":"3 Shapes","floor":37,"turns":6},{"damage":4,"enemies":"Nemesis","floor":41,"turns":5}],"seed_played":"2929505259150853112","potions_obtained":[{"floor":2,"key":"GamblersBrew"},{"floor":13,"key":"Ancient Potion"},{"floor":18,"key":"LiquidMemories"},{"floor":28,"key":"FearPotion"},{"floor":30,"key":"Fire Potion"},{"floor":37,"key":"ElixirPotion"}],"is_trial":false,"path_per_floor":["M","M","$","?","M","E","R","?","T","R","?","$","M","M","R","B",null,"M","M","M","$","?","E","?","R","T","$","M","M","M","E","R","B",null,"M","?","M","?","$","R","E"],"character_chosen":"IRONCLAD","items_purchased":["Membership Card","Shrug It Off","Red Skull","Lee\u0027s Waffle","Turnip","Unceasing Top","Frozen Eye","Thread and Needle"],"campfire_rested":3,"item_purchase_floors":[12,12,21,21,21,27,39,39],"current_hp_per_floor":[68,59,59,44,44,39,61,61,61,61,61,61,56,52,52,35,65,51,42,32,82,82,75,75,75,75,75,69,69,69,58,82,42,72,72,72,69,59,59,82,78,78],"gold":39,"neow_bonus":"BOSS_RELIC","is_daily":false,"chose_seed":false,"campfire_upgraded":3,"win_rate":0.0,"timestamp":1612300810,"path_taken":["M","?","?","?","M","E","R","?","T","R","?","?","M","M","R","BOSS","M","M","M","$","?","E","?","R","T","$","M","M","M","E","R","BOSS","M","?","M","?","$","R","E"],"items_purchased_type":["Relic","Card","Relic","Relic","Relic","Relic","Relic","Relic"],"build_version":"2020-12-22","purchased_purges":4,"victory":false,"max_hp_per_floor":[75,75,75,75,75,75,75,75,75,75,75,75,75,75,75,75,75,75,75,75,82,82,82,82,82,82,82,82,82,82,82,82,82,82,82,82,82,82,82,82,82,82],"card_choices":[{"not_picked":["Armaments","Iron Wave"],"picked":"True Grit","floor":1},{"not_picked":["Havoc","Anger","Rampage"],"picked":"SKIP","floor":2},{"not_picked":["Sever Soul","Pommel Strike","Burning Pact"],"picked":"SKIP","floor":5},{"not_picked":["Wild Strike","Cleave","Warcry"],"picked":"SKIP","floor":6},{"not_picked":["Metallicize","Anger","Clash"],"picked":"SKIP","floor":13},{"not_picked":["Flex","Havoc","True Grit"],"picked":"SKIP","floor":14},{"not_picked":["Rupture+1","Havoc"],"picked":"Warcry","floor":18},{"not_picked":["Clothesline","Perfected Strike","Cleave+1"],"picked":"SKIP","floor":19},{"not_picked":["Entrench","Thunderclap","Dropkick"],"picked":"SKIP","floor":20},{"not_picked":["Body Slam","Warcry","Dual Wield"],"picked":"SKIP","floor":23},{"not_picked":["Carnage","Burning Pact","Havoc"],"picked":"SKIP","floor":28},{"not_picked":["Bludgeon","Pommel Strike","Rage"],"picked":"SKIP","floor":29},{"not_picked":["Perfected Strike","Dark Embrace+1","Twin Strike"],"picked":"SKIP","floor":30},{"not_picked":["Sever Soul","Searing Blow","True Grit"],"picked":"SKIP","floor":31},{"not_picked":["Second Wind+1","Havoc","Whirlwind+1"],"picked":"SKIP","floor":35},{"not_picked":["Heavy Blade","Ghostly Armor","Feel No Pain+1"],"picked":"SKIP","floor":37}],"player_experience":218299,"relics_obtained":[{"floor":6,"key":"PreservedInsect"},{"floor":9,"key":"Ornamental Fan"},{"floor":23,"key":"Du-Vu Doll"},{"floor":26,"key":"Bag of Preparation"},{"floor":31,"key":"HornCleat"}],"event_choices":[{"damage_healed":0,"gold_gain":0,"player_choice":"Entered Light","damage_taken":15,"max_hp_gain":0,"max_hp_loss":0,"event_name":"Shining Light","floor":4,"gold_loss":0,"cards_upgraded":["True Grit","Strike_R"]},{"damage_healed":0,"gold_gain":175,"player_choice":"AGREE","damage_taken":0,"max_hp_gain":0,"max_hp_loss":0,"event_name":"Liars Game","floor":8,"gold_loss":0,"cards_obtained":["Doubt"]},{"cards_removed":["Doubt"],"damage_healed":0,"gold_gain":0,"player_choice":"Card Removal","damage_taken":0,"max_hp_gain":0,"max_hp_loss":0,"event_name":"The Cleric","floor":11,"gold_loss":50},{"damage_healed":0,"gold_gain":99,"player_choice":"Stole From Cult","damage_taken":0,"max_hp_gain":0,"max_hp_loss":0,"event_name":"Nest","floor":22,"gold_loss":0},{"damage_healed":0,"gold_gain":0,"player_choice":"Ignored","damage_taken":0,"max_hp_gain":0,"max_hp_loss":0,"event_name":"Cursed Tome","floor":24,"gold_loss":0},{"cards_removed":["Strike_R"],"damage_healed":0,"gold_gain":0,"player_choice":"Removed Attack","damage_taken":0,"max_hp_gain":0,"max_hp_loss":0,"event_name":"Falling","floor":36,"gold_loss":0},{"damage_healed":0,"gold_gain":0,"player_choice":"Embrace Madness","damage_taken":10,"max_hp_gain":0,"max_hp_loss":0,"event_name":"Winding Halls","floor":38,"gold_loss":0,"cards_obtained":["Madness","Madness"]}],"is_beta":false,"boss_relics":[{"not_picked":["Runic Cube","Snecko Eye"],"picked":"Cursed Key"},{"not_picked":["Mark of Pain","Velvet Choker"],"picked":"Fusion Hammer"}],"items_purged_floors":[3,12,27,39],"is_endless":false,"potions_floor_spawned":[2,13,14,16,18,28,30,31,37],"killed_by":"Nemesis","ascension_level":14}}