{"host":"d6v9h08n6lx0nsey","time":1612227506,"event":{"mods":["BaseMod","Downfall","Minty Spire (QoL Compilation)","StSLib"],"gold_per_floor":[99,99,99,116,136,147,147,159,176,188,26,26,61,77,95,95,95,95],"floor_reached":16,"language":"ENG","playtime":965,"items_purged":[],"score":106,"play_id":"eb6b1a1a-60b7-4f21-8ae6-206a0f258a0e","local_time":"20210202005826","is_ascension_mode":false,"campfire_choices":[{"floor":1,"key":"RECALL"},{"data":"hexamod:SoulSteal","floor":12,"key":"SMITH"}],"circlet_count":0,"master_deck":["hexamod:Strike","hexamod:Strike","hexamod:Strike","hexamod:Strike+1","hexamod:Defend","hexamod:Defend","hexamod:Defend","hexamod:Sear+1","hexamod:Float+1","downfall:Malfunctioning","hexamod:HeatCrush","hexamod:Firestarter","hexamod:SpectersWail","hexamod:ThirdSeal","hexamod:NightmareGuise","hexamod:NightmareStrike","hexamod:AdvancingGuard","hexamod:SoulSteal+1","hexamod:Haunt","hexamod:UnleashSpirits","hexamod:ExtraCrispy","hexamod:SpectersWail","hexamod:SoulSteal"],"relics":["hexamod:SpiritBrand","Nunchaku","Orrery","Potion Belt"],"acts_visited":["Exordium"],"potions_floor_usage":[9,15,16],"damage_taken":[{"damage":2,"enemies":"Small Slimes","floor":4,"turns":5},{"damage":1,"enemies":"Jaw Worm","floor":5,"turns":3},{"damage":1,"enemies":"Cultist","floor":6,"turns":3},{"damage":11,"enemies":"Lots of Slimes","floor":8,"turns":5},{"damage":20,"enemies":"Exordium Thugs","floor":9,"turns":6},{"damage":11,"enemies":"Blue Slaver","floor":10,"turns":4},{"damage":10,"enemies":"downfall:FleeingMerchant","floor":11,"turns":4},{"damage":15,"enemies":"Gremlin Nob","floor":13,"turns":4},{"damage":1,"enemies":"Large Slime","floor":14,"turns":4},{"damage":1,"enemies":"2 Fungi Beasts","floor":15,"turns":3},{"damage":15,"enemies":"IC_STATUS_ARCHETYPE","floor":16,"turns":4}],"seed_played":"2461549668670118086","potions_obtained":[{"floor":5,"key":"Block Potion"},{"floor":6,"key":"SteroidPotion"},{"floor":8,"key":"FearPotion"},{"floor":15,"key":"hexamod:DoubleChargePotion"}],"is_trial":false,"path_per_floor":["R","?","?","M","M","M","T","M","M","M","$","R","E","M","M","B"],"character_chosen":"THE_SPIRIT","items_purchased":["Orrery"],"campfire_rested":0,"item_purchase_floors":[11],"current_hp_per_floor":[77,77,77,75,74,73,73,62,42,31,21,21,6,5,4,0,0,0],"gold":95,"neow_bonus":"TEN_PERCENT_HP_BONUS","is_daily":false,"chose_seed":false,"campfire_upgraded":1,"win_rate":0.0,"timestamp":1612227506,"path_taken":["R","?","?","?","M","M","T","M","M","M","?","R","E","?","M","BOSS"],"items_purchased_type":["Relic"],"build_version":"2020-12-22","purchased_purges":0,"victory":false,"max_hp_per_floor":[77,77,77,77,77,77,77,77,77,77,77,77,77,77,77,77,77,77],"card_choices":[{"not_picked":["hexamod:ShieldOfDarkness","hexamod:InspiringFlames"],"picked":"hexamod:HeatCrush","floor":4},{"not_picked":["hexamod:NecessarySacrifice","hexamod:RecurringNightmare"],"picked":"hexamod:Firestarter","floor":5},{"not_picked":["hexamod:Rewind","hexamod:BurningTouch"],"picked":"hexamod:SpectersWail","floor":6},{"not_picked":["hexamod:InspiringFlames","hexamod:NightmareGuise","hexamod:GhostShield"],"picked":"SKIP","floor":8},{"not_picked":["hexamod:InspiringFlames","hexamod:ShieldOfDarkness","hexamod:Incineration"],"picked":"SKIP","floor":9},{"not_picked":["hexamod:InspiringFlames","hexamod:GhostflameBarrier","hexamod:FastForward"],"picked":"SKIP","floor":10},{"not_picked":["hexamod:ThermalTransfer","hexamod:FastForward"],"picked":"hexamod:ThirdSeal","floor":11},{"not_picked":["hexamod:UnlimitedPower","hexamod:NightmareStrike"],"picked":"hexamod:NightmareGuise","floor":11},{"not_picked":["hexamod:FastForward","hexamod:GhostOfSpirePast"],"picked":"hexamod:NightmareStrike","floor":11},{"not_picked":["hexamod:GhostShield","hexamod:SkipABeat"],"picked":"hexamod:AdvancingGuard","floor":11},{"not_picked":["hexamod:BurningTouch","hexamod:InspiringFlames"],"picked":"hexamod:SoulSteal","floor":11},{"not_picked":["hexamod:DynamicBlow","hexamod:GhostLash"],"picked":"hexamod:Haunt","floor":11},{"not_picked":["hexamod:BurningTouch","hexamod:HeatCrush"],"picked":"hexamod:UnleashSpirits","floor":13},{"not_picked":["hexamod:NightmareGuise","hexamod:Incineration"],"picked":"hexamod:ExtraCrispy","floor":13},{"not_picked":["hexamod:HauntingEcho","hexamod:ChargedBarrage"],"picked":"hexamod:SpectersWail","floor":14},{"not_picked":["hexamod:Hexaguard","hexamod:ShieldOfDarkness","hexamod:HauntingEcho"],"picked":"SKIP","floor":14},{"not_picked":["hexamod:ShieldOfDarkness","hexamod:SwordOfDarkness"],"picked":"hexamod:SoulSteal","floor":15}],"player_experience":74103,"relics_obtained":[{"floor":7,"key":"Nunchaku"},{"floor":13,"key":"Potion Belt"}],"event_choices":[{"cards_removed":["hexamod:Defend"],"damage_healed":0,"gold_gain":0,"player_choice":"Card Removal","damage_taken":0,"max_hp_gain":0,"max_hp_loss":0,"event_name":"The Cleric","floor":2,"gold_loss":0}],"is_beta":false,"boss_relics":[],"items_purged_floors":[],"is_endless":false,"potions_floor_spawned":[5,6,8,15],"killed_by":"IC_STATUS_ARCHETYPE","ascension_level":0}}