{"host":"44yoau0wv81hew04","time":1612253415,"event":{"mods":["BaseMod","Downfall","Minty Spire (QoL Compilation)","StSLib"],"gold_per_floor":[99,99,110,3343,3343,3343,3366,2480,2505,2517,1665,1680,1714,1728,1743,1838,1838,1738,1753,1765,960,971,971,971,971,996,996,1009,1009,3187,3200,3219,3315,3315,3315,3335,3002,3002,1884,1884,1902,1902,1902,1913,883,883,883,895,895],"floor_reached":50,"language":"ENG","playtime":3054,"items_purged":["Guardian:Defend_Guardian","Guardian:Defend_Guardian","Guardian:Defend_Guardian","Guardian:Defend_Guardian","Guardian:Repulse"],"score":1047,"play_id":"0a6fecfb-100d-4825-b90c-45d125abd437","local_time":"20210202031015","is_ascension_mode":false,"campfire_choices":[{"floor":1,"key":"RECALL"},{"data":"Guardian:WalkerClaw","floor":6,"key":"SMITH"},{"data":"Guardian:Emergency","floor":18,"key":"SMITH"}],"circlet_count":0,"master_deck":["Guardian:Strike_Guardian+1","Guardian:Strike_Guardian+1","Guardian:Strike_Guardian","Guardian:CurlUp","Guardian:TwinSlam","Guardian:Reroute","Guardian:BronzeOrb","Guardian:WalkerClaw+1","Guardian:SpikerProtocol","Enlightenment","Guardian:TimeCapacitor","Guardian:PrismaticBeam","Guardian:Emergency+1","Guardian:RollAttack","Guardian:TemporalStrike","Guardian:Recover","Guardian:ConstructionForm","Guardian:CrystalBeam","Apotheosis","Master of Strategy","Guardian:Clone","Guardian:Planning+1","Guardian:BaubleBeam","Guardian:Gem_Synthetic","Guardian:Gem_Purple","Guardian:FloatingOrbs","Guardian:WalkerClaw+1","Guardian:Gem_Purple","Guardian:Clone+1","Guardian:Gem_Crimson","Guardian:Gem_Red","Guardian:Gem_Green","Guardian:Gem_Synthetic","Guardian:Gem_Blue","expansioncontent:QuickStudy+1","Guardian:Gem_Yellow","Guardian:SpikerProtocol","Guardian:SpikerProtocol","Guardian:EvasiveProtocol","Guardian:AncientConstruct","Guardian:FastForward+1","Guardian:FloatingOrbs","Guardian:FloatingOrbs+1","Guardian:Planning+1"],"relics":["Guardian:ModeShifter","Anchor","Guardian:BottledStasis","Omamori","Frozen Eye","Lantern","Peace Pipe","Ornamental Fan","Bag of Marbles","Prayer Wheel","Matryoshka","Sozu","downfall:HeartBlessingRed","TheAbacus","Girya","Orichalcum","Juzu Bracelet","Strawberry","The Courier","Nilry\u0027s Codex","ClockworkSouvenir","Kunai","Pen Nib","Centennial Puzzle","Bottled Flame","Guardian:PickAxe","Toy Ornithopter","Letter Opener","Gremlin Horn","Dream Catcher","Thread and Needle","Happy Flower","Nunchaku","MealTicket","Potion Belt","Oddly Smooth Stone","Blood Vial","Darkstone Periapt","Bottled Lightning","Eternal Feather","Question Card","Bottled Tornado","Whetstone","Shuriken","Bag of Preparation","Black Star","downfall:TeleportStone","Ancient Tea Set","Pantograph","Cauldron","Meat on the Bone","Unceasing Top","Singing Bowl","Toxic Egg 2","Bird Faced Urn","Mummified Hand","Guardian:SackOfGems","Strange Spoon"],"acts_visited":["Exordium","TheCity","TheBeyond"],"potions_floor_usage":[9,9,16,16,16,33],"damage_taken":[{"damage":10,"enemies":"2 Louse","floor":3,"turns":4},{"damage":0,"enemies":"downfall:FleeingMerchant","floor":4,"turns":4},{"damage":10,"enemies":"downfall:FleeingMerchant","floor":8,"turns":4},{"damage":10,"enemies":"Gremlin Nob","floor":9,"turns":3},{"damage":0,"enemies":"Small Slimes","floor":10,"turns":3},{"damage":7,"enemies":"downfall:FleeingMerchant","floor":11,"turns":4},{"damage":0,"enemies":"Cultist","floor":12,"turns":2},{"damage":19,"enemies":"Lagavulin","floor":13,"turns":5},{"damage":0,"enemies":"Exordium Thugs","floor":14,"turns":2},{"damage":0,"enemies":"Large Slime","floor":15,"turns":1},{"damage":0,"enemies":"DF_ARCHETYPE_STREAMLINE","floor":16,"turns":6},{"damage":0,"enemies":"Shell Parasite","floor":19,"turns":2},{"damage":0,"enemies":"3 Cultists","floor":20,"turns":4},{"damage":15,"enemies":"downfall:FleeingMerchant","floor":21,"turns":4},{"damage":0,"enemies":"Centurion and Healer","floor":22,"turns":4},{"damage":0,"enemies":"Gremlin Leader","floor":26,"turns":5},{"damage":0,"enemies":"Snecko","floor":28,"turns":2},{"damage":21,"enemies":"downfall:FleeingMerchant","floor":30,"turns":3},{"damage":0,"enemies":"Cultist and Chosen","floor":31,"turns":2},{"damage":0,"enemies":"Sentry and Sphere","floor":32,"turns":3},{"damage":0,"enemies":"IC_MUSHROOM_ARCHETYPE","floor":33,"turns":4},{"damage":0,"enemies":"3 Darklings","floor":36,"turns":2},{"damage":0,"enemies":"3 Shapes","floor":41,"turns":2},{"damage":0,"enemies":"Transient","floor":44,"turns":5},{"damage":0,"enemies":"Spire Growth","floor":47,"turns":2},{"damage":0,"enemies":"4 Shapes","floor":48,"turns":2},{"damage":10,"enemies":"SI_POISON_ARCHETYPE","floor":49,"turns":4}],"seed_played":"-7230574500577546923","potions_obtained":[{"floor":9,"key":"bronze:BurnAndBuffPotion"},{"floor":10,"key":"PowerPotion"},{"floor":16,"key":"BlessingOfTheForge"}],"is_trial":false,"path_per_floor":["R","?","M","$","?","R","T","$","E","M","$","M","E","M","M","B",null,"R","M","M","$","M","?","T","?","E","?","M","?","$","M","M","B",null,"R","M","?","?","$","T","M","?","T","M","$","?","M","M","B",null],"character_chosen":"GUARDIAN","items_purchased":["AttackPotion","Vajra","Anchor","Guardian:Gem_Yellow","Guardian:BronzeOrb","Guardian:WalkerClaw","Guardian:SpikerProtocol","Guardian:BottledStasis","SpeedPotion","Dexterity Potion","Enlightenment","Frozen Eye","Lantern","Peace Pipe","Guardian:TimeCapacitor","Guardian:Gem_Cyan","Guardian:Gem_Purple","Bag of Marbles","Prayer Wheel","Guardian:Emergency","Guardian:RollAttack","DistilledChaos","DuplicationPotion","TheAbacus","Girya","Orichalcum","Guardian:Gem_Yellow","ClockworkSouvenir","Kunai","Pen Nib","Centennial Puzzle","Apotheosis","Master of Strategy","Bottled Flame","Guardian:PickAxe","Toy Ornithopter","Guardian:Clone","Letter Opener","Gremlin Horn","Dream Catcher","Thread and Needle","Happy Flower","Nunchaku","MealTicket","Potion Belt","Oddly Smooth Stone","Blood Vial","Darkstone Periapt","Bottled Lightning","Eternal Feather","Question Card","Bottled Tornado","Whetstone","Shuriken","Bag of Preparation","Ancient Tea Set","Pantograph","Cauldron","Meat on the Bone","Unceasing Top","Guardian:FloatingOrbs","Guardian:Repulse","Mummified Hand","Guardian:SackOfGems","Strange Spoon","expansioncontent:QuickStudy","Guardian:Gem_Yellow","Guardian:SpikerProtocol","Guardian:SpikerProtocol","Guardian:EvasiveProtocol","Guardian:AncientConstruct"],"campfire_rested":0,"item_purchase_floors":[4,4,4,4,4,4,4,4,4,4,4,8,8,8,8,8,8,11,11,11,11,11,11,21,21,21,21,30,30,30,30,30,30,30,30,30,30,30,30,30,30,30,30,30,30,30,30,30,30,30,30,30,30,30,30,39,39,39,39,39,39,39,45,45,45,45,45,45,45,45,45],"current_hp_per_floor":[88,88,78,78,78,78,78,68,58,58,51,51,32,32,32,32,88,88,88,88,73,73,73,80,80,80,80,80,64,43,45,47,54,95,95,95,107,107,107,107,111,111,111,111,111,111,111,113,110],"gold":895,"neow_bonus":"TEN_PERCENT_HP_BONUS","is_daily":false,"chose_seed":false,"campfire_upgraded":2,"win_rate":0.0,"timestamp":1612253415,"path_taken":["R","?","M","$","?","R","T","$","E","M","$","M","E","M","M","BOSS","R","M","M","$","M","?","T","?","E","?","M","?","$","M","M","BOSS","R","M","?","?","$","T","M","?","?","M","$","?","M","M","BOSS"],"items_purchased_type":["Potion","Relic","Relic","Card","Card","Card","Card","Relic","Potion","Potion","Card","Relic","Relic","Relic","Card","Card","Card","Relic","Relic","Card","Card","Potion","Potion","Relic","Relic","Relic","Card","Relic","Relic","Relic","Relic","Card","Card","Relic","Relic","Relic","Card","Relic","Relic","Relic","Relic","Relic","Relic","Relic","Relic","Relic","Relic","Relic","Relic","Relic","Relic","Relic","Relic","Relic","Relic","Relic","Relic","Relic","Relic","Relic","Card","Card","Relic","Relic","Relic","Card","Card","Card","Card","Card","Card"],"build_version":"2020-12-22","purchased_purges":5,"victory":true,"max_hp_per_floor":[88,88,88,88,88,88,88,88,88,88,88,88,88,88,88,88,88,88,88,88,88,88,88,95,95,95,95,95,95,95,95,95,95,95,95,95,107,107,107,107,111,111,111,111,111,111,111,113,113],"card_choices":[{"not_picked":["Guardian:TemporalShield","Guardian:Preprogram","Guardian:BodySlam"],"picked":"SKIP","floor":3},{"not_picked":["Guardian:PiercingHide","Guardian:Planning"],"picked":"Guardian:Reroute","floor":4},{"not_picked":["Guardian:RollAttack","Guardian:TemporalShield","Guardian:Recover"],"picked":"SKIP","floor":8},{"not_picked":["Guardian:PrimingBeam","Guardian:Gem_Green"],"picked":"Guardian:PrismaticBeam","floor":9},{"not_picked":["Guardian:ExploitGems","Guardian:Recover","Guardian:PiercingHide"],"picked":"SKIP","floor":10},{"not_picked":["Guardian:TemporalShield","Guardian:Recover","Guardian:Gem_White"],"picked":"SKIP","floor":11},{"not_picked":["Guardian:DecasProtection","Guardian:Suspension"],"picked":"Guardian:TemporalStrike","floor":12},{"not_picked":["Guardian:RollAttack","Guardian:TemporalStrike","Guardian:Harden"],"picked":"SKIP","floor":12},{"not_picked":["Guardian:PrismaticBeam","Guardian:VentSteam","Guardian:Harden"],"picked":"SKIP","floor":13},{"not_picked":["Guardian:PiercingHide","Guardian:RevengeProtocol"],"picked":"Guardian:Gem_Fragmented","floor":14},{"not_picked":["Guardian:VentSteam","Guardian:DonusPower"],"picked":"Guardian:Recover","floor":14},{"not_picked":["Guardian:PrimingBeam","Guardian:WalkerClaw"],"picked":"Guardian:Gem_White","floor":15},{"not_picked":["Guardian:PiercingHide","Guardian:FloatingOrbs"],"picked":"Guardian:Gem_Red","floor":15},{"not_picked":["Guardian:ExploitGems","Guardian:StasisField"],"picked":"Guardian:ConstructionForm","floor":16},{"not_picked":["Guardian:SpikerProtocol+1","Guardian:RollAttack+1"],"picked":"Guardian:Gem_Cyan","floor":19},{"not_picked":["Guardian:PrismaticBeam","Guardian:TemporalShield","Guardian:WalkerClaw"],"picked":"SKIP","floor":19},{"not_picked":["Guardian:PrismaticBeam","Guardian:TemporalStrike","Guardian:PiercingHide"],"picked":"SKIP","floor":20},{"not_picked":["Guardian:Gem_Lightblue","Guardian:GuardianWhirl+1","Guardian:TemporalShield"],"picked":"SKIP","floor":20},{"not_picked":["Guardian:ChargeCore","Guardian:Gem_Lightblue"],"picked":"Guardian:Gem_Orange","floor":21},{"not_picked":["Guardian:MultiBeam","Guardian:VentSteam"],"picked":"Guardian:CrystalBeam","floor":22},{"not_picked":["Guardian:PiercingHide","Guardian:Gem_Cyan"],"picked":"Guardian:Gem_Red","floor":22},{"not_picked":["Guardian:MultiBeam","Guardian:ShieldCharger"],"picked":"Guardian:Gem_Crimson","floor":26},{"not_picked":["Guardian:CrystalBeam","Guardian:RevengeProtocol","Guardian:PiercingHide"],"picked":"SKIP","floor":28},{"not_picked":["Guardian:Emergency","Guardian:EvasiveProtocol+1","Guardian:PrismaticBarrier"],"picked":"SKIP","floor":28},{"not_picked":["Guardian:RollAttack+1","Guardian:Gem_Cyan","Guardian:GuardianWhirl"],"picked":"SKIP","floor":30},{"not_picked":["Guardian:Incinerate","Guardian:TemporalShield","Guardian:ShieldCharger","Guardian:Reroute"],"picked":"SKIP","floor":31},{"not_picked":["Guardian:SentryBeam+1","Guardian:PrimingBeam","Guardian:Emergency","Guardian:Clone"],"picked":"SKIP","floor":31},{"not_picked":["Guardian:PrismaticBarrier","Guardian:Gem_White","Guardian:PiercingHide"],"picked":"Guardian:Gem_Red","floor":32},{"not_picked":["Guardian:Recover","Guardian:Reroute+1","Guardian:RevengeProtocol"],"picked":"Guardian:Planning+1","floor":32},{"not_picked":["Guardian:StasisField","Guardian:StasisStrike","Guardian:FastForward"],"picked":"Guardian:BaubleBeam","floor":33},{"not_picked":["Guardian:Reroute","Guardian:TimeBomb","Guardian:SentryBeam+1","Guardian:Planning+1"],"picked":"SKIP","floor":36},{"not_picked":["Guardian:SpikerProtocol","Guardian:Gem_Red","Guardian:VentSteam","Guardian:PolyBeam+1"],"picked":"SKIP","floor":36},{"not_picked":["Guardian:ConstructionForm","Guardian:VentSteam+1","Guardian:Gem_Green","Guardian:Reroute+1"],"picked":"Singing Bowl","floor":41},{"not_picked":["Guardian:Clone+1","Guardian:TemporalShield+1","Guardian:PrimingBeam","Guardian:EvasiveProtocol+1"],"picked":"Singing Bowl","floor":41},{"not_picked":["Guardian:ShieldSpikes+1","Guardian:EvasiveProtocol+1","Guardian:Gem_Lightblue"],"picked":"Guardian:Gem_Purple","floor":44},{"not_picked":["Guardian:TemporalShield+1","Guardian:VentSteam+1","Guardian:ShieldCharger+1"],"picked":"Guardian:Clone+1","floor":44},{"not_picked":["Guardian:Gem_Lightblue","Guardian:VentSteam+1","Guardian:DecasProtection+1"],"picked":"Guardian:FloatingOrbs","floor":47},{"not_picked":["Guardian:MultiBeam+1","Guardian:RevengeProtocol","Guardian:Gem_Green"],"picked":"Guardian:FloatingOrbs+1","floor":47},{"not_picked":["Guardian:Gem_Fragmented","Guardian:Reroute","Guardian:PrimingBeam+1","Guardian:WalkerClaw+1"],"picked":"Singing Bowl","floor":48},{"not_picked":["Guardian:Gem_Red","Guardian:Gem_Lightblue","Guardian:Preprogram+1"],"picked":"Guardian:Planning+1","floor":48}],"player_experience":243981,"relics_obtained":[{"floor":7,"key":"Omamori"},{"floor":9,"key":"Ornamental Fan"},{"floor":13,"key":"Matryoshka"},{"floor":24,"key":"Juzu Bracelet"},{"floor":24,"key":"Strawberry"},{"floor":26,"key":"The Courier"},{"floor":29,"key":"Nilry\u0027s Codex"},{"floor":40,"key":"Singing Bowl"},{"floor":40,"key":"Toxic Egg 2"},{"floor":43,"key":"Bird Faced Urn"}],"event_choices":[{"damage_healed":0,"gold_gain":0,"player_choice":"Got Potions","damage_taken":0,"max_hp_gain":0,"max_hp_loss":0,"event_name":"Lab","floor":23,"gold_loss":0},{"damage_healed":0,"gold_gain":0,"player_choice":"Ignored","damage_taken":0,"max_hp_gain":0,"max_hp_loss":0,"event_name":"Vampires","floor":25,"gold_loss":0}],"is_beta":false,"boss_relics":[{"not_picked":["Pandora\u0027s Box","SacredBark"],"picked":"Sozu"},{"not_picked":["Cursed Key","Snecko Eye"],"picked":"Black Star"}],"items_purged_floors":[4,8,11,21,39],"is_endless":false,"potions_floor_spawned":[9,10,13,15,16,20,22,31,32,33,41,44,47],"ascension_level":0}}