{"host":"56ca4ptg876g863r","time":1612248780,"event":{"mods":["100% Spire Juice","Abigail Mod","Alarm Clock","Arknights","BaseMod","CapriCore","Friendly Minions","GungeonMod","Hermit","HololiveMod","KOR Keyword Fix","Minty Spire (QoL Compilation)","Prisma Mod","READ ME - Guardian Mod","StSLib","The Dragon Tamer","The Gatherer","The Hierophant","The Immortal","The Jungle","The Poker Player","The Runesmith","WarShipGirlsR/??á´Ò³R mod"],"gold_per_floor":[112,187,187,112,132,132,167,179,258,158,191,141,141,170,170,275,275,288,288,288,305,305,305,323,353,353,379,111,121,151,1,1,99,99,110,123,173,186,166,198,214,214,237,62,62,75,75,106,106,106],"floor_reached":51,"language":"KOR","playtime":11950,"items_purged":["PokerPlayerMod:Diamond1","PokerPlayerMod:Spade1","PokerPlayerMod:Spade2","PokerPlayerMod:Heart3","PokerPlayerMod:TrumpStrike"],"score":1307,"play_id":"54984386-06b1-4978-bc9a-18422bf472ae","local_time":"20210202155300","is_ascension_mode":true,"metric_token":1502,"campfire_choices":[{"data":"PokerPlayerMod:Club1","floor":6.0,"key":"SMITH"},{"floor":13.0,"key":"REST"},{"data":"PokerPlayerMod:Club2","floor":15.0,"key":"SMITH"},{"data":"PokerPlayerMod:Heart2","floor":23.0,"key":"SMITH"},{"data":"PokerPlayerMod:Mulligan","floor":32.0,"key":"SMITH"},{"floor":42.0,"key":"DIG"},{"data":"PokerPlayerMod:Diamond4","floor":45.0,"key":"SMITH"},{"floor":47.0,"key":"DIG"},{"floor":49.0,"key":"DIG"}],"circlet_count":0,"master_deck":["AscendersBane","PokerPlayerMod:Diamond5","PokerPlayerMod:Diamond5","PokerPlayerMod:Spade4","PokerPlayerMod:BadJoker+1","PokerPlayerMod:Mulligan+1","PokerPlayerMod:Club8","PokerPlayerMod:Club10+","PokerPlayerMod:Club5","PokerPlayerMod:Club5","PokerPlayerMod:Club8","PokerPlayerMod:Heart6","PokerPlayerMod:Heart10+","PokerPlayerMod:Diamond10+"],"relics":["PokerPlayerMod:DeckCase","NeowsBlessing","Meat on the Bone","PokerPlayerMod:BrokenClock","Question Card","DemoMod:JetPack","Anchor","Velvet Choker","Singing Bowl","DemoMod:BlueGuonStone","Pantograph","Lee\u0027s Waffle","Peace Pipe","Empty Cage","Shovel","War Paint","DemoMod:ChaffGrenade","Bag of Marbles","Lantern","DemoMod:Bottle","Bird Faced Urn"],"acts_visited":["Exordium","TheCity","TheBeyond"],"potions_floor_usage":[50],"damage_taken":[{"damage":0.0,"enemies":"2 Louse","floor":1.0,"turns":1.0},{"damage":0.0,"enemies":"Jaw Worm","floor":5.0,"turns":1.0},{"damage":0.0,"enemies":"Gremlin Nob","floor":7.0,"turns":1.0},{"damage":0.0,"enemies":"Small Slimes","floor":8.0,"turns":1.0},{"damage":39.0,"enemies":"Lagavulin","floor":11.0,"turns":7.0},{"damage":11.0,"enemies":"Gremlin Nob","floor":14.0,"turns":4.0},{"damage":8.0,"enemies":"The Guardian","floor":16.0,"turns":8.0},{"damage":0.0,"enemies":"3 Byrds","floor":18.0,"turns":2.0},{"damage":13.0,"enemies":"Chosen","floor":21.0,"turns":4.0},{"damage":17.0,"enemies":"Snake Plant","floor":24.0,"turns":3.0},{"damage":3.0,"enemies":"Gremlin Leader","floor":25.0,"turns":4.0},{"damage":12.0,"enemies":"Slavers","floor":27.0,"turns":3.0},{"damage":0.0,"enemies":"3 Cultists","floor":29.0,"turns":2.0},{"damage":0.0,"enemies":"Gremlin Leader","floor":30.0,"turns":4.0},{"damage":16.0,"enemies":"Automaton","floor":33.0,"turns":5.0},{"damage":17.0,"enemies":"3 Darklings","floor":35.0,"turns":2.0},{"damage":0.0,"enemies":"Orb Walker","floor":36.0,"turns":2.0},{"damage":7.0,"enemies":"Mind Bloom Boss Battle","floor":37.0,"turns":4.0},{"damage":0.0,"enemies":"3 Darklings","floor":38.0,"turns":1.0},{"damage":18.0,"enemies":"Reptomancer","floor":40.0,"turns":3.0},{"damage":19.0,"enemies":"Jaw Worm Horde","floor":41.0,"turns":2.0},{"damage":10.0,"enemies":"Sphere and 2 Shapes","floor":46.0,"turns":3.0},{"damage":113.0,"enemies":"Giant Head","floor":48.0,"turns":8.0},{"damage":96,"enemies":"Awakened One","floor":50,"turns":10}],"seed_played":"3029005870869489632","potions_obtained":[{"floor":5.0,"key":"FearPotion"},{"floor":14.0,"key":"BlessingOfTheForge"},{"floor":16.0,"key":"FairyPotion"},{"floor":18.0,"key":"SteroidPotion"},{"floor":20.0,"key":"FairyPotion"},{"floor":21.0,"key":"GamblersBrew"}],"is_trial":false,"path_per_floor":["M","?","T","$","M","R","E","M","T","$","E","?","R","E","R","B",null,"M","?","?","M","?","R","M","E","T","E","$","M","E","$","R","B",null,"M","M","?","M","?","E","M","R","T","$","R","M","R","E","R","B",null],"character_chosen":"THE_POKER_PLAYER","items_purchased":["Lee\u0027s Waffle"],"campfire_rested":1,"item_purchase_floors":[28],"current_hp_per_floor":[47,36,36,36,36,36,36,40,40,40,17,17,32,37,37,34,48,48,48,48,35,35,35,34,34,34,37,59,61,63,63,63,54,61,61,67,69,71,77,61,56,56,56,56,56,66,66,36,36,16],"gold":106,"neow_bonus":"THREE_ENEMY_KILL","is_daily":false,"chose_seed":false,"campfire_upgraded":5,"win_rate":0.0,"timestamp":1612248780,"path_taken":["M","?","?","?","M","R","E","M","T","?","E","?","R","E","R","BOSS","M","?","?","?","?","R","M","E","T","E","$","M","E","?","R","BOSS","M","M","?","M","?","E","M","R","T","?","R","M","R","E","R","BOSS"],"items_purchased_type":["Relic"],"build_version":"2020-12-22","purchased_purges":5,"victory":true,"max_hp_per_floor":[52,52,52,52,52,52,52,52,52,52,52,52,52,52,52,52,52,52,52,52,52,52,52,52,52,52,52,59,61,63,63,63,63,63,65,67,69,71,77,79,81,81,81,81,81,83,83,83,83,83],"card_choices":[{"not_picked":["PokerPlayerMod:SpadeStrike","PokerPlayerMod:MagicTrick","PokerPlayerMod:HeartStrike"],"picked":"SKIP","floor":1.0},{"not_picked":["PokerPlayerMod:MagicTrick","PokerPlayerMod:SpadeStrike","PokerPlayerMod:Spade6"],"picked":"SKIP","floor":5.0},{"not_picked":["PokerPlayerMod:Spade5","PokerPlayerMod:Diamond1","PokerPlayerMod:SpadeStrike"],"picked":"SKIP","floor":7.0},{"not_picked":["PokerPlayerMod:FillThePot","PokerPlayerMod:Manipulation","PokerPlayerMod:DiamondStrike"],"picked":"SKIP","floor":8.0},{"not_picked":["PokerPlayerMod:Spade1","PokerPlayerMod:DiamondStrike","PokerPlayerMod:DamnStraight","PokerPlayerMod:MagicTrick"],"picked":"SKIP","floor":11.0},{"not_picked":["PokerPlayerMod:Spade5","PokerPlayerMod:Diamond1","PokerPlayerMod:MagicTrick"],"picked":"PokerPlayerMod:Club8","floor":14.0},{"not_picked":["PokerPlayerMod:Spade8","PokerPlayerMod:WasteCollection","PokerPlayerMod:SecretDealer"],"picked":"PokerPlayerMod:Club10+","floor":16.0},{"not_picked":["PokerPlayerMod:Diamond1","PokerPlayerMod:Club1","PokerPlayerMod:ClubsClub","PokerPlayerMod:Raise"],"picked":"SKIP","floor":18.0},{"not_picked":["PokerPlayerMod:MagicTrick","PokerPlayerMod:Heart3","PokerPlayerMod:Diamond7","PokerPlayerMod:Club3"],"picked":"SKIP","floor":21.0},{"not_picked":["PokerPlayerMod:DamnStraight","PokerPlayerMod:DiamondStrike+1","PokerPlayerMod:Spade1","PokerPlayerMod:SpadeStrike"],"picked":"SKIP","floor":24.0},{"not_picked":["PokerPlayerMod:FlyingCard","PokerPlayerMod:Club2","PokerPlayerMod:Diamond7"],"picked":"PokerPlayerMod:Club8","floor":25.0},{"not_picked":["PokerPlayerMod:HeartStrike","PokerPlayerMod:ClubsClub","PokerPlayerMod:Spade6"],"picked":"PokerPlayerMod:Heart6","floor":27.0},{"not_picked":["PokerPlayerMod:Diamond2","PokerPlayerMod:Diamond6","PokerPlayerMod:Club3","PokerPlayerMod:Harden+1"],"picked":"Singing Bowl","floor":29.0},{"not_picked":["PokerPlayerMod:Manipulation","PokerPlayerMod:WasteCollection","PokerPlayerMod:SecondChance","PokerPlayerMod:Diamond3"],"picked":"Singing Bowl","floor":30.0},{"not_picked":["PokerPlayerMod:Spade7","PokerPlayerMod:TheDieIsCast","PokerPlayerMod:SecretDealer"],"picked":"PokerPlayerMod:Heart10+","floor":33.0},{"not_picked":["PokerPlayerMod:CloakAndDiamond+1","PokerPlayerMod:CardBurn+1","PokerPlayerMod:DartThrow","PokerPlayerMod:Configure+1"],"picked":"Singing Bowl","floor":35.0},{"not_picked":["PokerPlayerMod:Spade3","PokerPlayerMod:SecondChance+1","PokerPlayerMod:Fold+1","PokerPlayerMod:Diamond2"],"picked":"Singing Bowl","floor":36.0},{"not_picked":["PokerPlayerMod:Club1","PokerPlayerMod:Spade4","PokerPlayerMod:CardBurn","PokerPlayerMod:Heart1"],"picked":"Singing Bowl","floor":37.0},{"not_picked":["PokerPlayerMod:Spade1","PokerPlayerMod:Configure+1","PokerPlayerMod:MagicTrick+1","PokerPlayerMod:DamnStraight"],"picked":"Singing Bowl","floor":38.0},{"not_picked":["PokerPlayerMod:Fold"],"picked":"Singing Bowl","floor":39.0},{"not_picked":["PokerPlayerMod:MagicTrick"],"picked":"Singing Bowl","floor":39.0},{"not_picked":["PokerPlayerMod:TheDieIsCast"],"picked":"Singing Bowl","floor":39.0},{"not_picked":["PokerPlayerMod:Spade6","PokerPlayerMod:CloakAndDiamond","PokerPlayerMod:Heart3","PokerPlayerMod:Diamond6"],"picked":"Singing Bowl","floor":40.0},{"not_picked":["PokerPlayerMod:ClubsClub","PokerPlayerMod:DiamondStrike","PokerPlayerMod:Configure+1","PokerPlayerMod:Spade4"],"picked":"Singing Bowl","floor":41.0},{"not_picked":["PokerPlayerMod:Extraction","PokerPlayerMod:Diamond2","PokerPlayerMod:FlyingCard+1","PokerPlayerMod:Diamond1"],"picked":"Singing Bowl","floor":46.0},{"not_picked":["PokerPlayerMod:MagicTrick+1","PokerPlayerMod:PoorCopy","PokerPlayerMod:SpadeStrike"],"picked":"PokerPlayerMod:Diamond10+","floor":48.0}],"player_experience":340913,"relics_obtained":[{"floor":3.0,"key":"Meat on the Bone"},{"floor":7.0,"key":"PokerPlayerMod:BrokenClock"},{"floor":9.0,"key":"Question Card"},{"floor":11.0,"key":"DemoMod:JetPack"},{"floor":14.0,"key":"Anchor"},{"floor":25.0,"key":"Singing Bowl"},{"floor":26.0,"key":"DemoMod:BlueGuonStone"},{"floor":27.0,"key":"Pantograph"},{"floor":30.0,"key":"Peace Pipe"},{"floor":37.0,"key":"Shovel"},{"floor":40.0,"key":"War Paint"},{"floor":42.0,"key":"DemoMod:ChaffGrenade"},{"floor":43.0,"key":"Bag of Marbles"},{"floor":47.0,"key":"Lantern"},{"floor":48.0,"key":"DemoMod:Bottle"},{"floor":49.0,"key":"Bird Faced Urn"}],"event_choices":[{"damage_healed":0.0,"max_hp_gain":0.0,"max_hp_loss":0.0,"gold_gain":75.0,"event_name":"World of Goop","player_choice":"Gather Gold","floor":2.0,"gold_loss":0.0,"damage_taken":11.0},{"cards_removed":["PokerPlayerMod:Diamond2"],"damage_healed":0.0,"max_hp_gain":0.0,"max_hp_loss":0.0,"gold_gain":0.0,"event_name":"The Cleric","player_choice":"Card Removal","floor":12.0,"gold_loss":50.0,"damage_taken":0.0},{"damage_healed":0.0,"max_hp_gain":0.0,"max_hp_loss":0.0,"gold_gain":0.0,"event_name":"Ghosts","player_choice":"Ignored","floor":19.0,"gold_loss":0.0,"damage_taken":0.0},{"damage_healed":0.0,"max_hp_gain":0.0,"max_hp_loss":0.0,"gold_gain":0.0,"event_name":"Lab","player_choice":"Got Potions","floor":20.0,"gold_loss":0.0,"damage_taken":0.0},{"damage_healed":0.0,"max_hp_gain":0.0,"max_hp_loss":0.0,"gold_gain":0.0,"cards_transformed":["PokerPlayerMod:Diamond3","PokerPlayerMod:Club2"],"event_name":"Drug Dealer","player_choice":"Became Test Subject","floor":22.0,"gold_loss":0.0,"damage_taken":0.0,"cards_obtained":["PokerPlayerMod:Club5","PokerPlayerMod:Club5"]},{"damage_healed":0.0,"max_hp_gain":0.0,"max_hp_loss":0.0,"gold_gain":0.0,"event_name":"MindBloom","player_choice":"Fight","floor":37.0,"gold_loss":0.0,"damage_taken":0.0}],"is_beta":false,"boss_relics":[{"not_picked":["Cursed Key","Ectoplasm"],"picked":"Velvet Choker"},{"not_picked":["Runesmith:UraniumAnvil","Runic Dome"],"picked":"Empty Cage"}],"items_purged_floors":[4,10,28,31,44],"is_endless":false,"potions_floor_spawned":[5,14,16,18,21,29,33,35,37,40,41],"ascension_level":11}}