{"host":"61ejhfsushs0xmcl","time":1612249034,"event":{"mods":["ATMod(°¢èªMod)","Act Like it!","BaseMod","Colored Map","Gold Saver","Minty Spire (QoL Compilation)","MostiFishMod","Reliquary","Spicy Shops","StSLib","TestMod","[IsaacMod]ÒÔÈö¼âËþ","¡¾ÒÅÎï¿¨ÅÆ¡¿REMEMod","óô»ðÖ¸ÄÏ"],"gold_per_floor":[2826,2751,2764,2775,2775,2381,2406,2406,2457,2515,2565,2565,2654,2723,762,905,905,979,979,1029,1029,1123,1242,1242,818,845,343,1059,140,196,840,840,1608,1608,1653,1218,1381,1521,1521,1627,1627,1672,1672,1785,1848,1559,1617,1708,1297,2022,2072,2072,1557,936,1019,1144],"floor_reached":57,"language":"ZHS","playtime":1652,"items_purged":["Defend_P","Defend_P","Strike_P","Strike_P","Eruption","Strike_P+1","Adaptation","Vigilance+1","FearNoEvil","FlurryOfBlows","MostiFishMod:DeathFromBelow","Omniscience+1"],"score":5207,"play_id":"efed6e21-d7ef-4f31-a574-d258fafa892f","local_time":"20210202145714","is_ascension_mode":true,"campfire_choices":[{"data":"AT_ChampionKick","floor":24,"key":"SMITH"},{"floor":32,"key":"RECALL"},{"data":"Omniscience","floor":41,"key":"SMITH"}],"circlet_count":0,"master_deck":["AscendersBane","AT_ChampionKick+1","Indignation","InnerPeace","Adaptation","Vault","Adaptation+1","MostiFishMod:Disappear+1","DevaForm+1","Vault+1","MostiFishMod:Disappear+1","MostiFishMod:OutWit+1"],"relics":["PureWater","testmod-TestBox","DaveBox","AT_ATBox","REME_ComplimentaryCards","HushsDoor","testmod-HeartOfStrike","DeathBook","Chemical X","SynthV:TestCard","AT_BellDemon","BFFS","AT_MibuBalloonWealth","Golden Idol","Mummified Hand","testmod-Justice","REME_HourglassOfDeath","Strawberry","Darkstone Periapt","BelialBook","SynthV:MejaisSoulstealer","testmod-Brilliant","TungstenRod","GreenFoldingFan","SatanicBible","reliquary:TridentHead","testmod-AssaultLearning","TeardropLocket","Matryoshka","testmod-ArcanaOfDestiny","Art of War","Blood Vial","Orrery","testmod-IndustrialRevolution","StrikeDummy","BookOfRevelations","BrkXgEgg","Molten Egg 2","Omamori","ArrowTower","Mummified Hand","reliquary:SharkskinSheath","Akabeko","RhineCircuit","reliquary:JackalopeAntler","SteamSale","Peace Pipe","Anchor","Bottled Tornado","HowToJump","Du-Vu Doll","Lantern","Potion Belt","Pantograph","Blue Candle","AT_SpeedBoots","Ancient Tea Set","AT_GoldPhoenixTree","TheBible","Lee\u0027s Waffle","Bag of Marbles","testmod-IntensifyImprint","testmod-RainbowHikingShoes","InkBottle","DaCapo","NineVolt","reliquary:Knoch","AT_ChloranthyRing","reliquary:PartyBalloon","TimeFreeze","UnicornStump","testmod-InjuryResistance","TheAbacus","SynthV:C4","Bronze Scales","D4","DollysMirror","reliquary:Boomerang","BelialBook"],"acts_visited":["Exordium","TheCity","TheBeyond","TheEnding"],"potions_floor_usage":[56,56,56,56],"damage_taken":[{"damage":0.0,"enemies":"Jaw Worm","floor":1.0,"turns":1.0},{"damage":0.0,"enemies":"2 Louse","floor":3.0,"turns":1.0},{"damage":0.0,"enemies":"Small Slimes","floor":4.0,"turns":2.0},{"damage":0.0,"enemies":"Gremlin Nob","floor":7.0,"turns":2.0},{"damage":0.0,"enemies":"Lagavulin","floor":10.0,"turns":4.0},{"damage":14.0,"enemies":"Looter","floor":11.0,"turns":2.0},{"damage":0.0,"enemies":"3 Louse","floor":13.0,"turns":2.0},{"damage":0.0,"enemies":"Gremlin Nob","floor":14.0,"turns":2.0},{"damage":0.0,"enemies":"Slime Boss","floor":16.0,"turns":3.0},{"damage":1.0,"enemies":"2 Thieves","floor":18.0,"turns":1.0},{"damage":1.0,"enemies":"Shell Parasite","floor":20.0,"turns":1.0},{"damage":1,"enemies":"3 Cultists","floor":22,"turns":1},{"damage":1,"enemies":"Gremlin Leader","floor":23,"turns":1},{"damage":1,"enemies":"Slavers","floor":28,"turns":1},{"damage":1,"enemies":"Book of Stabbing","floor":30,"turns":1},{"damage":3,"enemies":"Snake Plant","floor":31,"turns":3},{"damage":2,"enemies":"Automaton","floor":33,"turns":2},{"damage":1,"enemies":"Orb Walker","floor":35,"turns":1},{"damage":1,"enemies":"Hiden Room Battle","floor":37,"turns":1},{"damage":1,"enemies":"3 Darklings","floor":38,"turns":1},{"damage":1,"enemies":"Reptomancer","floor":40,"turns":1},{"damage":4,"enemies":"Transient","floor":42,"turns":4},{"damage":1,"enemies":"Hiden Room Battle","floor":44,"turns":1},{"damage":3,"enemies":"Giant Head","floor":45,"turns":3},{"damage":3,"enemies":"Nemesis","floor":47,"turns":1},{"damage":3,"enemies":"Jaw Worm Horde","floor":48,"turns":1},{"damage":6,"enemies":"Awakened One","floor":50,"turns":3},{"damage":0,"enemies":"Donu and Deca","floor":51,"turns":1},{"damage":0,"enemies":"Shield and Spear","floor":55,"turns":1},{"damage":0,"enemies":"Delirium","floor":56,"turns":3}],"seed_played":"-5032852035911815466","potions_obtained":[{"floor":7.0,"key":"testmod-TestPotion"},{"floor":13.0,"key":"testmod-TestPotion"},{"floor":14.0,"key":"Weak Potion"},{"floor":44,"key":"BottledMiracle"},{"floor":45,"key":"Strength Potion"},{"floor":55,"key":"PowerPotion"}],"is_trial":false,"path_per_floor":["M","?","M","M","?","R","E","?","T","E","M","?","M","E","R","B",null,"M","?","M","?","M","E","R","$","T","$","E","$","E","M","R","B",null,"M","$","?","M","?","E","R","M","T","?","E","R","E","M","R","B","B",null,"R","$","E","B",null],"character_chosen":"WATCHER","items_purchased":["AT_BellDemon","BFFS","SynthV:MejaisSoulstealer","testmod-Brilliant","SatanicBible","FearNoEvil","testmod-ArcanaOfDestiny","Orrery","testmod-IndustrialRevolution","BrkXgEgg","Molten Egg 2","MostiFishMod:Disappear+1","Omamori","Vault","SteamSale","Peace Pipe","Lee\u0027s Waffle","Bag of Marbles","DaCapo","NineVolt","reliquary:Knoch","AT_ChloranthyRing","reliquary:PartyBalloon","TimeFreeze","UnicornStump","testmod-InjuryResistance","TheAbacus","SynthV:C4","Bronze Scales","D4","DollysMirror","MostiFishMod:OutWit+1"],"campfire_rested":0,"item_purchase_floors":[6,6,15,15,17,17,25,27,27,29,29,29,29,34,36,36,46,46,49,49,49,49,49,53,53,53,54,54,54,54,54,54],"current_hp_per_floor":[61,61,61,61,61,61,61,38,38,38,24,4,11,11,11,11,46,55,55,57,57,57,57,57,57,57,57,57,57,57,57,57,57,46,46,46,43,46,46,46,46,46,46,43,46,53,53,53,53,53,53,53,53,53,53,53],"gold":1144,"neow_bonus":"REMOVE_CARD","is_daily":false,"chose_seed":false,"campfire_upgraded":2,"win_rate":0.0,"timestamp":1612249034,"path_taken":["M","?","M","M","?","R","E","?","T","E","M","?","M","E","R","BOSS","M","?","M","?","M","E","R","$","T","$","E","$","E","M","R","BOSS","M","$","?","M","?","E","R","M","T","?","E","R","E","?","R","BOSS","BOSS","R","$","E","BOSS"],"items_purchased_type":["Relic","Relic","Relic","Relic","Relic","Card","Relic","Relic","Relic","Relic","Relic","Card","Relic","Card","Relic","Relic","Relic","Relic","Relic","Relic","Relic","Relic","Relic","Relic","Relic","Relic","Relic","Relic","Relic","Relic","Relic","Card"],"build_version":"2020-12-22","purchased_purges":12,"victory":true,"max_hp_per_floor":[68,68,68,68,68,68,68,68,68,68,68,68,75,75,75,75,57,57,57,57,57,57,57,57,57,57,57,57,57,57,57,57,57,46,46,46,46,46,46,46,46,46,46,46,46,53,53,53,53,53,53,53,53,53,53,53],"card_choices":[{"not_picked":["MostiFishMod:PathToVictory","Vengeance"],"picked":"Bomb","floor":1.0},{"not_picked":["LikeWater","Swivel","FlurryOfBlows","ThirdEye"],"picked":"Bomb","floor":3.0},{"not_picked":["Evaluate","CrushJoints","Prostrate","SandsOfTime","EmptyFist"],"picked":"SKIP","floor":4.0},{"not_picked":["FlurryOfBlows","MostiFishMod:Speedup","AT_DivineConfetti","CarveReality","CutThroughFate"],"picked":"SKIP","floor":7.0},{"not_picked":["FlurryOfBlows","MostiFishMod:Speedup","AT_DivineConfetti","CarveReality","CutThroughFate"],"picked":"SKIP","floor":7.0},{"not_picked":["PathToVictory","SashWhip","MostiFishMod:StarLaLaLa","CutThroughFate"],"picked":"FlurryOfBlows","floor":10.0},{"not_picked":["PathToVictory","Evaluate","Prostrate","AT_RealFormLess"],"picked":"Bomb","floor":11.0},{"not_picked":["Fasting2","MostiFishMod:ScryFuture","Vengeance","SashWhip"],"picked":"Crescendo","floor":13.0},{"not_picked":["FollowUp","Protect","Wish","JustLucky"],"picked":"Indignation","floor":14.0},{"not_picked":["ConjureBlade","MostiFishMod:StarLaLaLa","SpiritShield","MostiFishMod:Minus"],"picked":"Omniscience","floor":16.0},{"not_picked":["FlyingSleeves","Crescendo","EmptyBody+1","MostiFishMod:ScryFuture","Prostrate"],"picked":"SKIP","floor":18.0},{"not_picked":["MostiFishMod:Nomercy","Protect","Weave+1","CutThroughFate","CrushJoints"],"picked":"SKIP","floor":20},{"not_picked":["Halt","Fasting2","Conclude","EmptyBody","Pray"],"picked":"SKIP","floor":22},{"not_picked":["ReachHeaven","SashWhip","Crescendo+1","Consecrate"],"picked":"InnerPeace","floor":23},{"not_picked":["MostiFishMod:DustFall","MostiFishMod:Speedup","WheelKick","AT_RealFormLess"],"picked":"Adaptation","floor":27},{"not_picked":["BattleHymn","JustLucky+1","Protect","Wallop"],"picked":"Adaptation","floor":27},{"not_picked":["EmptyFist","Consecrate","FlurryOfBlows","FlyingSleeves"],"picked":"Vault","floor":27},{"not_picked":["FlurryOfBlows","MostiFishMod:KamiSmash","FearNoEvil","PathToVictory+1"],"picked":"Adaptation+1","floor":28},{"not_picked":["BowlingBash+1","CarveReality+1","MostiFishMod:KamiSmash+1","PathToVictory","REME_Repentance"],"picked":"SKIP","floor":30},{"not_picked":["Crescendo","FlyingSleeves+1","Weave+1","ReachHeaven+1","Wallop+1"],"picked":"SKIP","floor":31},{"not_picked":["MostiFishMod:StarWish+1","SpiritShield+1","MostiFishMod:StarLaLaLa+1","MostiFishMod:KamiSmash+1"],"picked":"DevaForm+1","floor":33},{"not_picked":["Consecrate+1","REME_Repentance","EmptyBody","EmptyFist+1","FearNoEvil+1"],"picked":"SKIP","floor":35},{"not_picked":["SandsOfTime+1","Evaluate","MostiFishMod:Nomercy+1","EmptyBody","FlyingSleeves+1"],"picked":"SKIP","floor":38},{"not_picked":["Crescendo","MostiFishMod:Minus+1","MostiFishMod:Dust+1","BowlingBash+1","FlyingSleeves+1"],"picked":"SKIP","floor":40},{"not_picked":["CutThroughFate+1","Worship","Adaptation","Ragnarok+1","SashWhip+1"],"picked":"SKIP","floor":42},{"not_picked":["MostiFishMod:StarLaLaLa+1","FlurryOfBlows+1","WaveOfTheHand","FlyingSleeves+1","CutThroughFate+1"],"picked":"SKIP","floor":45},{"not_picked":["BattleHymn","Conclude+1","BowlingBash+1","MostiFishMod:PathToVictory","Prostrate"],"picked":"SKIP","floor":47},{"not_picked":["Weave+1","FearNoEvil+1","EmptyFist+1","ThirdEye","CarveReality+1"],"picked":"SKIP","floor":48},{"not_picked":["JustLucky+1","Study","Evaluate","SignatureMove+1","FlurryOfBlows+1"],"picked":"SKIP","floor":55}],"player_experience":830208,"relics_obtained":[{"floor":1.0,"key":"SynthV:TestCard"},{"floor":7.0,"key":"AT_MibuBalloonWealth"},{"floor":10.0,"key":"Mummified Hand"},{"floor":10.0,"key":"testmod-Justice"},{"floor":11.0,"key":"REME_HourglassOfDeath"},{"floor":13.0,"key":"Strawberry"},{"floor":14.0,"key":"Darkstone Periapt"},{"floor":14.0,"key":"BelialBook"},{"floor":16.0,"key":"TungstenRod"},{"floor":18.0,"key":"reliquary:TridentHead"},{"floor":22,"key":"testmod-AssaultLearning"},{"floor":23,"key":"TeardropLocket"},{"floor":23,"key":"Matryoshka"},{"floor":26,"key":"Art of War"},{"floor":26,"key":"Blood Vial"},{"floor":28,"key":"StrikeDummy"},{"floor":28,"key":"BookOfRevelations"},{"floor":30,"key":"ArrowTower"},{"floor":30,"key":"reliquary:SculptingSteel"},{"floor":31,"key":"reliquary:SharkskinSheath"},{"floor":33,"key":"Akabeko"},{"floor":35,"key":"reliquary:JackalopeAntler"},{"floor":37,"key":"Anchor"},{"floor":37,"key":"Bottled Tornado"},{"floor":40,"key":"HowToJump"},{"floor":40,"key":"Du-Vu Doll"},{"floor":42,"key":"Lantern"},{"floor":43,"key":"Potion Belt"},{"floor":43,"key":"Pantograph"},{"floor":44,"key":"Blue Candle"},{"floor":44,"key":"AT_SpeedBoots"},{"floor":44,"key":"Ancient Tea Set"},{"floor":45,"key":"AT_GoldPhoenixTree"},{"floor":45,"key":"TheBible"},{"floor":47,"key":"testmod-IntensifyImprint"},{"floor":47,"key":"testmod-RainbowHikingShoes"},{"floor":48,"key":"InkBottle"},{"floor":55,"key":"Diplopia"},{"floor":55,"key":"reliquary:Boomerang"}],"event_choices":[{"cards_removed":["Defend_P"],"damage_healed":0.0,"max_hp_gain":0.0,"max_hp_loss":0.0,"gold_gain":0.0,"event_name":"The Cleric","player_choice":"Card Removal","floor":2.0,"gold_loss":75.0,"damage_taken":0.0},{"damage_healed":0.0,"max_hp_gain":0.0,"max_hp_loss":0.0,"gold_gain":0.0,"event_name":"Liars Game","player_choice":"Ignored","floor":5.0,"gold_loss":0.0,"damage_taken":0.0},{"damage_healed":0.0,"max_hp_gain":0.0,"max_hp_loss":0.0,"gold_gain":0.0,"event_name":"Golden Idol","player_choice":"Take Damage","floor":8.0,"gold_loss":0.0,"damage_taken":23.0,"relics_obtained":["Golden Idol"]},{"damage_healed":0.0,"max_hp_gain":0.0,"max_hp_loss":0.0,"gold_gain":0.0,"event_name":"Shining Light","player_choice":"Entered Light","floor":12.0,"gold_loss":0.0,"damage_taken":20.0,"cards_upgraded":["Strike_P","Vigilance"]},{"cards_removed":["Strike_P"],"damage_healed":0.0,"max_hp_gain":0.0,"max_hp_loss":0.0,"gold_gain":0.0,"event_name":"Back to Basics","player_choice":"Elegance","floor":19.0,"gold_loss":0.0,"damage_taken":0.0},{"damage_healed":0,"gold_gain":0,"player_choice":"Ignored","damage_taken":0,"max_hp_gain":0,"max_hp_loss":0,"event_name":"Vampires","floor":21,"gold_loss":0},{"damage_healed":0,"gold_gain":0,"player_choice":"Fight","damage_taken":0,"max_hp_gain":0,"max_hp_loss":0,"event_name":"HidenRoomEvent","floor":37,"gold_loss":0},{"cards_removed":["Crescendo"],"damage_healed":0,"gold_gain":0,"player_choice":"Purged","damage_taken":0,"max_hp_gain":0,"max_hp_loss":0,"event_name":"Purifier","floor":39,"gold_loss":0},{"damage_healed":0,"gold_gain":0,"player_choice":"Fight","damage_taken":0,"max_hp_gain":0,"max_hp_loss":0,"event_name":"HidenRoomEvent","floor":44,"gold_loss":0}],"is_beta":false,"boss_relics":[{"not_picked":["Pandora\u0027s Box","Calling Bell"],"picked":"GreenFoldingFan"},{"not_picked":[]},{"not_picked":["Cursed Key","testmod-IncinerationGenerator"],"picked":"RhineCircuit"},{"not_picked":[]}],"items_purged_floors":[6,15,15,17,25,27,29,34,36,46,53,54],"is_endless":false,"potions_floor_spawned":[7,13,14,18,22,31,33,37,40,44,45,55],"ascension_level":20}}