{"host":"Vegetablebread","time":1612288260,"event":{"mods":["BaseMod","Bestiary","Minty Spire (QoL Compilation)","Relic Stats","Slay the Relics Exporter"],"gold_per_floor":[166,316,316,24,43,69,69,109,134,134,154,193,193,207,207,207,207],"floor_reached":16,"language":"ENG","playtime":2081,"items_purged":["Doubt"],"score":236,"play_id":"146861ae-81a7-4ee3-9635-dd0743b4c689","local_time":"20210202095100","is_ascension_mode":true,"campfire_choices":[{"data":"Eruption","floor":13.0,"key":"SMITH"},{"data":"SashWhip","floor":15.0,"key":"SMITH"}],"circlet_count":0,"master_deck":["AscendersBane","Strike_P","Strike_P","Strike_P","Strike_P+1","Defend_P","Defend_P","Defend_P","Defend_P","Eruption+1","Vigilance","Adaptation","FollowUp","FollowUp","SashWhip+1","WheelKick","Prostrate+1","Halt+1","BowlingBash"],"relics":["Tiny House","Sling","Boot","Golden Idol","Art of War","Akabeko","Toxic Egg 2","StrikeDummy"],"acts_visited":["Exordium"],"potions_floor_usage":[16,16],"damage_taken":[{"damage":0.0,"enemies":"2 Louse","floor":1.0,"turns":5.0},{"damage":0.0,"enemies":"Jaw Worm","floor":5.0,"turns":3.0},{"damage":8.0,"enemies":"3 Sentries","floor":6.0,"turns":9.0},{"damage":33.0,"enemies":"Lagavulin","floor":8.0,"turns":5.0},{"damage":0.0,"enemies":"Cultist","floor":11.0,"turns":2.0},{"damage":11.0,"enemies":"3 Sentries","floor":12.0,"turns":6.0},{"damage":1.0,"enemies":"Looter","floor":14.0,"turns":3.0},{"damage":33,"enemies":"Hexaghost","floor":16,"turns":7}],"seed_played":"4588177664931165275","potions_obtained":[{"floor":0.0,"key":"EssenceOfSteel"},{"floor":11.0,"key":"Fire Potion"},{"floor":12.0,"key":"BottledMiracle"},{"floor":14.0,"key":"Dexterity Potion"}],"is_trial":false,"path_per_floor":["M","?","?","$","M","E","?","E","T","?","M","E","R","M","R","B"],"character_chosen":"WATCHER","items_purchased":["Sling","FollowUp"],"campfire_rested":0,"item_purchase_floors":[4,4],"current_hp_per_floor":[66,66,71,71,71,63,63,30,30,30,30,19,19,18,18,0,0],"gold":207,"neow_bonus":"BOSS_RELIC","is_daily":false,"chose_seed":false,"campfire_upgraded":2,"win_rate":0.0,"timestamp":1612288260,"path_taken":["M","?","?","$","?","E","?","E","T","?","M","E","R","?","R","BOSS"],"items_purchased_type":["Relic","Card"],"build_version":"2020-12-18","purchased_purges":1,"victory":false,"max_hp_per_floor":[73,73,78,78,78,78,71,71,71,71,71,71,71,71,71,71,71],"relic_stats":{"counters":[8,40],"Golden Idol":23,"Art of War":[1],"Boot":[5],"obtain_stats":[{"Tiny House":0,"Golden Idol":7,"Art of War":8,"PureWater":0,"Toxic Egg 2":10,"Sling":4,"Boot":6,"StrikeDummy":12,"Akabeko":9},{"Tiny House":0,"Golden Idol":3,"Art of War":4,"PureWater":0,"Toxic Egg 2":4,"Sling":1,"Boot":3,"StrikeDummy":6,"Akabeko":4},{"Tiny House":0,"Golden Idol":17,"Art of War":22,"PureWater":0,"Toxic Egg 2":22,"Sling":5,"Boot":17,"StrikeDummy":30,"Akabeko":22}]},"card_choices":[{"not_picked":["ThirdEye","DeceiveReality"],"picked":"Adaptation","floor":0.0},{"not_picked":["PathToVictory","MentalFortress"],"picked":"Prostrate","floor":1.0},{"not_picked":["ClearTheMind","CarveReality"],"picked":"FollowUp","floor":5.0},{"not_picked":["Nirvana","WindmillStrike"],"picked":"SashWhip","floor":6.0},{"not_picked":["Sanctity","Wireheading"],"picked":"WheelKick","floor":8.0},{"not_picked":["ReachHeaven","FlurryOfBlows"],"picked":"Prostrate+1","floor":11.0},{"not_picked":["Indignation+1","EmptyBody+1"],"picked":"Halt+1","floor":12.0},{"not_picked":["WreathOfFlame+1","Establishment"],"picked":"BowlingBash","floor":14.0}],"player_experience":10409330,"relics_obtained":[{"floor":6.0,"key":"Boot"},{"floor":8.0,"key":"Art of War"},{"floor":9.0,"key":"Akabeko"},{"floor":12.0,"key":"StrikeDummy"}],"event_choices":[{"damage_healed":0.0,"max_hp_gain":0.0,"max_hp_loss":0.0,"gold_gain":150.0,"event_name":"Liars Game","player_choice":"AGREE","floor":2.0,"gold_loss":0.0,"damage_taken":0.0,"cards_obtained":["Doubt"]},{"damage_healed":0.0,"max_hp_gain":5.0,"max_hp_loss":0.0,"gold_gain":0.0,"event_name":"Big Fish","player_choice":"Donut","floor":3.0,"gold_loss":0.0,"damage_taken":0.0},{"damage_healed":0.0,"max_hp_gain":0.0,"max_hp_loss":7.0,"gold_gain":0.0,"event_name":"Golden Idol","player_choice":"Lose Max HP","floor":7.0,"gold_loss":0.0,"damage_taken":0.0,"relics_obtained":["Golden Idol"]},{"cards_removed":["Prostrate"],"damage_healed":0.0,"max_hp_gain":0.0,"max_hp_loss":0.0,"gold_gain":0.0,"event_name":"WeMeetAgain","player_choice":"Gave Card","floor":10.0,"gold_loss":0.0,"damage_taken":0.0,"relics_obtained":["Toxic Egg 2"]}],"is_beta":true,"boss_relics":[],"items_purged_floors":[4],"is_endless":false,"potions_floor_spawned":[11,12,14],"killed_by":"Hexaghost","ascension_level":20}}