{"host":"qjy62f5erwny7xxh","time":1612309347,"event":{"mods":["2.2 Compatiblity","AchievementEnabler","BaseMod","Colored Powertips","Curses Come First","DeckTracker","Minty Spire (QoL Compilation)","StSLib"],"gold_per_floor":[117,192,207,221,239,239,257,285,297,584,596,625,162,175,175,270,270,280,280,56,56,76,109,109,9,9,9,37,1,27,39,39,39,39],"floor_reached":33,"language":"ENG","playtime":1933,"items_purged":["Regret","Pain"],"score":487,"play_id":"1be5e142-6e35-4d83-8453-5ed053b78f71","local_time":"20210202234227","is_ascension_mode":true,"campfire_choices":[{"floor":6,"key":"REST"},{"data":"Defragment","floor":11,"key":"SMITH"},{"data":"Capacitor","floor":15,"key":"SMITH"},{"floor":24,"key":"REST"},{"floor":27,"key":"REST"},{"floor":32,"key":"REST"}],"circlet_count":0,"master_deck":["Strike_B","Strike_B","Strike_B","Strike_B","Defend_B","Defend_B","Defend_B","Defend_B","Zap","Dualcast","Electrodynamics","Consume","White Noise","Gash","Go for the Eyes","BootSequence","Defragment+1","Capacitor+1","Melter","Loop","Loop","Thunder Strike","Double Energy","Ghostly","Ghostly","Ghostly","Ghostly","Ghostly","Loop","Cold Snap+1","Fusion+1","Force Field+1","Storm+1","Stack+1"],"relics":["Cracked Core","MawBank","PreservedInsect","Pantograph","Black Star","Runic Capacitor","WarpedTongs","DataDisk","Cables","Question Card","Toxic Egg 2","Frozen Egg 2","Kunai","Bottled Lightning"],"acts_visited":["Exordium","TheCity"],"potions_floor_usage":[8,8,8,22,28,31],"damage_taken":[{"damage":1,"enemies":"Cultist","floor":1,"turns":4},{"damage":1,"enemies":"2 Louse","floor":3,"turns":2},{"damage":8,"enemies":"Jaw Worm","floor":4,"turns":4},{"damage":0,"enemies":"Lots of Slimes","floor":5,"turns":1},{"damage":11,"enemies":"Exordium Thugs","floor":7,"turns":4},{"damage":4,"enemies":"Gremlin Nob","floor":8,"turns":3},{"damage":9,"enemies":"Large Slime","floor":12,"turns":4},{"damage":20,"enemies":"Looter","floor":14,"turns":4},{"damage":38,"enemies":"Slime Boss","floor":16,"turns":6},{"damage":0,"enemies":"Spheric Guardian","floor":18,"turns":2},{"damage":0,"enemies":"2 Thieves","floor":22,"turns":5},{"damage":28,"enemies":"Gremlin Leader","floor":23,"turns":7},{"damage":11,"enemies":"Book of Stabbing","floor":28,"turns":4},{"damage":0,"enemies":"Gremlin Leader","floor":30,"turns":5},{"damage":8,"enemies":"Snake Plant","floor":31,"turns":5},{"damage":52,"enemies":"Automaton","floor":33,"turns":6}],"seed_played":"-2755531744284226721","potions_obtained":[{"floor":3,"key":"Block Potion"},{"floor":4,"key":"Regen Potion"},{"floor":5,"key":"DuplicationPotion"},{"floor":16,"key":"BlessingOfTheForge"},{"floor":18,"key":"GamblersBrew"},{"floor":30,"key":"Dexterity Potion"}],"is_trial":false,"path_per_floor":["M","?","M","M","M","R","M","E","T","?","R","M","$","M","R","B",null,"M","?","$","?","M","E","R","$","T","R","E","$","E","M","R","B"],"character_chosen":"DEFECT","items_purchased":["Pantograph","Melter","Loop","Runic Capacitor","Loop","Storm+1"],"campfire_rested":4,"item_purchase_floors":[13,13,13,20,20,29],"current_hp_per_floor":[67,56,55,47,47,69,58,63,63,63,63,54,54,34,34,21,62,62,37,37,37,37,9,20,20,20,31,20,20,20,12,23,0,0],"gold":39,"neow_bonus":"ONE_RANDOM_RARE_CARD","is_daily":false,"chose_seed":false,"campfire_upgraded":2,"win_rate":0.0,"timestamp":1612309347,"path_taken":["M","?","M","M","M","R","M","E","T","?","R","M","$","M","R","BOSS","M","?","$","?","?","E","R","$","T","R","E","$","E","M","R","BOSS"],"items_purchased_type":["Relic","Card","Card","Relic","Card","Card"],"build_version":"2020-12-22","purchased_purges":2,"victory":false,"max_hp_per_floor":[75,75,75,75,75,75,75,75,75,75,75,75,75,75,75,75,75,75,37,37,37,37,37,37,37,37,37,37,37,37,37,37,37,37],"card_choices":[{"not_picked":["Leap","Reinforced Body"],"picked":"Consume","floor":1},{"not_picked":["Stack","Hologram"],"picked":"White Noise","floor":3},{"not_picked":["Barrage","Darkness"],"picked":"Gash","floor":4},{"not_picked":["Darkness","Streamline"],"picked":"Go for the Eyes","floor":5},{"not_picked":["Streamline","Conserve Battery"],"picked":"BootSequence","floor":7},{"not_picked":["Ball Lightning","Rip and Tear"],"picked":"Defragment","floor":8},{"not_picked":["Leap","Heatsinks"],"picked":"Capacitor","floor":12},{"not_picked":["Turbo","Reinforced Body"],"picked":"Loop","floor":14},{"not_picked":["Creative AI","All For One"],"picked":"Thunder Strike","floor":16},{"not_picked":["Consume","Coolheaded"],"picked":"Double Energy","floor":18},{"not_picked":["Conserve Battery","Defragment"],"picked":"Cold Snap+1","floor":22},{"not_picked":["Chill+1","Double Energy+1"],"picked":"Fusion+1","floor":23},{"not_picked":["Redo+1","Cold Snap+1","Sunder"],"picked":"Force Field+1","floor":28},{"not_picked":["Leap+1","Streamline","Turbo+1","Sweeping Beam"],"picked":"SKIP","floor":30},{"not_picked":["Beam Cell+1","Rip and Tear","Genetic Algorithm+1"],"picked":"Stack+1","floor":31}],"player_experience":1040017,"relics_obtained":[{"floor":8,"key":"MawBank"},{"floor":9,"key":"PreservedInsect"},{"floor":23,"key":"DataDisk"},{"floor":23,"key":"Cables"},{"floor":26,"key":"Question Card"},{"floor":28,"key":"Toxic Egg 2"},{"floor":28,"key":"Frozen Egg 2"},{"floor":30,"key":"Kunai"},{"floor":30,"key":"Bottled Lightning"}],"event_choices":[{"damage_healed":0,"gold_gain":75,"player_choice":"Gather Gold","damage_taken":11,"max_hp_gain":0,"max_hp_loss":0,"event_name":"World of Goop","floor":2,"gold_loss":0},{"damage_healed":0,"gold_gain":275,"player_choice":"Desecrate","damage_taken":0,"max_hp_gain":0,"max_hp_loss":0,"event_name":"Golden Shrine","floor":10,"gold_loss":0,"cards_obtained":["Regret"]},{"damage_healed":0,"gold_gain":0,"player_choice":"Became a Ghost","damage_taken":0,"max_hp_gain":0,"max_hp_loss":38,"event_name":"Ghosts","floor":19,"gold_loss":0,"cards_obtained":["Ghostly","Ghostly","Ghostly","Ghostly","Ghostly"]},{"damage_healed":0,"gold_gain":0,"player_choice":"Rummage","damage_taken":0,"relics_obtained":["WarpedTongs"],"max_hp_gain":0,"max_hp_loss":0,"event_name":"Accursed Blacksmith","floor":21,"gold_loss":0,"cards_obtained":["Pain"]}],"is_beta":false,"boss_relics":[{"not_picked":["Cursed Key","Ectoplasm"],"picked":"Black Star"}],"items_purged_floors":[13,25],"is_endless":false,"potions_floor_spawned":[3,4,5,16,18,30],"killed_by":"Automaton","ascension_level":8}}