{"host":"8lno9xwgef3sjccz","time":1612300215,"event":{"mods":["AchievementEnabler","BaseMod","Minty Spire (QoL Compilation)","Relic Stats"],"gold_per_floor":[119,138,151,168,168,168,198,210,234,234,252,252,252],"floor_reached":12,"language":"ENG","playtime":515,"items_purged":[],"score":103,"play_id":"c301721d-405e-4a7f-b7ed-b348af55ba0d","local_time":"20210202161015","is_ascension_mode":true,"campfire_choices":[],"circlet_count":0,"master_deck":["Strike_R","Strike_R","Strike_R","Defend_R","Defend_R","Defend_R","Bash","Iron Wave","Pommel Strike","Dark Embrace","Cleave","Impervious","Feel No Pain","Clothesline","Whirlwind"],"relics":["Burning Blood","Bird Faced Urn","Bag of Marbles"],"acts_visited":["Exordium"],"potions_floor_usage":[7,7],"damage_taken":[{"damage":6,"enemies":"Jaw Worm","floor":1,"turns":4},{"damage":0,"enemies":"Small Slimes","floor":2,"turns":3},{"damage":1,"enemies":"Cultist","floor":3,"turns":3},{"damage":16,"enemies":"Blue Slaver","floor":4,"turns":4},{"damage":28,"enemies":"Gremlin Nob","floor":7,"turns":6},{"damage":17,"enemies":"Looter","floor":8,"turns":3},{"damage":0,"enemies":"3 Louse","floor":11,"turns":1},{"damage":48,"enemies":"Lagavulin","floor":12,"turns":8}],"seed_played":"7352052589033564760","potions_obtained":[{"floor":2,"key":"SkillPotion"},{"floor":4,"key":"Fire Potion"},{"floor":7,"key":"Ancient Potion"}],"is_trial":false,"path_per_floor":["M","M","M","M","?","?","E","M","T","?","M","E"],"character_chosen":"IRONCLAD","items_purchased":[],"campfire_rested":0,"item_purchase_floors":[],"current_hp_per_floor":[80,80,80,70,70,63,41,30,30,30,36,0,0],"gold":252,"neow_bonus":"TRANSFORM_CARD","is_daily":false,"chose_seed":false,"campfire_upgraded":0,"win_rate":0.0,"timestamp":1612300215,"path_taken":["M","M","M","M","?","?","E","M","T","?","M","E"],"items_purchased_type":[],"build_version":"2020-12-22","purchased_purges":0,"victory":false,"max_hp_per_floor":[80,80,80,80,80,80,80,80,80,80,80,80,80],"relic_stats":{"counters":[8,32],"Bird Faced Urn":[0],"obtain_stats":[{"Bird Faced Urn":7,"Bag of Marbles":9,"Burning Blood":0},{"Bird Faced Urn":5,"Bag of Marbles":6,"Burning Blood":0},{"Bird Faced Urn":20,"Bag of Marbles":23,"Burning Blood":0}],"Burning Blood":31},"card_choices":[{"not_picked":["Clothesline","Clash"],"picked":"Pommel Strike","floor":1},{"not_picked":["Pommel Strike","Bloodletting"],"picked":"Dark Embrace","floor":2},{"not_picked":["Headbutt","Pommel Strike"],"picked":"Cleave","floor":3},{"not_picked":["Heavy Blade","Sword Boomerang"],"picked":"Impervious","floor":4},{"not_picked":["Rupture","Blood for Blood"],"picked":"Feel No Pain","floor":7},{"not_picked":["Rage","Evolve"],"picked":"Clothesline","floor":8},{"not_picked":["Warcry","Pommel Strike"],"picked":"Whirlwind","floor":11}],"player_experience":97264,"relics_obtained":[{"floor":7,"key":"Bird Faced Urn"},{"floor":9,"key":"Bag of Marbles"}],"event_choices":[{"damage_healed":0,"gold_gain":0,"player_choice":"Ignored","damage_taken":0,"max_hp_gain":0,"max_hp_loss":0,"event_name":"Golden Idol","floor":5,"gold_loss":0},{"cards_removed":["Strike_R"],"damage_healed":0,"gold_gain":0,"player_choice":"Card Removal","damage_taken":7,"max_hp_gain":0,"max_hp_loss":0,"event_name":"Golden Wing","floor":6,"gold_loss":0},{"cards_removed":["Defend_R"],"damage_healed":0,"gold_gain":0,"player_choice":"Purged","damage_taken":0,"max_hp_gain":0,"max_hp_loss":0,"event_name":"Purifier","floor":10,"gold_loss":0}],"is_beta":false,"boss_relics":[],"items_purged_floors":[],"is_endless":false,"potions_floor_spawned":[2,4,7],"killed_by":"Lagavulin","ascension_level":5}}