{"host":"50per11302020","time":1612255345,"event":{"mods":["AchievementEnabler","BaseMod","Colored Map","Minty Spire (QoL Compilation)","Relic Stats","StSLib"],"gold_per_floor":[99,99,99,1,1,1,1,1,1,1,1,1,1,1,1,1,1,0,0,0,0,0,0,0,0,0,0,0,0,0,0,0,0,0,0,0,0,0,0,0,0,0,0,0,0,0,0,0,0,0,0,0],"floor_reached":51,"language":"ENG","playtime":3729,"items_purged":[],"score":1707,"play_id":"4e9b2e32-41cd-46f1-adb9-e0a432b6c9fc","local_time":"20210202004225","is_ascension_mode":true,"campfire_choices":[{"data":"Sunder","floor":6.0,"key":"SMITH"},{"data":"Self Repair","floor":10.0,"key":"SMITH"},{"floor":13.0,"key":"REST"},{"data":"Fission","floor":15.0,"key":"SMITH"},{"floor":24.0,"key":"REST"},{"data":"Creative AI","floor":28.0,"key":"SMITH"},{"floor":30.0,"key":"REST"},{"floor":32.0,"key":"REST"},{"data":"Stack","floor":40.0,"key":"SMITH"},{"floor":42.0,"key":"REST"},{"data":"Seek","floor":49.0,"key":"SMITH"}],"circlet_count":0,"master_deck":["AscendersBane","Strike_B","Strike_B","Strike_B","Defend_B","Defend_B","Defend_B","Zap","Dualcast","Tempest","Multi-Cast","Rebound","Bandage Up","Sunder+1","Self Repair+1","Creative AI+1","Force Field","Conserve Battery","Fission+1","Core Surge","Storm+1","Conserve Battery+1","Steam Power+1","Meteor Strike+1","Heatsinks+1","Loop+1","Stack+1","Biased Cognition+1","Storm+1","Capacitor+1","Madness","Madness","Thunder Strike+1","Seek+1","Creative AI+1"],"relics":["Ectoplasm","Bronze Scales","Lantern","Bag of Preparation","FossilizedHelix","Black Star","TungstenRod","Frozen Egg 2","Shuriken","Omamori","Ornamental Fan","Cursed Key","Red Mask","Pocketwatch","Akabeko","Meat on the Bone","Darkstone Periapt","Nunchaku","Ice Cream","Whetstone","Oddly Smooth Stone"],"acts_visited":["TheCity","TheBeyond"],"potions_floor_usage":[51],"damage_taken":[{"damage":2.0,"enemies":"Jaw Worm","floor":1.0,"turns":3.0},{"damage":1.0,"enemies":"Cultist","floor":3.0,"turns":3.0},{"damage":2.0,"enemies":"2 Louse","floor":5.0,"turns":2.0},{"damage":20.0,"enemies":"Lagavulin","floor":7.0,"turns":5.0},{"damage":18.0,"enemies":"Red Slaver","floor":8.0,"turns":3.0},{"damage":25.0,"enemies":"3 Sentries","floor":11.0,"turns":6.0},{"damage":8.0,"enemies":"Blue Slaver","floor":12.0,"turns":4.0},{"damage":20.0,"enemies":"Lagavulin","floor":14.0,"turns":6.0},{"damage":0.0,"enemies":"Slime Boss","floor":16.0,"turns":7.0},{"damage":10.0,"enemies":"2 Thieves","floor":18.0,"turns":4.0},{"damage":18.0,"enemies":"Shell Parasite","floor":20.0,"turns":4.0},{"damage":16.0,"enemies":"Snake Plant","floor":21.0,"turns":2.0},{"damage":6.0,"enemies":"Chosen and Byrds","floor":22.0,"turns":4.0},{"damage":23.0,"enemies":"Book of Stabbing","floor":23.0,"turns":4.0},{"damage":0.0,"enemies":"Snecko","floor":25.0,"turns":5.0},{"damage":49.0,"enemies":"Gremlin Leader","floor":29.0,"turns":8.0},{"damage":35.0,"enemies":"Centurion and Healer","floor":31.0,"turns":6.0},{"damage":51.0,"enemies":"Automaton","floor":33.0,"turns":9.0},{"damage":0.0,"enemies":"3 Shapes","floor":35.0,"turns":4.0},{"damage":9.0,"enemies":"3 Darklings","floor":36.0,"turns":4.0},{"damage":0.0,"enemies":"Mind Bloom Boss Battle","floor":39.0,"turns":2.0},{"damage":40.0,"enemies":"Reptomancer","floor":41.0,"turns":4.0},{"damage":0.0,"enemies":"Giant Head","floor":45.0,"turns":5.0},{"damage":0.0,"enemies":"Reptomancer","floor":48.0,"turns":3.0},{"damage":57.0,"enemies":"Donu and Deca","floor":50.0,"turns":5.0},{"damage":54,"enemies":"Awakened One","floor":51,"turns":4}],"seed_played":"8161380505753268917","potions_obtained":[{"floor":3.0,"key":"Swift Potion"},{"floor":5.0,"key":"FocusPotion"},{"floor":7.0,"key":"GamblersBrew"},{"floor":14.0,"key":"Weak Potion"},{"floor":20.0,"key":"GamblersBrew"},{"floor":22.0,"key":"DistilledChaos"},{"floor":25.0,"key":"Ancient Potion"},{"floor":31.0,"key":"SpeedPotion"},{"floor":35.0,"key":"EntropicBrew"},{"floor":39.0,"key":"CultistPotion"},{"floor":41.0,"key":"EssenceOfDarkness"}],"is_trial":false,"path_per_floor":["M","?","M","$","M","R","E","M","T","R","E","M","R","E","R","B",null,"M","?","M","M","M","E","R","M","T","?","R","E","R","M","R","B",null,"M","M","?","?","?","R","E","R","T","$","E","$","?","E","R","B","B"],"character_chosen":"DEFECT","items_purchased":["Bandage Up"],"campfire_rested":5,"item_purchase_floors":[4],"current_hp_per_floor":[62,62,61,61,63,63,47,40,40,40,29,35,56,50,50,64,69,71,71,63,51,49,40,61,71,71,71,71,36,57,36,57,20,58,71,71,71,59,59,59,33,54,54,54,68,68,68,71,71,40,0,0],"gold":0,"neow_bonus":"BOSS_RELIC","is_daily":false,"chose_seed":false,"campfire_upgraded":6,"win_rate":0.0,"timestamp":1612255345,"path_taken":["M","?","M","?","?","R","E","M","T","R","E","M","R","E","R","BOSS","M","?","M","M","M","E","R","?","T","?","R","E","R","M","R","BOSS","M","M","?","?","?","R","E","R","T","?","E","?","?","E","R","BOSS","BOSS"],"items_purchased_type":["Card"],"build_version":"2020-12-18","purchased_purges":0,"victory":false,"max_hp_per_floor":[71,71,71,71,71,71,71,71,71,71,71,71,71,71,71,71,71,71,71,71,71,71,71,71,71,71,71,71,71,71,71,71,71,71,71,71,71,71,71,71,71,71,71,71,71,71,71,71,71,71,71,71],"relic_stats":{"Darkstone Periapt":0,"counters":[26,116],"Bag of Preparation":[40],"Whetstone":["Thunder Strike","Meteor Strike"],"Cursed Key":1,"Nunchaku":[1],"Shuriken":[4],"Ornamental Fan":[16],"Bronze Scales":[273],"Ectoplasm":633,"Black Star":5,"obtain_stats":[{"Darkstone Periapt":43,"Ice Cream":45,"Lantern":9,"Oddly Smooth Stone":48,"Bag of Preparation":11,"Omamori":29,"Whetstone":48,"Frozen Egg 2":23,"Cursed Key":34,"Akabeko":41,"Nunchaku":45,"Shuriken":26,"Ornamental Fan":29,"Bronze Scales":7,"Ectoplasm":0,"Black Star":17,"Red Mask":37,"Cracked Core":0,"FossilizedHelix":14,"TungstenRod":23,"Pocketwatch":39,"Meat on the Bone":41},{"Darkstone Periapt":22,"Ice Cream":23,"Lantern":5,"Oddly Smooth Stone":24,"Bag of Preparation":6,"Omamori":16,"Whetstone":24,"Frozen Egg 2":14,"Cursed Key":18,"Akabeko":22,"Nunchaku":23,"Shuriken":15,"Ornamental Fan":16,"Bronze Scales":4,"Ectoplasm":0,"Black Star":9,"Red Mask":20,"Cracked Core":0,"FossilizedHelix":8,"TungstenRod":14,"Pocketwatch":21,"Meat on the Bone":22},{"Darkstone Periapt":99,"Ice Cream":104,"Lantern":16,"Oddly Smooth Stone":107,"Bag of Preparation":22,"Omamori":70,"Whetstone":107,"Frozen Egg 2":57,"Cursed Key":85,"Akabeko":99,"Nunchaku":104,"Shuriken":62,"Ornamental Fan":70,"Bronze Scales":13,"Ectoplasm":0,"Black Star":39,"Red Mask":93,"Cracked Core":0,"FossilizedHelix":32,"TungstenRod":57,"Pocketwatch":95,"Meat on the Bone":99}],"TungstenRod":27,"Pocketwatch":[3],"Meat on the Bone":12},"card_choices":[{"not_picked":["Streamline","Recycle"],"picked":"Tempest","floor":1.0},{"not_picked":["Sweeping Beam","Hologram"],"picked":"Rebound","floor":3.0},{"not_picked":["Beam Cell","Hologram"],"picked":"Sunder","floor":5.0},{"not_picked":["Leap","Turbo"],"picked":"Self Repair","floor":7.0},{"not_picked":["Lockon","Streamline"],"picked":"Creative AI","floor":8.0},{"not_picked":["Darkness","Cold Snap"],"picked":"Force Field","floor":11.0},{"not_picked":["Hologram","Turbo"],"picked":"Conserve Battery","floor":12.0},{"not_picked":["Turbo","Sunder"],"picked":"Fission","floor":14.0},{"not_picked":["Fission","Buffer"],"picked":"Core Surge","floor":16.0},{"not_picked":["Auto Shields","Fusion+1"],"picked":"Storm+1","floor":18.0},{"not_picked":["Leap","Gash","Beam Cell"],"picked":"SKIP","floor":20.0},{"not_picked":["Sweeping Beam","Aggregate"],"picked":"Conserve Battery+1","floor":21.0},{"not_picked":["Recycle","Hello World","Leap"],"picked":"SKIP","floor":22.0},{"not_picked":["Reprogram","Fusion"],"picked":"Steam Power+1","floor":23.0},{"not_picked":["Reinforced Body","Stack"],"picked":"Meteor Strike","floor":25.0},{"not_picked":["Streamline","Genetic Algorithm"],"picked":"Loop+1","floor":29.0},{"not_picked":["Barrage+1","Steam"],"picked":"Stack","floor":31.0},{"not_picked":["Rainbow","Electrodynamics+1"],"picked":"Biased Cognition+1","floor":33.0},{"not_picked":["FTL+1","Beam Cell+1"],"picked":"Storm+1","floor":35.0},{"not_picked":["Rebound+1","Gash+1"],"picked":"Capacitor+1","floor":36.0},{"not_picked":["Genetic Algorithm","Streamline"],"picked":"Thunder Strike","floor":39.0},{"not_picked":["Hologram","Rip and Tear","Blizzard+1"],"picked":"SKIP","floor":41.0},{"not_picked":["Self Repair+1","Aggregate"],"picked":"Seek","floor":45.0},{"not_picked":["Compile Driver","Turbo"],"picked":"Creative AI+1","floor":48.0}],"player_experience":408368,"relics_obtained":[{"floor":7.0,"key":"Bronze Scales"},{"floor":9.0,"key":"Lantern"},{"floor":11.0,"key":"Bag of Preparation"},{"floor":14.0,"key":"FossilizedHelix"},{"floor":23.0,"key":"TungstenRod"},{"floor":23.0,"key":"Frozen Egg 2"},{"floor":26.0,"key":"Shuriken"},{"floor":29.0,"key":"Omamori"},{"floor":29.0,"key":"Ornamental Fan"},{"floor":39.0,"key":"Pocketwatch"},{"floor":41.0,"key":"Akabeko"},{"floor":41.0,"key":"Meat on the Bone"},{"floor":43.0,"key":"Darkstone Periapt"},{"floor":45.0,"key":"Nunchaku"},{"floor":45.0,"key":"Ice Cream"},{"floor":48.0,"key":"Whetstone"},{"floor":48.0,"key":"Oddly Smooth Stone"}],"event_choices":[{"damage_healed":0.0,"max_hp_gain":0.0,"max_hp_loss":0.0,"gold_gain":0.0,"cards_transformed":["Strike_B"],"event_name":"Transmorgrifier","player_choice":"Transformed","floor":2.0,"gold_loss":0.0,"damage_taken":0.0,"cards_obtained":["Multi-Cast"]},{"damage_healed":0.0,"max_hp_gain":0.0,"max_hp_loss":0.0,"gold_gain":0.0,"event_name":"N\u0027loth","player_choice":"Ignored","floor":19.0,"gold_loss":0.0,"damage_taken":0.0},{"damage_healed":0.0,"max_hp_gain":0.0,"max_hp_loss":0.0,"gold_gain":0.0,"event_name":"The Library","player_choice":"Read","floor":27.0,"gold_loss":0.0,"damage_taken":0.0,"cards_obtained":["Heatsinks"]},{"damage_healed":0.0,"max_hp_gain":0.0,"max_hp_loss":0.0,"gold_gain":0.0,"event_name":"Tomb of Lord Red Mask","player_choice":"Paid","floor":37.0,"gold_loss":0.0,"damage_taken":0.0,"relics_obtained":["Red Mask"]},{"damage_healed":0.0,"max_hp_gain":0.0,"max_hp_loss":0.0,"gold_gain":0.0,"event_name":"Winding Halls","player_choice":"Embrace Madness","floor":38.0,"gold_loss":0.0,"damage_taken":13.0,"cards_obtained":["Madness","Madness"]},{"damage_healed":0.0,"max_hp_gain":0.0,"max_hp_loss":0.0,"gold_gain":0.0,"event_name":"MindBloom","player_choice":"Fight","floor":39.0,"gold_loss":0.0,"damage_taken":0.0},{"cards_removed":["Defend_B"],"damage_healed":0.0,"max_hp_gain":0.0,"max_hp_loss":0.0,"gold_gain":0.0,"event_name":"Falling","player_choice":"Removed Skill","floor":47.0,"gold_loss":0.0,"damage_taken":0.0}],"is_beta":true,"boss_relics":[{"not_picked":["Runic Dome","Busted Crown"],"picked":"Black Star"},{"not_picked":["Coffee Dripper","Sozu"],"picked":"Cursed Key"}],"items_purged_floors":[],"is_endless":false,"potions_floor_spawned":[3,5,7,14,20,22,25,31,33,35,39,41],"killed_by":"Awakened One","ascension_level":20}}