{"host":"ayh4nqhr0ddw4ozv","time":1612246848,"event":{"mods":["BaseMod","Minty Spire (QoL Compilation)","Relic Stats","Replay The Spire","Robot Space Explorer","StSLib"],"gold_per_floor":[113,129,129,129,0,27,27,62,62,88,88,99,99,117,117,214,214,234,253,253,270,285,285,317,4,4,4,4,36,36,55,55,159,209,219,219,219,229,129,155,155,189,238,238,270,270,295,295,295,295,295,295,72,105,105,105],"floor_reached":55,"language":"ENG","playtime":3309,"items_purged":["Strike_B","Strike_B"],"score":1613,"play_id":"c06658e5-8d5a-4d95-aabe-506562a4735c","local_time":"20210201222048","is_ascension_mode":true,"campfire_choices":[{"data":"ReplayTheSpireMod:Omega Cannon","floor":7,"key":"SMITH"},{"data":"1","floor":11,"key":"LIFT"},{"data":"2","floor":13,"key":"LIFT"},{"data":"3","floor":15,"key":"LIFT"},{"data":"Hologram","floor":23,"key":"SMITH"},{"data":"Ghostly","floor":28,"key":"SMITH"},{"data":"Ghostly","floor":32,"key":"SMITH"},{"data":"Buffer","floor":41,"key":"SMITH"},{"floor":44,"key":"RECALL"},{"data":"Blind","floor":46,"key":"SMITH"},{"floor":52,"key":"DIG"}],"circlet_count":0,"master_deck":["AscendersBane","Strike_B","Strike_B","Defend_B","Defend_B","Defend_B","Defend_B","Zap","Dualcast","BasicCrystalCard","Doom and Gloom+1","ReplayTheSpireMod:Omega Cannon+1","Hologram+1","Undo","Turbo","Chill","Auto Shields","Echo Form","Reprogram+1","Conserve Battery+1","Skim+1","Core Surge","Coolheaded+1","Ghostly+1","Ghostly+1","Ghostly","Ghostly","Ghostly","Buffer+1","Steam","Blind+1","Finesse","Beam Cell","ReplayTheSpireMod:Faulty Equipment","Capacitor","Barrage+1"],"relics":["Cracked Core","Pet Ghost","Girya","Mummified Hand","Tiny Chest","Replay:Towering Pillar of Hats","Odd Mushroom","Sozu","InkBottle","HornCleat","Replay:Bottled Snecko","Carrot","Lantern","Tiny House","Shovel","Counterbalance","Replay:Antivirus Software","Replay:Rubber Ducky","Blood Vial","Ring of Fury","Ring of Panic","Snack Pack","OrangePellets","Sundial"],"acts_visited":["Exordium","TheCity","TheBeyond","TheEnding"],"potions_floor_usage":[6,55,55],"damage_taken":[{"damage":7,"enemies":"Small Slimes","floor":1,"turns":3},{"damage":0,"enemies":"2 Louse","floor":2,"turns":2},{"damage":18,"enemies":"Gremlin Nob","floor":6,"turns":3},{"damage":7,"enemies":"3 Sentries","floor":8,"turns":3},{"damage":0,"enemies":"The Mushroom Lair","floor":10,"turns":1},{"damage":0,"enemies":"Jaw Worm","floor":12,"turns":3},{"damage":1,"enemies":"Lots of Slimes","floor":14,"turns":2},{"damage":11,"enemies":"The Guardian","floor":16,"turns":9},{"damage":0,"enemies":"Chosen","floor":18,"turns":3},{"damage":14,"enemies":"2 Thieves","floor":19,"turns":3},{"damage":2,"enemies":"3 Cultists","floor":21,"turns":4},{"damage":0,"enemies":"Chosen and Byrds","floor":22,"turns":4},{"damage":14,"enemies":"Book of Stabbing","floor":24,"turns":5},{"damage":0,"enemies":"Slavers","floor":29,"turns":3},{"damage":0,"enemies":"Cultist and Chosen","floor":31,"turns":6},{"damage":0,"enemies":"Collector","floor":33,"turns":10},{"damage":0,"enemies":"3 Darklings","floor":35,"turns":3},{"damage":3,"enemies":"Orb Walker","floor":38,"turns":4},{"damage":0,"enemies":"Reptomancer","floor":40,"turns":6},{"damage":0,"enemies":"R_Hoarder","floor":42,"turns":10},{"damage":0,"enemies":"Nemesis","floor":45,"turns":9},{"damage":0,"enemies":"Giant Head","floor":47,"turns":9},{"damage":7,"enemies":"Awakened One","floor":50,"turns":14},{"damage":0,"enemies":"Shield and Spear","floor":54,"turns":6},{"damage":44,"enemies":"The Heart","floor":55,"turns":7}],"seed_played":"7506187675020756133","potions_obtained":[{"floor":2,"key":"Strength Potion"},{"floor":10,"key":"Explosive Potion"},{"floor":16,"key":"Flashbang"}],"is_trial":false,"path_per_floor":["M","M","?","?","$","E","R","E","T","?","R","M","R","M","R","B",null,"M","M","T","M","M","R","E","$","T","?","R","E","?","M","R","B",null,"M","T","?","M","$","E","R","E","T","R","E","R","E","?","R","B",null,"R","$","E","B"],"character_chosen":"DEFECT","items_purchased":["ReplayTheSpireMod:Omega Cannon","Hologram","Replay:Bottled Snecko","OrangePellets","Capacitor"],"campfire_rested":0,"item_purchase_floors":[5,5,25,53,53],"current_hp_per_floor":[61,61,61,61,61,43,43,36,36,36,36,36,36,35,35,24,62,62,48,48,46,46,46,32,32,32,32,32,32,32,32,32,32,41,41,41,36,33,33,33,33,33,33,33,33,33,33,33,42,35,40,40,40,42,0,0],"gold":105,"neow_bonus":"RANDOM_COMMON_RELIC","is_daily":false,"chose_seed":false,"campfire_upgraded":6,"win_rate":0.0,"timestamp":1612246848,"path_taken":["M","M","?","?","$","E","R","E","T","?","R","?","R","M","R","BOSS","M","?","?","M","?","R","E","$","T","?","R","E","?","M","R","BOSS","M","?","?","M","?","E","R","E","T","R","E","R","E","?","R","BOSS","R","$","E","BOSS"],"items_purchased_type":["Card","Card","Relic","Relic","Card"],"build_version":"2020-12-22","purchased_purges":2,"victory":false,"max_hp_per_floor":[75,75,75,75,75,75,75,75,75,75,75,75,75,75,75,75,75,75,75,75,75,75,75,75,75,75,37,37,37,37,37,37,37,42,42,42,42,42,42,42,42,42,42,42,42,42,42,42,42,42,42,42,42,42,42,42],"relic_stats":{"Sozu":9,"Blood Vial":2,"OrangePellets":[3],"Shovel":1,"counters":[25,132],"Mummified Hand":[37],"Sundial":[0],"Tiny Chest":2,"obtain_stats":[{"Girya":3,"Carrot":26,"Lantern":29,"Tiny House":34,"Replay:Towering Pillar of Hats":9,"Counterbalance":42,"Odd Mushroom":10,"Pet Ghost":0,"Replay:Rubber Ducky":45,"Sozu":17,"Blood Vial":47,"OrangePellets":53,"HornCleat":24,"Shovel":40,"Mummified Hand":6,"Sundial":54,"Tiny Chest":8,"Ring of Fury":48,"Snack Pack":52,"Replay:Bottled Snecko":25,"Replay:Antivirus Software":43,"Ring of Panic":48,"Cracked Core":0,"InkBottle":20},{"Girya":2,"Carrot":13,"Lantern":14,"Tiny House":16,"Replay:Towering Pillar of Hats":4,"Counterbalance":20,"Odd Mushroom":5,"Pet Ghost":0,"Replay:Rubber Ducky":21,"Sozu":8,"Blood Vial":22,"OrangePellets":23,"HornCleat":13,"Shovel":19,"Mummified Hand":3,"Sundial":24,"Tiny Chest":4,"Ring of Fury":22,"Snack Pack":23,"Replay:Bottled Snecko":13,"Replay:Antivirus Software":20,"Ring of Panic":22,"Cracked Core":0,"InkBottle":10},{"Girya":5,"Carrot":45,"Lantern":48,"Tiny House":64,"Replay:Towering Pillar of Hats":11,"Counterbalance":87,"Odd Mushroom":12,"Pet Ghost":0,"Replay:Rubber Ducky":96,"Sozu":26,"Blood Vial":105,"OrangePellets":119,"HornCleat":45,"Shovel":77,"Mummified Hand":8,"Sundial":125,"Tiny Chest":11,"Ring of Fury":105,"Snack Pack":119,"Replay:Bottled Snecko":45,"Replay:Antivirus Software":87,"Ring of Panic":105,"Cracked Core":0,"InkBottle":32}],"InkBottle":[45]},"card_choices":[{"not_picked":["Recycle","Panic Button"],"picked":"BasicCrystalCard","floor":1},{"not_picked":["Streamline","Panic Button"],"picked":"Doom and Gloom","floor":2},{"not_picked":["Go for the Eyes","Leap"],"picked":"Undo","floor":6},{"not_picked":["BasicCrystalCard","Coolheaded","Cold Snap"],"picked":"SKIP","floor":8},{"not_picked":["Panic Button","Ball Lightning"],"picked":"Turbo","floor":10},{"not_picked":["Barrage","Rebound"],"picked":"Chill","floor":12},{"not_picked":["Coolheaded","Barrage"],"picked":"Auto Shields","floor":14},{"not_picked":["Meteor Strike","Electrodynamics"],"picked":"Echo Form","floor":16},{"not_picked":["Turbo","Ball Lightning+1"],"picked":"Reprogram","floor":18},{"not_picked":["Barrage","Ball Lightning"],"picked":"Conserve Battery+1","floor":19},{"not_picked":["Leap","Compile Driver"],"picked":"Skim+1","floor":21},{"not_picked":["Redo","Beam Cell"],"picked":"Core Surge","floor":22},{"not_picked":["Auto Shields","Double Energy+1"],"picked":"Coolheaded+1","floor":24},{"not_picked":["Consume","Thunder Strike","BootSequence"],"picked":"SKIP","floor":29},{"not_picked":["Cold Snap","Turbo","Consume+1"],"picked":"SKIP","floor":31},{"not_picked":["Creative AI","Machine Learning"],"picked":"Buffer","floor":33},{"not_picked":["BasicCrystalCard","Panic Button"],"picked":"Steam","floor":34},{"not_picked":["Skim+1","Leap","Coolheaded"],"picked":"SKIP","floor":35},{"not_picked":["Survey Options","Bandage Up"],"picked":"Blind","floor":37},{"not_picked":["Midas Touch","Thinking Ahead"],"picked":"Finesse","floor":37},{"not_picked":["Reinforced Body+1","Sweeping Beam","Barrage"],"picked":"SKIP","floor":38},{"not_picked":["ReplayGash","Chill","Panic Button"],"picked":"SKIP","floor":40},{"not_picked":["Go for the Eyes+1","Streamline","Crystallizer"],"picked":"SKIP","floor":42},{"not_picked":["Hello World","ReplayGash"],"picked":"Beam Cell","floor":45},{"not_picked":["Ball Lightning","BootSequence+1","Coolheaded"],"picked":"SKIP","floor":47},{"not_picked":["Redo","Turbo"],"picked":"Barrage+1","floor":54}],"player_experience":412953,"relics_obtained":[{"floor":6,"key":"Mummified Hand"},{"floor":8,"key":"Tiny Chest"},{"floor":9,"key":"Replay:Towering Pillar of Hats"},{"floor":10,"key":"Odd Mushroom"},{"floor":20,"key":"InkBottle"},{"floor":24,"key":"HornCleat"},{"floor":26,"key":"Carrot"},{"floor":29,"key":"Lantern"},{"floor":40,"key":"Shovel"},{"floor":42,"key":"Counterbalance"},{"floor":43,"key":"Replay:Antivirus Software"},{"floor":45,"key":"Replay:Rubber Ducky"},{"floor":47,"key":"Blood Vial"},{"floor":48,"key":"Ring of Fury"},{"floor":48,"key":"Ring of Panic"},{"floor":52,"key":"Snack Pack"},{"floor":54,"key":"Sundial"}],"event_choices":[{"damage_healed":0,"gold_gain":0,"player_choice":"Box","damage_taken":0,"relics_obtained":["Girya"],"max_hp_gain":0,"max_hp_loss":0,"event_name":"Big Fish","floor":3,"gold_loss":0,"cards_obtained":["Regret"]},{"cards_removed":["Regret"],"damage_healed":0,"gold_gain":0,"player_choice":"Forget","damage_taken":0,"max_hp_gain":0,"max_hp_loss":0,"event_name":"Living Wall","floor":4,"gold_loss":0},{"damage_healed":0,"gold_gain":0,"player_choice":"Fought Mushrooms","damage_taken":0,"max_hp_gain":0,"max_hp_loss":0,"event_name":"Mushrooms","floor":10,"gold_loss":0},{"damage_healed":0,"gold_gain":0,"player_choice":"Became a Ghost","damage_taken":0,"max_hp_gain":0,"max_hp_loss":38,"event_name":"Ghosts","floor":27,"gold_loss":0,"cards_obtained":["Ghostly","Ghostly","Ghostly","Ghostly","Ghostly"]},{"damage_healed":0,"gold_gain":0,"player_choice":"Ignored","damage_taken":0,"max_hp_gain":0,"max_hp_loss":0,"event_name":"Vampires","floor":30,"gold_loss":0},{"damage_healed":0,"gold_gain":0,"player_choice":"Memory 2","damage_taken":5,"max_hp_gain":0,"max_hp_loss":0,"event_name":"SensoryStone","floor":37,"gold_loss":0}],"is_beta":false,"boss_relics":[{"not_picked":["ChewingGum","SlaversCollar"],"picked":"Sozu"},{"not_picked":["Snecko Heart","Painkiller Herb"],"picked":"Tiny House"}],"items_purged_floors":[25,39],"is_endless":false,"potions_floor_spawned":[2,10,16,21,24,29,31,33,35,45,47],"killed_by":"The Heart","ascension_level":12}}