{"host":"362zhnvmfmhc3u7b","time":1612245615,"event":{"mods":["BaseMod","Colored Powertips","Downfall","Minty Spire (QoL Compilation)","Quick Restart","Rare Cards Sparkle","StSLib"],"gold_per_floor":[199,218,238,388,50,50,50,50,66,96,112,112,112,112,127,204,204,4,24,44,44,94,94,94,94,111,111,13,32,58,77,88,88,88,88],"floor_reached":33,"language":"ENG","playtime":2059,"items_purged":["Doubt"],"score":534,"play_id":"94979fc7-56aa-4ebc-a7e3-fc42dcfe078e","local_time":"20210202010015","is_ascension_mode":true,"campfire_choices":[{"floor":1,"key":"RECALL"},{"data":"Guardian:SentryBeam","floor":6,"key":"SMITH"},{"data":"Guardian:TwinSlam","floor":8,"key":"SMITH"},{"data":"Guardian:BaubleBeam","floor":18,"key":"SMITH"},{"data":"Guardian:TemporalShield","floor":23,"key":"SMITH"},{"data":"Guardian:CurlUp","floor":25,"key":"SMITH"}],"circlet_count":0,"master_deck":["AscendersBane","Guardian:Strike_Guardian","Guardian:Strike_Guardian","Guardian:Defend_Guardian","Guardian:Defend_Guardian","Guardian:Defend_Guardian","Guardian:Defend_Guardian","Guardian:CurlUp+1","Guardian:TwinSlam+1","Guardian:Incinerate","Guardian:TemporalShield+1","Guardian:SentryBeam+1","Guardian:Orbwalk","Guardian:BaubleBeam+1","Guardian:RollAttack+1","Guardian:Planning+1","Guardian:Recover","Guardian:RollAttack","Guardian:SpikerProtocol+1","Guardian:EvasiveProtocol","Guardian:Repulse","Guardian:Recover","Guardian:PiercingHide","Guardian:Gem_Lightblue"],"relics":["Guardian:ModeShifter","PreservedInsect","Omamori","Nunchaku","Snecko Eye","downfall:HeartBlessingRed","downfall:HeartBlessingGreen","Oddly Smooth Stone","Meat on the Bone","Pen Nib"],"acts_visited":["Exordium","TheCity"],"potions_floor_usage":[16,16,30,33],"damage_taken":[{"damage":4,"enemies":"Jaw Worm","floor":2,"turns":5},{"damage":10,"enemies":"Small Slimes","floor":3,"turns":4},{"damage":2,"enemies":"downfall:FleeingMerchant","floor":5,"turns":4},{"damage":0,"enemies":"2 Louse","floor":9,"turns":2},{"damage":11,"enemies":"Lagavulin","floor":10,"turns":9},{"damage":6,"enemies":"Exordium Wildlife","floor":11,"turns":4},{"damage":0,"enemies":"2 Fungi Beasts","floor":15,"turns":4},{"damage":45,"enemies":"WA_ARCHETYPE_RETAIN","floor":16,"turns":10},{"damage":11,"enemies":"Spheric Guardian","floor":19,"turns":3},{"damage":1,"enemies":"Chosen","floor":20,"turns":4},{"damage":4,"enemies":"Centurion and Healer","floor":26,"turns":3},{"damage":8,"enemies":"downfall:FleeingMerchant","floor":28,"turns":4},{"damage":0,"enemies":"Snecko","floor":29,"turns":3},{"damage":29,"enemies":"Gremlin Leader","floor":30,"turns":5},{"damage":20,"enemies":"Shelled Parasite and Fungi","floor":31,"turns":5},{"damage":14,"enemies":"Sentry and Sphere","floor":32,"turns":6},{"damage":22,"enemies":"IC_MUSHROOM_ARCHETYPE","floor":33,"turns":6}],"seed_played":"5224800439206359967","potions_obtained":[{"floor":10,"key":"ColorlessPotion"},{"floor":15,"key":"LiquidMemories"},{"floor":29,"key":"Swift Potion"},{"floor":32,"key":"ColorlessPotion"}],"is_trial":false,"path_per_floor":["R","M","M","?","$","R","T","R","M","E","M","?","?","?","M","B",null,"R","M","M","?","?","R","T","R","M","?","$","M","E","M","M","B"],"character_chosen":"GUARDIAN","items_purchased":["PreservedInsect","Guardian:SentryBeam","Guardian:EvasiveProtocol"],"campfire_rested":0,"item_purchase_floors":[5,5,28],"current_hp_per_floor":[65,61,51,51,49,49,49,49,49,38,32,37,56,56,56,11,61,61,50,49,49,49,49,49,49,45,45,49,49,32,24,22,0,0,0],"gold":88,"neow_bonus":"HUNDRED_GOLD","is_daily":false,"chose_seed":false,"campfire_upgraded":5,"win_rate":0.0,"timestamp":1612245615,"path_taken":["R","M","M","?","$","R","T","R","M","E","M","?","?","?","M","BOSS","R","M","M","?","?","R","T","R","M","?","$","M","E","M","M","BOSS"],"items_purchased_type":["Relic","Card","Card"],"build_version":"2020-12-22","purchased_purges":1,"victory":false,"max_hp_per_floor":[72,72,72,72,72,72,72,72,72,72,72,77,77,77,77,77,77,77,77,77,77,77,77,77,77,77,77,77,77,77,77,77,77,77,77],"card_choices":[{"not_picked":["Guardian:FuturePlans","Guardian:Suspension"],"picked":"Guardian:Incinerate","floor":2},{"not_picked":["Guardian:Incinerate","Guardian:TemporalStrike"],"picked":"Guardian:TemporalShield","floor":3},{"not_picked":["Guardian:PiercingHide","Guardian:StasisStrike"],"picked":"Guardian:Gem_Purple","floor":5},{"not_picked":["Guardian:Gem_Lightblue","Guardian:Suspension"],"picked":"Guardian:Gem_White","floor":9},{"not_picked":["Guardian:PrismaticBarrier","Guardian:FloatingOrbs"],"picked":"Guardian:Gem_Red","floor":10},{"not_picked":["Guardian:TemporalStrike","Guardian:VentSteam"],"picked":"Guardian:Orbwalk","floor":11},{"not_picked":["Guardian:CrystalBeam","Guardian:TemporalStrike"],"picked":"Guardian:Gem_Yellow","floor":15},{"not_picked":["Guardian:FierceBash","Guardian:Gem_Orange"],"picked":"Guardian:BaubleBeam","floor":16},{"not_picked":["Guardian:Gem_Red","Guardian:ShieldCharger"],"picked":"Guardian:RollAttack+1","floor":19},{"not_picked":["Guardian:Gem_Green","Guardian:CrystalBeam"],"picked":"Guardian:Planning+1","floor":20},{"not_picked":["Guardian:Gem_Green","Guardian:PrismaticBeam"],"picked":"Guardian:Recover","floor":26},{"not_picked":["Guardian:GuardianWhirl","Guardian:Gem_Red"],"picked":"Guardian:SpikerProtocol+1","floor":28},{"not_picked":["Guardian:Planning+1","Guardian:Gem_Fragmented"],"picked":"Guardian:Repulse","floor":29},{"not_picked":["Guardian:Suspension","Guardian:GuardianWhirl"],"picked":"Guardian:Recover","floor":30},{"not_picked":["Guardian:Emergency","Guardian:HyperBeam_Guardian"],"picked":"Guardian:PiercingHide","floor":31},{"not_picked":["Guardian:PrimingBeam","Guardian:Emergency"],"picked":"Guardian:Gem_Lightblue","floor":32}],"player_experience":1824886,"relics_obtained":[{"floor":7,"key":"Omamori"},{"floor":10,"key":"Nunchaku"},{"floor":24,"key":"Meat on the Bone"},{"floor":30,"key":"Pen Nib"}],"event_choices":[{"damage_healed":0,"gold_gain":0,"player_choice":"Donut","damage_taken":0,"max_hp_gain":5,"max_hp_loss":0,"event_name":"Big Fish","floor":12,"gold_loss":0},{"damage_healed":19,"gold_gain":0,"player_choice":"Healed and dodged fight","damage_taken":0,"max_hp_gain":0,"max_hp_loss":0,"event_name":"Mushrooms","floor":13,"gold_loss":0,"cards_obtained":["Parasite"]},{"cards_removed":["Guardian:Strike_Guardian"],"damage_healed":0,"gold_gain":0,"player_choice":"Forget","damage_taken":0,"max_hp_gain":0,"max_hp_loss":0,"event_name":"Living Wall","floor":14,"gold_loss":0},{"damage_healed":0,"gold_gain":0,"player_choice":"Stole Relic","damage_taken":0,"relics_obtained":["Oddly Smooth Stone"],"max_hp_gain":0,"max_hp_loss":0,"event_name":"Addict","floor":21,"gold_loss":0,"cards_obtained":["Pride"]}],"is_beta":false,"boss_relics":[{"not_picked":["Cursed Key","Astrolabe"],"picked":"Snecko Eye"}],"items_purged_floors":[5],"is_endless":false,"potions_floor_spawned":[9,10,15,29,32],"killed_by":"IC_MUSHROOM_ARCHETYPE","ascension_level":20}}