{"host":"0fmi5fguj5lvt8pf","time":1612228736,"event":{"mods":["BaseMod","Colored Map","Curses Come First","Downfall","Minty Spire (QoL Compilation)","Permanent Neow","StSLib"],"gold_per_floor":[99,112,26,41,41,41,41,71,98,108,108,21,39,57,74,177,177,177,215,215,215,250,305,305,305,28,64,64,75,75,75],"floor_reached":29,"language":"ENG","playtime":1661,"items_purged":[],"score":223,"play_id":"caf42a61-3e36-4cfa-8b56-bc0f7007202a","local_time":"20210201171856","is_ascension_mode":false,"campfire_choices":[{"data":"sneckomod:TailWhip","floor":1.0,"key":"SMITH"},{"data":"sneckomod:CheapStock","floor":11.0,"key":"SMITH"},{"data":"sneckomod:GlitteringGambit","floor":18.0,"key":"SMITH"},{"floor":25.0,"key":"RECALL"}],"circlet_count":0,"master_deck":["sneckomod:Strike","sneckomod:Strike","sneckomod:Strike+1","sneckomod:Defend+1","sneckomod:Defend","sneckomod:Defend","sneckomod:TailWhip+1","sneckomod:SnekBite","sneckomod:Unknown","sneckomod:Unknown","sneckomod:UnknownClassGUARDIAN","sneckomod:Rotation+1","sneckomod:QuickBite","sneckomod:UnknownClassRED","sneckomod:TrashToTreasure","downfall:Malfunctioning","sneckomod:Unknown3Cost","sneckomod:DiceBlock","sneckomod:CheapStock+1","sneckomod:QuickBite","sneckomod:PureSnecko","sneckomod:SnakeSap","sneckomod:UnknownRareAttack","sneckomod:GlitteringGambit+1","sneckomod:ImprovisedGuard","sneckomod:PureSnecko+1","sneckomod:Memorize","sneckomod:GlitteringGambit","expansioncontent:StudyTheSpire"],"relics":["sneckomod:SneckoSoul","Thread and Needle","downfall:BrokenWingStatue","Odd Mushroom","Pocketwatch","Sozu","Strawberry","Meat on the Bone"],"acts_visited":["Exordium","TheCity"],"potions_floor_usage":[],"damage_taken":[{"damage":0.0,"enemies":"Cultist","floor":2.0,"turns":3.0},{"damage":0.0,"enemies":"downfall:FleeingMerchant","floor":3.0,"turns":4.0},{"damage":2.0,"enemies":"Jaw Worm","floor":4.0,"turns":3.0},{"damage":2.0,"enemies":"The Mushroom Lair","floor":8.0,"turns":3.0},{"damage":7.0,"enemies":"Gremlin Nob","floor":9.0,"turns":4.0},{"damage":3.0,"enemies":"2 Louse","floor":10.0,"turns":3.0},{"damage":0.0,"enemies":"downfall:FleeingMerchant","floor":12.0,"turns":4.0},{"damage":3.0,"enemies":"Blue Slaver","floor":13.0,"turns":4.0},{"damage":0.0,"enemies":"3 Louse","floor":14.0,"turns":4.0},{"damage":5.0,"enemies":"Red Slaver","floor":15.0,"turns":2.0},{"damage":21.0,"enemies":"IC_STATUS_ARCHETYPE","floor":16.0,"turns":8.0},{"damage":9.0,"enemies":"Spheric Guardian","floor":19.0,"turns":5.0},{"damage":25.0,"enemies":"Snecko","floor":22.0,"turns":7.0},{"damage":6.0,"enemies":"downfall:FleeingMerchant","floor":26.0,"turns":4.0},{"damage":26.0,"enemies":"Snake Plant","floor":27.0,"turns":5.0},{"damage":41,"enemies":"Slavers","floor":29,"turns":5}],"seed_played":"6271171719700000918","potions_obtained":[{"floor":4.0,"key":"sneckomod:CheatPotion"},{"floor":10.0,"key":"sneckomod:OffclassReductionPotion"},{"floor":13.0,"key":"Fruit Juice"},{"floor":15.0,"key":"SpeedPotion"},{"floor":16.0,"key":"Explosive Potion"}],"is_trial":false,"path_per_floor":["R","M","$","M","?","?","T","?","E","M","R","$","M","M","M","B",null,"R","M","?","?","M","T","T","R","$","M","?","E"],"character_chosen":"THE_SNECKO","items_purchased":["sneckomod:QuickBite","sneckomod:UnknownClassRED","sneckomod:PureSnecko","sneckomod:GlitteringGambit","expansioncontent:StudyTheSpire"],"campfire_rested":0,"item_purchase_floors":[3,3,12,26,26],"current_hp_per_floor":[81,81,81,79,79,79,79,77,74,71,71,71,68,73,68,47,86,86,77,77,77,52,59,59,59,53,39,39,0,0,0],"gold":75,"neow_bonus":"ONE_RARE_RELIC","is_daily":false,"chose_seed":false,"campfire_upgraded":3,"win_rate":0.0,"timestamp":1612228736,"path_taken":["R","M","$","?","?","?","T","?","E","M","R","?","M","M","M","BOSS","R","M","?","?","?","?","T","R","$","M","?","E"],"items_purchased_type":["Card","Card","Card","Card","Card"],"build_version":"2020-12-22","purchased_purges":0,"victory":false,"max_hp_per_floor":[81,81,81,81,81,81,81,81,81,81,81,81,81,86,86,86,86,86,86,86,86,86,93,93,93,93,93,93,93,93,93],"card_choices":[{"not_picked":["sneckomod:IronFang","sneckomod:UnknownClassTHE_BRONZE_AUTOMATON"],"picked":"sneckomod:UnknownClassGUARDIAN","floor":2.0},{"not_picked":["sneckomod:UnknownBlock","sneckomod:UnknownClassTHE_CHAMP_GRAY"],"picked":"sneckomod:Rotation","floor":3.0},{"not_picked":["sneckomod:UnknownVulnerable","sneckomod:UnknownClassPURPLE"],"picked":"sneckomod:TrashToTreasure","floor":4.0},{"not_picked":["sneckomod:Nope","sneckomod:UnknownClassGREEN"],"picked":"sneckomod:Unknown3Cost","floor":8.0},{"not_picked":["sneckomod:DiceBoulder","sneckomod:UnknownClassRED"],"picked":"sneckomod:DiceBlock","floor":9.0},{"not_picked":["sneckomod:UnknownClassPURPLE","sneckomod:UnknownCommonAttack"],"picked":"sneckomod:CheapStock","floor":10.0},{"not_picked":["sneckomod:DiceBlock","sneckomod:UnknownDexterity"],"picked":"sneckomod:QuickBite","floor":12.0},{"not_picked":["sneckomod:DefensiveFlair","sneckomod:SoulRoll"],"picked":"sneckomod:SnakeSap","floor":13.0},{"not_picked":["sneckomod:UnendingSupply","sneckomod:DefensiveFlair","sneckomod:UnknownCommonSkill"],"picked":"SKIP","floor":14.0},{"not_picked":["sneckomod:UnknownClassTHE_BRONZE_AUTOMATON","sneckomod:IronFang"],"picked":"sneckomod:UnknownRareAttack","floor":15.0},{"not_picked":["sneckomod:UnknownRareSkill","sneckomod:SoulExchange"],"picked":"sneckomod:GlitteringGambit","floor":16.0},{"not_picked":["sneckomod:SoulDraw+1","sneckomod:QuickBite"],"picked":"sneckomod:ImprovisedGuard","floor":19.0},{"not_picked":["sneckomod:QuickMove","sneckomod:UnknownClassGUARDIAN+1"],"picked":"sneckomod:PureSnecko+1","floor":22.0},{"not_picked":["sneckomod:MorePower","sneckomod:PureSnecko"],"picked":"sneckomod:Memorize","floor":26.0},{"not_picked":["sneckomod:UnknownClassGREEN","sneckomod:UnknownClassTHE_BRONZE_AUTOMATON+1","sneckomod:SoulDraw"],"picked":"SKIP","floor":27.0}],"player_experience":1486532,"relics_obtained":[{"floor":8.0,"key":"Odd Mushroom"},{"floor":9.0,"key":"Pocketwatch"},{"floor":23.0,"key":"Strawberry"},{"floor":24.0,"key":"Meat on the Bone"}],"event_choices":[{"damage_healed":0.0,"max_hp_gain":0.0,"max_hp_loss":0.0,"gold_gain":0.0,"event_name":"Mushrooms","player_choice":"Fought Mushrooms","floor":8.0,"gold_loss":0.0,"damage_taken":0.0},{"damage_healed":0.0,"max_hp_gain":0.0,"max_hp_loss":0.0,"gold_gain":0.0,"event_name":"Vampires","player_choice":"Ignored","floor":20.0,"gold_loss":0.0,"damage_taken":0.0},{"damage_healed":0.0,"max_hp_gain":0.0,"max_hp_loss":0.0,"gold_gain":0.0,"event_name":"NoteForYourself","player_choice":"Ignored","floor":21.0,"gold_loss":0.0,"damage_taken":0.0},{"damage_healed":0.0,"max_hp_gain":0.0,"max_hp_loss":0.0,"gold_gain":0.0,"event_name":"Ghosts","player_choice":"Ignored","floor":28.0,"gold_loss":0.0,"damage_taken":0.0}],"is_beta":false,"boss_relics":[{"not_picked":["Pandora\u0027s Box","Runic Pyramid"],"picked":"Sozu"}],"items_purged_floors":[],"is_endless":false,"potions_floor_spawned":[4,10,13,15,16,22,27],"killed_by":"Slavers","ascension_level":0}}