{"host":"dscols65uipasqd2","time":1612306877,"event":{"mods":["2.2 Compatiblity","AchievementEnabler","Aspiration","BaseMod","Colored Powertips","Downfall","Energized Spire","GifTheSpireLib","Hermit","Hubris","Infinite Spire","JesterMod","Jorbs\u0027s Wanderer Trilogy","Marisa????????","Minty Spire (QoL Compilation)","Rare Cards Sparkle","Replay The Spire","StSLib","Stuff the Spire","The Cursed","The Disciple","The Hierophant","The Judge","The Jungle","The Runesmith","TheFirefly"],"gold_per_floor":[99,113,113,127,147,147,147,180,80,93,105,105,5,5,15,15,15,15],"floor_reached":16,"language":"ENG","playtime":541,"items_purged":[],"score":127,"play_id":"752a9173-a724-4fce-a167-b02abada4c2c","local_time":"20210202180117","is_ascension_mode":false,"campfire_choices":[{"floor":1,"key":"RECALL"},{"floor":9,"key":"REST"},{"floor":13,"key":"REST"}],"circlet_count":0,"master_deck":["Slimebound:Strike_Slimebound","Slimebound:Strike_Slimebound","Slimebound:Tackle","Slimebound:Defend_Slimebound","Slimebound:Defend_Slimebound","Slimebound:Defend_Slimebound","Slimebound:Defend_Slimebound","Slimebound:Split+1","Slimebound:CorrosiveSpit","Slimebound:RejuvenatingLick+1","WordoMod:Accursed","Slimebound:GoopTackle","Slimebound:BestDefense","Doubt","Slimebound:SplitAcid","Slimebound:RallyTheTroops","Slimebound:SplitMire+1","Slimebound:SamplingLick"],"relics":["Slimebound:AbsorbEndCombat","Ring of Panic","Ring of Peace","infinitespire:ShieldingShard","downfall:HeartBlessingRed","downfall:HeartBlessingBlue"],"acts_visited":["Exordium"],"potions_floor_usage":[8,16,16],"damage_taken":[{"damage":4,"enemies":"Cultist","floor":2,"turns":4},{"damage":1,"enemies":"2 Louse","floor":4,"turns":2},{"damage":6,"enemies":"Small Slimes","floor":5,"turns":3},{"damage":52,"enemies":"Gremlin Nob","floor":8,"turns":5},{"damage":10,"enemies":"2 Fungi Beasts","floor":10,"turns":3},{"damage":9,"enemies":"3 Louse","floor":11,"turns":2},{"damage":3,"enemies":"Large Slime","floor":15,"turns":3},{"damage":88,"enemies":"DF_ARCHETYPE_STREAMLINE","floor":16,"turns":9}],"seed_played":"-8561749255718591411","potions_obtained":[{"floor":2,"key":"SteroidPotion"},{"floor":11,"key":"SpeedPotion"},{"floor":15,"key":"Dexterity Potion"}],"is_trial":false,"path_per_floor":["R","M","?","M","M","?","T","E","R","M","M","?","R","?","M","B"],"character_chosen":"SLIMEBOUND","items_purchased":[],"campfire_rested":2,"item_purchase_floors":[],"current_hp_per_floor":[71,69,69,70,67,67,67,21,42,34,25,25,59,59,60,0,0,0],"gold":15,"neow_bonus":"TEN_PERCENT_HP_BONUS","is_daily":false,"chose_seed":false,"campfire_upgraded":0,"win_rate":0.0,"timestamp":1612306877,"path_taken":["R","M","?","?","M","?","T","E","R","M","M","?","R","?","M","BOSS"],"items_purchased_type":[],"build_version":"2020-12-22","purchased_purges":0,"victory":false,"max_hp_per_floor":[71,71,71,71,71,71,71,71,71,71,71,71,81,81,81,81,81,81],"card_choices":[{"not_picked":["Slimebound:GoopSpray","Slimebound:SlimeTap"],"picked":"Slimebound:RejuvenatingLick","floor":2},{"not_picked":["Slimebound:GrowthPunch","Slimebound:ViciousTackle"],"picked":"Slimebound:GoopTackle","floor":4},{"not_picked":["Slimebound:GoopSpray","Slimebound:LivingWall"],"picked":"Slimebound:BestDefense","floor":5},{"not_picked":["Slimebound:SlimeSpikes","Slimebound:SplitLeeching"],"picked":"Slimebound:SplitAcid","floor":8},{"not_picked":["Slimebound:GrowthPunch","Slimebound:SlimeBrawl"],"picked":"Slimebound:RallyTheTroops","floor":10},{"not_picked":["Slimebound:SlimeSpikes","Slimebound:SpikyOuterGoop"],"picked":"Slimebound:SplitMire","floor":11},{"not_picked":["Slimebound:HauntingLick","Slimebound:Schlurp"],"picked":"Slimebound:SamplingLick","floor":15}],"player_experience":557619,"relics_obtained":[{"floor":6,"key":"Ring of Panic"},{"floor":6,"key":"Ring of Peace"},{"floor":8,"key":"infinitespire:ShieldingShard"}],"event_choices":[],"is_beta":false,"boss_relics":[],"items_purged_floors":[],"is_endless":false,"potions_floor_spawned":[2,11,15],"killed_by":"DF_ARCHETYPE_STREAMLINE","ascension_level":0}}