{"host":"n43wxkei7kulhi8o","time":1612306537,"event":{"mods":["AchievementEnabler","BaseMod","Bestiary","Block Reminder","Colored Map","Colored Powertips","Curses Come First","Custom Start","Dark Map","Highlight Path","Minty Spire (QoL Compilation)","Quick Restart","Relic Stats","StSLib"],"gold_per_floor":[116,135,152,165,84,100,100,115,195,205,205,205,229,229,229,354,354,374,393,492,492,492,492,508,133,159,203,228,241,241,274,274,413,485,515,528,488,509,525,525,539,564,637,651,344,362,362,385,385,385],"floor_reached":51,"language":"ENG","playtime":1739,"items_purged":[],"score":721,"play_id":"500d58a4-a911-400f-b377-c3c993ef9287","local_time":"20210202175537","is_ascension_mode":false,"campfire_choices":[{"data":"Defragment","floor":7,"key":"SMITH"},{"data":"Defragment","floor":11,"key":"SMITH"},{"data":"Electrodynamics","floor":15,"key":"SMITH"},{"data":"Coolheaded","floor":23,"key":"SMITH"},{"data":"Defragment","floor":30,"key":"SMITH"},{"floor":32,"key":"REST"},{"data":"Machine Learning","floor":40,"key":"SMITH"},{"floor":49,"key":"REST"}],"circlet_count":0,"master_deck":["Strike_B","Strike_B","Strike_B","Strike_B","Defend_B","Defend_B","Defend_B+1","Defend_B","Zap","Dualcast","Melter","Defragment+1","Defragment+1","Electrodynamics+1","Glacier","Multi-Cast","Coolheaded+1","Defragment+1","Tempest","Capacitor+1","Defragment+1","BootSequence+1","Coolheaded","Machine Learning+1","Conserve Battery+1","Ball Lightning+1"],"relics":["Cracked Core","Gremlin Horn","Golden Idol","Sozu","Runic Capacitor","CeramicFish","Potion Belt","Bag of Marbles","Tiny House","Sundial","Membership Card","Blood Vial","Toy Ornithopter"],"acts_visited":["Exordium","TheCity","TheBeyond"],"potions_floor_usage":[8,16,39],"damage_taken":[{"damage":0,"enemies":"Cultist","floor":1,"turns":3},{"damage":1,"enemies":"Jaw Worm","floor":2,"turns":3},{"damage":0,"enemies":"Small Slimes","floor":3,"turns":3},{"damage":4,"enemies":"2 Fungi Beasts","floor":4,"turns":3},{"damage":2,"enemies":"Exordium Wildlife","floor":6,"turns":3},{"damage":20,"enemies":"Gremlin Gang","floor":8,"turns":5},{"damage":0,"enemies":"3 Louse","floor":10,"turns":2},{"damage":8,"enemies":"Red Slaver","floor":13,"turns":3},{"damage":3,"enemies":"The Guardian","floor":16,"turns":10},{"damage":0,"enemies":"Chosen","floor":18,"turns":3},{"damage":0,"enemies":"3 Byrds","floor":19,"turns":2},{"damage":10,"enemies":"Centurion and Healer","floor":24,"turns":4},{"damage":31,"enemies":"Gremlin Leader","floor":27,"turns":4},{"damage":0,"enemies":"Sentry and Sphere","floor":28,"turns":3},{"damage":0,"enemies":"3 Cultists","floor":29,"turns":4},{"damage":12,"enemies":"Snecko","floor":31,"turns":4},{"damage":4,"enemies":"Collector","floor":33,"turns":8},{"damage":4,"enemies":"Orb Walker","floor":35,"turns":4},{"damage":0,"enemies":"3 Darklings","floor":36,"turns":4},{"damage":3,"enemies":"4 Shapes","floor":38,"turns":5},{"damage":18,"enemies":"Spire Growth","floor":39,"turns":5},{"damage":1,"enemies":"Sphere and 2 Shapes","floor":41,"turns":2},{"damage":20,"enemies":"3 Darklings","floor":42,"turns":3},{"damage":8,"enemies":"Maw","floor":44,"turns":6},{"damage":3,"enemies":"Spire Growth","floor":46,"turns":4},{"damage":3,"enemies":"Transient","floor":48,"turns":5},{"damage":46,"enemies":"Donu and Deca","floor":50,"turns":6}],"seed_played":"6521991010253654635","potions_obtained":[{"floor":1,"key":"BlessingOfTheForge"},{"floor":3,"key":"Weak Potion"},{"floor":4,"key":"FearPotion"},{"floor":10,"key":"Weak Potion"},{"floor":13,"key":"Swift Potion"}],"is_trial":false,"path_per_floor":["M","M","M","M","$","M","R","M","T","M","R","?","M","?","R","B",null,"M","M","?","$","?","R","M","$","T","E","M","M","R","M","R","B",null,"M","M","?","M","M","R","M","M","T","M","$","M","?","M","R","B",null],"character_chosen":"DEFECT","items_purchased":["Defragment","Runic Capacitor","Capacitor","CeramicFish","Membership Card","Blood Vial","Toy Ornithopter"],"campfire_rested":2,"item_purchase_floors":[5,25,25,25,45,45,45],"current_hp_per_floor":[82,81,81,77,77,75,75,55,55,55,55,35,27,54,54,51,82,82,82,82,82,82,82,72,72,72,41,41,41,41,29,53,49,87,83,83,83,80,62,62,61,41,41,33,33,32,32,31,57,13],"gold":385,"neow_bonus":"TEN_PERCENT_HP_BONUS","is_daily":false,"chose_seed":false,"campfire_upgraded":6,"win_rate":0.0,"timestamp":1612306537,"path_taken":["M","?","M","M","$","M","R","M","T","M","R","?","M","?","R","BOSS","M","M","?","$","?","R","M","?","T","E","?","M","R","M","R","BOSS","M","?","?","M","?","R","M","M","T","M","$","M","?","M","R","BOSS"],"items_purchased_type":["Card","Relic","Card","Relic","Relic","Relic","Relic"],"build_version":"2020-12-22","purchased_purges":0,"victory":true,"max_hp_per_floor":[82,82,82,82,82,82,82,82,82,82,82,82,82,82,82,82,82,82,82,82,82,82,82,82,82,82,82,82,82,82,82,82,82,87,87,87,87,87,87,87,87,87,87,87,87,87,87,87,87,87],"relic_stats":{"Sozu":9,"Blood Vial":6,"Gremlin Horn":[15,15],"counters":[27,111],"Golden Idol":157,"Sundial":[2],"CeramicFish":54,"obtain_stats":[{"Potion Belt":26,"Tiny House":34,"Gremlin Horn":9,"Golden Idol":12,"CeramicFish":25,"Runic Capacitor":25,"Sozu":17,"Blood Vial":45,"Sundial":43,"Bag of Marbles":27,"Membership Card":45,"Cracked Core":0,"Toy Ornithopter":45},{"Potion Belt":12,"Tiny House":17,"Gremlin Horn":6,"Golden Idol":7,"CeramicFish":12,"Runic Capacitor":12,"Sozu":9,"Blood Vial":24,"Sundial":23,"Bag of Marbles":13,"Membership Card":24,"Cracked Core":0,"Toy Ornithopter":24},{"Potion Belt":44,"Tiny House":67,"Gremlin Horn":20,"Golden Idol":22,"CeramicFish":44,"Runic Capacitor":44,"Sozu":35,"Blood Vial":96,"Sundial":90,"Bag of Marbles":48,"Membership Card":96,"Cracked Core":0,"Toy Ornithopter":96}],"Toy Ornithopter":0},"card_choices":[{"not_picked":["Reinforced Body","Steam","White Noise"],"picked":"SKIP","floor":1},{"not_picked":["Sweeping Beam","Cold Snap"],"picked":"Melter","floor":2},{"not_picked":["Streamline","Beam Cell","Fusion"],"picked":"SKIP","floor":3},{"not_picked":["Hologram","Steam","Consume"],"picked":"SKIP","floor":4},{"not_picked":["Go for the Eyes","Steam"],"picked":"Defragment","floor":6},{"not_picked":["Capacitor","Beam Cell"],"picked":"Electrodynamics","floor":8},{"not_picked":["Static Discharge","Rebound","Turbo"],"picked":"SKIP","floor":10},{"not_picked":["BootSequence","Compile Driver"],"picked":"Glacier","floor":13},{"not_picked":["Biased Cognition","Rainbow"],"picked":"Multi-Cast","floor":16},{"not_picked":["Barrage","Streamline"],"picked":"Coolheaded","floor":18},{"not_picked":["Barrage+1","Reinforced Body"],"picked":"Defragment+1","floor":19},{"not_picked":["White Noise","Genetic Algorithm"],"picked":"Tempest","floor":24},{"not_picked":["Hologram+1","Sunder"],"picked":"Defragment","floor":27},{"not_picked":["Lockon","Hologram"],"picked":"BootSequence+1","floor":28},{"not_picked":["Chill+1","Redo","Consume+1"],"picked":"SKIP","floor":29},{"not_picked":["Static Discharge","Gash"],"picked":"Coolheaded","floor":31},{"not_picked":["All For One","Electrodynamics"],"picked":"Machine Learning","floor":33},{"not_picked":["Sweeping Beam","Double Energy"],"picked":"Conserve Battery+1","floor":34},{"not_picked":["Chill+1","Coolheaded"],"picked":"Ball Lightning+1","floor":35},{"not_picked":["Compile Driver+1","Double Energy","Coolheaded+1"],"picked":"SKIP","floor":36},{"not_picked":["Streamline+1","Stack+1","Scrape"],"picked":"SKIP","floor":38},{"not_picked":["Gash+1","Redo+1","Genetic Algorithm"],"picked":"SKIP","floor":39},{"not_picked":["Steam+1","Gash","Cold Snap+1"],"picked":"SKIP","floor":41},{"not_picked":["Steam Power+1","Rainbow","Beam Cell"],"picked":"SKIP","floor":42},{"not_picked":["FTL+1","Gash","Hologram+1"],"picked":"SKIP","floor":44},{"not_picked":["Streamline+1","Turbo","Heatsinks+1"],"picked":"SKIP","floor":46},{"not_picked":["Chill","Steam+1","Rebound"],"picked":"SKIP","floor":48}],"player_experience":669389,"relics_obtained":[{"floor":9,"key":"Gremlin Horn"},{"floor":26,"key":"Potion Belt"},{"floor":27,"key":"Bag of Marbles"},{"floor":43,"key":"Sundial"}],"event_choices":[{"damage_healed":0,"gold_gain":0,"player_choice":"Take Damage","damage_taken":20,"relics_obtained":["Golden Idol"],"max_hp_gain":0,"max_hp_loss":0,"event_name":"Golden Idol","floor":12,"gold_loss":0},{"damage_healed":27,"gold_gain":0,"player_choice":"Banana","damage_taken":0,"max_hp_gain":0,"max_hp_loss":0,"event_name":"Big Fish","floor":14,"gold_loss":0},{"damage_healed":0,"gold_gain":99,"player_choice":"Stole From Cult","damage_taken":0,"max_hp_gain":0,"max_hp_loss":0,"event_name":"Nest","floor":20,"gold_loss":0},{"damage_healed":0,"gold_gain":0,"player_choice":"Ignored","damage_taken":0,"max_hp_gain":0,"max_hp_loss":0,"event_name":"Vampires","floor":22,"gold_loss":0},{"damage_healed":0,"gold_gain":0,"player_choice":"Upgrade","damage_taken":0,"max_hp_gain":0,"max_hp_loss":0,"event_name":"Designer","floor":37,"gold_loss":40,"cards_upgraded":["Capacitor"]},{"damage_healed":0,"gold_gain":0,"player_choice":"Ignored","damage_taken":0,"max_hp_gain":0,"max_hp_loss":0,"event_name":"SecretPortal","floor":47,"gold_loss":0}],"is_beta":false,"boss_relics":[{"not_picked":["Black Star","SacredBark"],"picked":"Sozu"},{"not_picked":["Runic Pyramid","SlaversCollar"],"picked":"Tiny House"}],"items_purged_floors":[],"is_endless":false,"potions_floor_spawned":[1,3,4,10,13,19,24,27,35,38,39,41,42],"ascension_level":0}}