{"host":"jw4qy1ihmjslahm8","time":1612233577,"event":{"mods":["2.2 Compatiblity","Act Like it!","BaseMod","BetterRewards","Colored Map","Downfall","Duelist Mod","GifTheSpireLib","Hallownest","HololiveMod","Hubris","Infinite Spire","KinomotoSakuraMod(ñÿîVñ{?)","Lobotomy","LobotomyExtend","Minty Spire (QoL Compilation)","Reliquary","Replay The Spire","StSLib","The Animator","WarShipGirlsR/??è≠èóR mod"],"gold_per_floor":[99,115,125,50,35,35,85,117,47,47,47,47,47,47,58,161,161,161,175,201,227,227,244,244,244,244,259,271,271,271,280,297,399,411,411,411,331,351,310,310,310,310,310,326,338,338,338,364,364,364],"floor_reached":51,"language":"ENG","playtime":3486,"items_purged":[],"score":771,"play_id":"eee92f35-e299-47a8-8a8a-99a4a3b4d180","local_time":"20210201183937","is_ascension_mode":true,"campfire_choices":[{"data":"animator:Alexander","floor":1,"key":"SMITH"},{"data":"animator:Father","floor":11,"key":"SMITH"},{"data":"animator:Shion","floor":13,"key":"SMITH"},{"data":"animator:Alexander","floor":18,"key":"SMITH"},{"data":"animator:Berserker","floor":26,"key":"SMITH"},{"data":"Hololive_SummonFox","floor":29,"key":"SMITH"},{"data":"infinitespire:Menacing","floor":35,"key":"SMITH"},{"floor":40,"key":"REST"},{"floor":43,"key":"REST"},{"floor":47,"key":"REST"},{"floor":49,"key":"REST"}],"circlet_count":0,"master_deck":["animator:Strike_Fate","animator:Defend_Fate","animator:Strike","animator:Strike","animator:Strike","animator:Defend","animator:Defend","animator:Defend","animator:Alexander+1","animator:Rider","animator:Shion+1","animator:Alexander+1","Hallownest:skillGreenpathMap","animator:Archer","Delirium","animator:Ain","animator:Greed","animator:Caster","animator:Berserker+1","animator:Illya","animator:Add","animator:Sloth","Hololive_SummonFox+1","animator:GazelDwargon","animator:RinTohsaka","Hololive_SoulCatcher","Hololive_ASMR","hubris:Despair","HpAim","animator:SwordMaiden","animator:Urushihara","infinitespire:Menacing+1","animator:Vanir","animator:DwarfShaman","animator:SuzuneAmano","animator:GazelDwargon","animator:Vesta","animator:Berserker","Hololive_SummonFox","Hololive_CallSpadeEcho","animator:Witch","Pride","hubris:NaturalOne","Hololive_FlyingPonyTail","infinitespire:Collect","animator:Eris"],"relics":["animator:TheMissingPiece","animator:PurgingStone","Busted Crown","LetterFromLob","Hallownest:DreamNailRelic","Hololive_LightStick","Hallownest:StagBellRelic1","Ring of Fury","ReplayTheSpireMod:Ring of Addiction","Chameleon Ring","White Beast Statue","hubris:TinFlute","Philosopher\u0027s Stone","Ring of Chaos","RedMistMask","hubris:Icosahedron","hubris:DisguiseKit","ReplayTheSpireMod:SealedPack","Replay:Ringing Soul","TungstenRod","hubris:BlackHole","reliquary:WeakTea"],"acts_visited":["Hallownest:Greenpath","TheCity","Hallownest:KingdomsEdge"],"potions_floor_usage":[16,16,16,23,33,33,33,36,45,45,50,50],"damage_taken":[{"damage":3,"enemies":"Hallownest:monsterHuskWarrior","floor":2,"turns":5},{"damage":0,"enemies":"2_ Uuma","floor":3,"turns":4},{"damage":0,"enemies":"downfall:FleeingMerchant","floor":5,"turns":4},{"damage":0,"enemies":"Hallownest:2_MossCreeps","floor":8,"turns":2},{"damage":4,"enemies":"Hallownest:MossCreep_and_Mosskin","floor":15,"turns":3},{"damage":9,"enemies":"DF_ARCHETYPE_STREAMLINE","floor":16,"turns":8},{"damage":0,"enemies":"Chosen","floor":19,"turns":4},{"damage":0,"enemies":"Shell Parasite","floor":20,"turns":4},{"damage":0,"enemies":"Cultist and Chosen","floor":21,"turns":3},{"damage":0,"enemies":"Snake Plant","floor":23,"turns":3},{"damage":0,"enemies":"Chosen and Byrds","floor":27,"turns":3},{"damage":0,"enemies":"Shelled Parasite and Fungi","floor":28,"turns":3},{"damage":0,"enemies":"downfall:FleeingMerchant","floor":31,"turns":4},{"damage":0,"enemies":"3 Cultists","floor":32,"turns":3},{"damage":27,"enemies":"WA_ARCHETYPE_CALM","floor":33,"turns":9},{"damage":0,"enemies":"WA_ARCHETYPE_CALM","floor":36,"turns":1},{"damage":0,"enemies":"WA_ARCHETYPE_CALM","floor":36,"turns":4},{"damage":27,"enemies":"WA_ARCHETYPE_CALM","floor":36,"turns":6},{"damage":0,"enemies":"Hallownest:Shield_Heavy","floor":38,"turns":4},{"damage":1,"enemies":"downfall:FleeingMerchant","floor":39,"turns":3},{"damage":25,"enemies":"Hallownest:2_Littles","floor":44,"turns":5},{"damage":3,"enemies":"Hallownest:monsterPrimalAspid","floor":45,"turns":3},{"damage":0,"enemies":"Hallownest:eliteCollector","floor":48,"turns":8},{"damage":0,"enemies":"SI_POISON_ARCHETYPE","floor":50,"turns":6}],"seed_played":"-4057469843827429844","potions_obtained":[{"floor":2,"key":"animator:GrowthPotion"},{"floor":12,"key":"Block Potion"},{"floor":12,"key":"Weak Potion"},{"floor":16,"key":"LifebloodPotion"},{"floor":19,"key":"Dexterity Potion"},{"floor":20,"key":"PowerPotion"},{"floor":23,"key":"SteroidPotion"},{"floor":33,"key":"Doom Potion"},{"floor":38,"key":"ColorlessPotion"},{"floor":39,"key":"bronze:BurnAndBuffPotion"},{"floor":44,"key":"Adrenaline Potion"},{"floor":45,"key":"SmokeBomb"}],"is_trial":false,"path_per_floor":["R","M","M","?","$","?","T","M","?","?","R","?","R","T","M","B",null,"R","M","M","M","?","M","T","?","R","M","M","R","?","$","M","B",null,"R","?","?","M","$","R","T","?","R","M","M","AVR","R","E","R","B",null],"character_chosen":"THE_ANIMATOR","items_purchased":["Replay:Ringing Soul","animator:Witch","Weak Potion"],"campfire_rested":4,"item_purchase_floors":[39,39,39],"current_hp_per_floor":[66,63,63,63,63,63,63,63,63,63,63,63,63,63,34,25,36,36,37,35,35,35,34,34,34,34,32,32,32,30,30,30,1,28,28,1,3,3,5,14,14,17,26,1,1,4,15,22,33,33],"gold":364,"neow_bonus":"BOSS_RELIC","is_daily":false,"chose_seed":false,"campfire_upgraded":7,"win_rate":0.0,"timestamp":1612233577,"path_taken":["R","M","M","?","$","?","T","?","?","?","R","?","R","?","M","BOSS","R","M","M","M","?","M","T","?","R","M","?","R","?","$","M","BOSS","R","?","?","M","$","R","T","?","R","M","M","AVR","R","E","R","BOSS"],"items_purchased_type":["Relic","Card","Potion"],"build_version":"2020-12-22","purchased_purges":0,"victory":true,"max_hp_per_floor":[66,66,66,66,66,66,66,66,66,66,66,66,66,66,38,36,36,36,37,35,35,35,34,34,34,34,32,32,32,30,30,30,28,28,28,28,30,30,33,31,31,34,32,32,35,38,38,41,39,39],"card_choices":[{"not_picked":[],"picked":"animator:Shion","floor":2},{"not_picked":[],"picked":"animator:Alexander","floor":3},{"not_picked":[],"picked":"animator:Father","floor":5},{"not_picked":[],"picked":"animator:Archer","floor":8},{"not_picked":[],"picked":"animator:Ain","floor":15},{"not_picked":[],"picked":"animator:Greed","floor":16},{"not_picked":[],"picked":"animator:Caster","floor":19},{"not_picked":[],"picked":"animator:MamiTomoe","floor":20},{"not_picked":[],"picked":"animator:Berserker","floor":21},{"not_picked":[],"picked":"animator:Illya","floor":23},{"not_picked":["animator:NagisaMomoe"],"picked":"animator:Sloth","floor":27},{"not_picked":["animator:ShinjiMatou"],"picked":"Hololive_SummonFox","floor":28},{"not_picked":[],"picked":"animator:RinTohsaka","floor":31},{"not_picked":["animator:Vanir"],"picked":"Hololive_SoulCatcher","floor":32},{"not_picked":["animator:Albedo"],"picked":"Hololive_ASMR","floor":33},{"not_picked":["Slimebound:Split"],"picked":"HpAim","floor":34},{"not_picked":["animator:Hans"],"picked":"animator:SwordMaiden","floor":34},{"not_picked":["animator:Magilou"],"picked":"animator:Urushihara","floor":34},{"not_picked":["ReplayTheSpireMod:??????????????????????"],"picked":"infinitespire:Menacing","floor":34},{"not_picked":[],"picked":"animator:Vanir","floor":37},{"not_picked":[],"picked":"animator:DwarfShaman","floor":37},{"not_picked":[],"picked":"animator:SuzuneAmano","floor":37},{"not_picked":[],"picked":"animator:GazelDwargon","floor":37},{"not_picked":[],"picked":"animator:Vesta","floor":37},{"not_picked":[],"picked":"animator:Berserker","floor":37},{"not_picked":["animator:Benimaru"],"picked":"Hololive_SummonFox","floor":38},{"not_picked":["animator:Aqua+1"],"picked":"Hololive_CallSpadeEcho","floor":39},{"not_picked":["animator:Shion"],"picked":"Hololive_FlyingPonyTail","floor":45},{"not_picked":["Hololive_OvertimeWork"],"picked":"animator:Eris","floor":48}],"player_experience":72155,"relics_obtained":[{"floor":2,"key":"LetterFromLob"},{"floor":7,"key":"Hololive_LightStick"},{"floor":12,"key":"Ring of Fury"},{"floor":12,"key":"ReplayTheSpireMod:Ring of Addiction"},{"floor":12,"key":"Chameleon Ring"},{"floor":12,"key":"White Beast Statue"},{"floor":14,"key":"hubris:TinFlute"},{"floor":20,"key":"RedMistMask"},{"floor":24,"key":"hubris:DisguiseKit"},{"floor":41,"key":"TungstenRod"},{"floor":48,"key":"reliquary:WeakTea"}],"event_choices":[],"is_beta":false,"boss_relics":[{"not_picked":["Fusion Hammer","Mark of Pain"],"picked":"Ring of Chaos"},{"not_picked":["Cursed Key","Sozu"],"picked":"ReplayTheSpireMod:SealedPack"}],"items_purged_floors":[],"is_endless":false,"potions_floor_spawned":[2,15,16,19,20,21,23,27,28,31,32,33,36,36,36,38,39,44,45,48],"ascension_level":1}}