{"host":"vld99k9l4elccfy8","time":1612278019,"event":{"mods":["AchievementEnabler","BaseMod","Bestiary","Block Reminder","Colored Map","Colored Powertips","Custom Start","Highlight Path","Minty Spire (QoL Compilation)","Permanent Neow","Rare Cards Sparkle"],"gold_per_floor":[359,359,284,303,13,13,13,13,13,28,28,44,63,63,63],"floor_reached":14,"language":"ENG","playtime":848,"items_purged":["Writhe"],"score":80,"play_id":"00899348-817d-41e5-a5cd-487d63afd321","local_time":"20210202080019","is_ascension_mode":false,"campfire_choices":[{"floor":6.0,"key":"RECALL"},{"data":"Eruption","floor":8.0,"key":"SMITH"},{"data":"EmptyBody","floor":11.0,"key":"SMITH"}],"circlet_count":0,"master_deck":["Strike_P","Strike_P","Strike_P","Strike_P","Defend_P","Defend_P","Defend_P","Eruption+1","Vigilance","ThirdEye","Swivel","EmptyBody+1","Prostrate","FollowUp","Vault"],"relics":["PureWater","Bird Faced Urn","White Beast Statue"],"acts_visited":["Exordium"],"potions_floor_usage":[14],"damage_taken":[{"damage":6.0,"enemies":"Jaw Worm","floor":1.0,"turns":3.0},{"damage":0.0,"enemies":"Cultist","floor":4.0,"turns":2.0},{"damage":0.0,"enemies":"2 Louse","floor":10.0,"turns":4.0},{"damage":22,"enemies":"Exordium Wildlife","floor":12,"turns":4},{"damage":0,"enemies":"Lots of Slimes","floor":13,"turns":5},{"damage":61,"enemies":"Gremlin Nob","floor":14,"turns":6}],"seed_played":"-1684623950496698733","potions_obtained":[{"floor":10.0,"key":"LiquidBronze"},{"floor":12,"key":"FearPotion"},{"floor":13,"key":"GamblersBrew"}],"is_trial":false,"path_per_floor":["M","?","$","M","$","R","?","R","T","M","R","M","M","E"],"character_chosen":"WATCHER","items_purchased":["Bird Faced Urn"],"campfire_rested":0,"item_purchase_floors":[5],"current_hp_per_floor":[66,66,66,66,66,66,71,71,71,71,71,49,49,0,0],"gold":63,"neow_bonus":"TWO_FIFTY_GOLD","is_daily":false,"chose_seed":false,"campfire_upgraded":2,"win_rate":0.0,"timestamp":1612278019,"path_taken":["M","?","$","M","?","R","?","R","T","?","R","M","M","E"],"items_purchased_type":["Relic"],"build_version":"2020-12-22","purchased_purges":1,"victory":false,"max_hp_per_floor":[72,72,72,72,72,72,77,77,77,77,77,77,77,77,77],"card_choices":[{"not_picked":["Crescendo","BowlingBash"],"picked":"ThirdEye","floor":1.0},{"not_picked":["ClearTheMind","ThirdEye"],"picked":"EmptyBody","floor":4.0},{"not_picked":["Sanctity","WindmillStrike"],"picked":"Prostrate","floor":10.0},{"not_picked":["CrushJoints","FlyingSleeves"],"picked":"FollowUp","floor":12},{"not_picked":["FlurryOfBlows","FlyingSleeves"],"picked":"Vault","floor":13}],"player_experience":368003,"relics_obtained":[{"floor":9.0,"key":"White Beast Statue"}],"event_choices":[{"damage_healed":0.0,"max_hp_gain":0.0,"max_hp_loss":0.0,"gold_gain":0.0,"cards_transformed":["Defend_P"],"event_name":"Transmorgrifier","player_choice":"Transformed","floor":2.0,"gold_loss":0.0,"damage_taken":0.0,"cards_obtained":["Swivel"]},{"damage_healed":0.0,"max_hp_gain":5.0,"max_hp_loss":0.0,"gold_gain":0.0,"event_name":"Big Fish","player_choice":"Donut","floor":7.0,"gold_loss":0.0,"damage_taken":0.0}],"is_beta":false,"boss_relics":[],"items_purged_floors":[3],"is_endless":false,"potions_floor_spawned":[10,12,13],"killed_by":"Gremlin Nob","ascension_level":0}}