{"host":"2cseu44fjxeibv3f","time":1612229038,"event":{"mods":["BaseMod","Better Third Choice","BetterRewards","Colored Powertips","Curses Come First","Energized Spire","Friendly Minions","Googly Eyes","GungeonMod","Halation","Hubris","Infinite Spire","Mimic Mod","Minty Spire (QoL Compilation)","Relic Stats","Replay The Spire","Spicy Shops","Spire Arcade","StS++","StSLib","The Cursed","The Disciple","The Exalted","The Jungle","The Necromancer","The Servant 0.9.4"],"gold_per_floor":[114,126,126,145,71,71,71],"floor_reached":6,"language":"ENG","playtime":334,"items_purged":[],"score":36,"play_id":"0bdf7ba5-3217-483d-8b6e-d9020064c540","local_time":"20210201202358","is_ascension_mode":false,"campfire_choices":[],"circlet_count":0,"master_deck":["Strike_Br","Strike_Br","Strike_Br","Strike_Br","Defend_Br","Defend_Br","Defend_Br","Defend_Br","SecondHand","PatternShift","BiteCommand","HandsUpC","WindUp","PrimeTime","HandsUpC"],"relics":["Chronometer","Replay:Wax Seal","DemoMod:LamentConfigurum"],"acts_visited":["Exordium"],"potions_floor_usage":[6],"damage_taken":[{"damage":1,"enemies":"Jaw Worm","floor":1,"turns":5},{"damage":0,"enemies":"Cultist","floor":2,"turns":4},{"damage":26,"enemies":"Small Slimes","floor":4,"turns":6},{"damage":46,"enemies":"Gremlin Nob","floor":6,"turns":4}],"seed_played":"-1019444768650369082","potions_obtained":[{"floor":1,"key":"FearPotion"},{"floor":4,"key":"Toxic Potion"}],"is_trial":false,"path_per_floor":["M","M","?","M","$","E"],"character_chosen":"CHRONO_CLASS","items_purchased":["Replay:Wax Seal","PrimeTime","HandsUpC"],"campfire_rested":0,"item_purchase_floors":[0,5,5],"current_hp_per_floor":[64,64,64,38,38,0,0],"gold":71,"neow_bonus":"","is_daily":false,"chose_seed":false,"campfire_upgraded":0,"win_rate":0.0,"timestamp":1612229038,"path_taken":["M","M","?","M","$","E"],"items_purchased_type":["Relic","Card","Card"],"build_version":"2020-12-22","purchased_purges":0,"victory":false,"max_hp_per_floor":[65,65,65,65,65,65,65],"relic_stats":{"counters":[47,184],"obtain_stats":[{"DemoMod:GreenGuonStone":23,"Bromod:ArcaneAvenger":0,"DemoMod:BlueGuonStone":9,"CeramicFish":9,"halation:TrafficLight":38,"Blue Doll":11,"DemoMod:GlassGuonStoneRelic":1,"Replay:Multitool":6,"Uniform":2,"Boot":34,"Frozen Eye":44,"Ring of Fangs":3,"infinitespire:ShieldingShard":34,"Matryoshka":0,"hubris:Icosahedron":12,"halation:PrussianBluePaint":9,"infinitespire:Golems Mask":7,"DemoMod:LamentConfigurum":3,"Vampire_Amulet":7,"DemoMod:GnawedKey":0,"halation:KoshaPiece":7,"Replay:Wax Seal":44,"InkBottle":5,"Runic Pyramid":0,"TheCursedMod:BlackMagic101":0,"BargainBundle":0,"ReplayTheSpireMod:Ninjato":9,"Replay:Towering Pillar of Hats":34,"Oddly Smooth Stone":25,"DemoMod:PinkGuonStone":10,"Replay:Ancient Bell":34,"SpringShield":6,"halation:Thesaurus":44,"hubris:Towel":20,"Du-Vu Doll":44,"halation:NonexistentMirror":14,"CaptainsWheel":0,"Chronometer":4,"Bromod:ArcaneEnergize":17,"hubris:PeanutButter":26,"ChewingGum":44,"Art of War":9,"hubris:TenFootPole":5,"Membership Card":11,"halation:LostSnail":11,"Grinning Jar":44,"Bromod:DragonsCurse":0,"infinitespire:PuzzleCube":13},{"DemoMod:GreenGuonStone":11,"Bromod:ArcaneAvenger":36,"DemoMod:BlueGuonStone":5,"CeramicFish":32,"halation:TrafficLight":18,"Blue Doll":41,"DemoMod:GlassGuonStoneRelic":1,"Replay:Multitool":3,"Uniform":30,"Boot":17,"Frozen Eye":20,"Ring of Fangs":1,"infinitespire:ShieldingShard":17,"Matryoshka":24,"hubris:Icosahedron":33,"halation:PrussianBluePaint":27,"infinitespire:Golems Mask":32,"DemoMod:LamentConfigurum":45,"Vampire_Amulet":27,"DemoMod:GnawedKey":24,"halation:KoshaPiece":27,"Replay:Wax Seal":20,"InkBottle":2,"Runic Pyramid":36,"TheCursedMod:BlackMagic101":0,"BargainBundle":28,"ReplayTheSpireMod:Ninjato":41,"Replay:Towering Pillar of Hats":17,"Oddly Smooth Stone":12,"DemoMod:PinkGuonStone":5,"Replay:Ancient Bell":17,"SpringShield":40,"halation:Thesaurus":20,"hubris:Towel":8,"Du-Vu Doll":20,"halation:NonexistentMirror":6,"CaptainsWheel":36,"Chronometer":38,"Bromod:ArcaneEnergize":7,"hubris:PeanutButter":12,"ChewingGum":20,"Art of War":27,"hubris:TenFootPole":39,"Membership Card":5,"halation:LostSnail":5,"Grinning Jar":20,"Bromod:DragonsCurse":24,"infinitespire:PuzzleCube":6},{"DemoMod:GreenGuonStone":40,"Bromod:ArcaneAvenger":137,"DemoMod:BlueGuonStone":17,"CeramicFish":124,"halation:TrafficLight":68,"Blue Doll":158,"DemoMod:GlassGuonStoneRelic":2,"Replay:Multitool":11,"Uniform":115,"Boot":65,"Frozen Eye":75,"Ring of Fangs":2,"infinitespire:ShieldingShard":65,"Matryoshka":91,"hubris:Icosahedron":127,"halation:PrussianBluePaint":107,"infinitespire:Golems Mask":124,"DemoMod:LamentConfigurum":174,"Vampire_Amulet":104,"DemoMod:GnawedKey":91,"halation:KoshaPiece":107,"Replay:Wax Seal":75,"InkBottle":5,"Runic Pyramid":137,"TheCursedMod:BlackMagic101":0,"BargainBundle":109,"ReplayTheSpireMod:Ninjato":158,"Replay:Towering Pillar of Hats":65,"Oddly Smooth Stone":43,"DemoMod:PinkGuonStone":17,"Replay:Ancient Bell":65,"SpringShield":156,"halation:Thesaurus":75,"hubris:Towel":31,"Du-Vu Doll":75,"halation:NonexistentMirror":21,"CaptainsWheel":137,"Chronometer":143,"Bromod:ArcaneEnergize":28,"hubris:PeanutButter":43,"ChewingGum":75,"Art of War":107,"hubris:TenFootPole":151,"Membership Card":17,"halation:LostSnail":17,"Grinning Jar":75,"Bromod:DragonsCurse":91,"infinitespire:PuzzleCube":21}]},"card_choices":[{"not_picked":["WindUp","AlternateTimeline"],"picked":"BiteCommand","floor":1},{"not_picked":["LockedOrichalcum","LockedTornado"],"picked":"HandsUpC","floor":2},{"not_picked":["Parity","CrunchTime"],"picked":"WindUp","floor":4}],"player_experience":159945,"relics_obtained":[{"floor":3,"key":"DemoMod:LamentConfigurum"}],"event_choices":[{"damage_healed":0,"gold_gain":0,"player_choice":"Relic","damage_taken":0,"max_hp_gain":0,"max_hp_loss":0,"event_name":"Wheel of Change","floor":3,"gold_loss":0}],"is_beta":false,"boss_relics":[],"items_purged_floors":[],"is_endless":false,"potions_floor_spawned":[1,4],"killed_by":"Gremlin Nob","ascension_level":0}}