{"host":"9slw7l0ws16384qq","time":1612289294,"event":{"mods":["A Penny For Your Troubles","BaseMod","Colored Map","Downfall","Evolution","Hubris","Minty Spire (QoL Compilation)","Replay The Spire","StS++","StSLib"],"gold_per_floor":[99,116,116,26,26,26,26,26,26,26,53,69,100,100,129,143,154,250,250,250,268,368,381,393,410,464,499,499,527,537,569,369,388,403,500,500,400,416,466,316,328,328,328,353,367,367,401,231,231,241,252,253,253,253,253,253],"floor_reached":54,"language":"FRA","playtime":3000,"items_purged":["Slimebound:Defend_Slimebound"],"score":1124,"play_id":"c39771d8-0e50-49ca-91f4-388aa1677d9b","local_time":"20210202190814","is_ascension_mode":true,"campfire_choices":[{"data":"Slimebound:Defend_Slimebound","floor":1.0,"key":"PURGE"},{"data":"Slimebound:CorrosiveSpit","floor":6.0,"key":"SMITH"},{"data":"Slimebound:Split","floor":10.0,"key":"SMITH"},{"data":"Slimebound:LeechingTouch","floor":14.0,"key":"SMITH"},{"data":"Slimebound:Schlurp","floor":20.0,"key":"SMITH"},{"floor":32.0,"key":"RECALL"},{"data":"Slimebound:Defend_Slimebound","floor":37.0,"key":"SMITH"},{"data":"1","floor":42.0,"key":"LIFT"},{"data":"2","floor":46.0,"key":"LIFT"},{"data":"3","floor":49,"key":"LIFT"}],"circlet_count":0,"master_deck":["Slimebound:LeechingTouch+1","Slimebound:Tackle","Slimebound:Defend_Slimebound+1","Slimebound:Split+1","Slimebound:CorrosiveSpit+1","Slimebound:Equalize+1","Slimebound:Equalize+1","Slimebound:Equalize+1","Slimebound:Schlurp+1","Slimebound:MassFeed+1","Slimebound:RejuvenatingLick+1","Slimebound:PressTheAttack+1","Slimebound:LevelUp+1","Slimebound:SamplingLick+1","Slimebound:Equalize+1","Slimebound:Grow+1"],"relics":["Slimebound:AbsorbEndCombat","EVO:Axolotl","Blood Vial","Pantograph","hubris:MysteriousPyramids","Molten Egg 2","Regal Pillow","ReplayTheSpireMod:Lightbulb","Astrolabe","Bag of Preparation","MutagenicStrength","Replay:Rubber Ducky","bronze:BronzeIdol","downfall:HeartBlessingGreen","downfall:HeartBlessingBlue","hubris:ScarierMask","downfall:HeartBlessingRed","Girya","Ancient Tea Set","Lantern","Orichalcum","ClockworkSouvenir"],"acts_visited":["Exordium","TheCity","TheBeyond","TheEnding"],"potions_floor_usage":[52,52,52],"damage_taken":[{"damage":1.0,"enemies":"Cultist","floor":2.0,"turns":3.0},{"damage":6.0,"enemies":"downfall:FleeingMerchant","floor":4.0,"turns":4.0},{"damage":7.0,"enemies":"Lagavulin","floor":11.0,"turns":4.0},{"damage":0.0,"enemies":"Small Slimes","floor":12.0,"turns":2.0},{"damage":41.0,"enemies":"3 Sentries","floor":13.0,"turns":8.0},{"damage":1.0,"enemies":"Gremlin Nob","floor":15.0,"turns":3.0},{"damage":7.0,"enemies":"Jaw Worm","floor":16.0,"turns":2.0},{"damage":10.0,"enemies":"Blue Slaver","floor":17.0,"turns":3.0},{"damage":29.0,"enemies":"IC_STATUS_ARCHETYPE","floor":18.0,"turns":7.0},{"damage":12.0,"enemies":"Chosen","floor":21.0,"turns":4.0},{"damage":20.0,"enemies":"Shell Parasite","floor":23.0,"turns":4.0},{"damage":10.0,"enemies":"3 Cultists","floor":24.0,"turns":5.0},{"damage":40.0,"enemies":"Snake Plant","floor":25.0,"turns":4.0},{"damage":36.0,"enemies":"Slavers","floor":27.0,"turns":5.0},{"damage":49.0,"enemies":"Book of Stabbing","floor":29.0,"turns":5.0},{"damage":7.0,"enemies":"Snecko","floor":30.0,"turns":3.0},{"damage":22.0,"enemies":"Gremlin Leader","floor":31.0,"turns":6.0},{"damage":2.0,"enemies":"Centurion and Healer","floor":33.0,"turns":5.0},{"damage":9.0,"enemies":"Cultist and Chosen","floor":34.0,"turns":5.0},{"damage":40.0,"enemies":"WA_ARCHETYPE_CALM","floor":35.0,"turns":9.0},{"damage":20.0,"enemies":"Orb Walker","floor":38.0,"turns":5.0},{"damage":0.0,"enemies":"Orb Walker","floor":39.0,"turns":4.0},{"damage":4.0,"enemies":"3 Shapes","floor":41.0,"turns":4.0},{"damage":85.0,"enemies":"Reptomancer","floor":44.0,"turns":6.0},{"damage":5.0,"enemies":"Transient","floor":45.0,"turns":5.0},{"damage":39.0,"enemies":"R_Hoarder","floor":47.0,"turns":7.0},{"damage":8,"enemies":"downfall:FleeingMerchant","floor":48,"turns":4},{"damage":35,"enemies":"Maw","floor":50,"turns":6},{"damage":0,"enemies":"Sphere and 2 Shapes","floor":51,"turns":3},{"damage":81,"enemies":"SI_POISON_ARCHETYPE","floor":52,"turns":15},{"damage":193,"enemies":"downfall:CharBossMerchant","floor":54,"turns":11}],"seed_played":"-27324077812497562","potions_obtained":[{"floor":2.0,"key":"ColorlessPotion"},{"floor":5.0,"key":"Slimebound:SlimyTonguePotion"},{"floor":5.0,"key":"Energy Potion"},{"floor":5.0,"key":"hexamod:SoulburnPotion"},{"floor":12.0,"key":"champ:CounterPotion"},{"floor":23.0,"key":"CultistPotion"},{"floor":27.0,"key":"Milkshake"},{"floor":33.0,"key":"Strength Potion"}],"is_trial":false,"path_per_floor":["R_BF","M","T","$","?","R","PTL","PTL","T","R","E","M","E","R","E","M","M","B",null,"R_BF","M","?","M","M","M","T","E","?","E","M","E","R","M","M","B",null,"R","M","?","?","M","R","T","E","M","R","E","$","R","M","M","B",null,"E"],"character_chosen":"SLIMEBOUND","items_purchased":["ClockworkSouvenir"],"campfire_rested":0,"item_purchase_floors":[48],"current_hp_per_floor":[59,64,64,61,61,61,61,61,61,61,60,65,55,55,65,65,63,65,65,65,61,61,65,77,43,43,57,57,58,87,93,103,107,105,98,108,108,97,123,133,137,137,137,104,136,136,98,137,137,124,141,90,128,0,0,0],"gold":253,"neow_bonus":"RANDOM_COMMON_RELIC","is_daily":false,"chose_seed":false,"campfire_upgraded":5,"win_rate":0.0,"timestamp":1612289294,"path_taken":["R_BF","M","?","$","?","R","PTL","PTL","T","R","E","M","E","R","E","?","M","BOSS","R_BF","M","?","M","M","M","T","E","?","E","M","E","R","M","M","BOSS","R","M","?","?","M","R","T","E","M","R","E","$","R","?","M","BOSS","E"],"items_purchased_type":["Relic"],"build_version":"2020-12-22","purchased_purges":1,"victory":false,"max_hp_per_floor":[65,65,65,65,65,65,65,65,65,65,65,65,65,65,65,65,65,65,65,65,69,69,73,77,81,81,85,85,89,93,93,103,107,111,111,111,111,115,123,133,137,137,137,137,137,137,137,137,137,137,141,141,141,141,141,141],"card_choices":[{"not_picked":["Slimebound:SamplingLick","Slimebound:FinishingTackle","Slimebound:SlimeSpikes"],"picked":"SKIP","floor":2.0},{"not_picked":["Slimebound:Nibble","Slimebound:SplitBruiser","Slimebound:LeechingTouch"],"picked":"SKIP","floor":4.0},{"not_picked":["Slimebound:Dissolve","Slimebound:SlimeBarrage+1"],"picked":"Slimebound:Equalize+1","floor":11.0},{"not_picked":["Slimebound:Prepare","Slimebound:HauntingLick"],"picked":"Slimebound:Equalize+1","floor":12.0},{"not_picked":["Slimebound:SplitMire","Slimebound:LeechingTouch+1","Slimebound:LeechEnergy+1"],"picked":"SKIP","floor":13.0},{"not_picked":["Slimebound:GoopSpray","Slimebound:SplitMire"],"picked":"Slimebound:Equalize+1","floor":15.0},{"not_picked":["Slimebound:LeadByExample","Slimebound:LeechEnergy+1","Slimebound:LeechingTouch+1"],"picked":"SKIP","floor":16.0},{"not_picked":["Slimebound:WasteNot","Slimebound:ComboTackle+1"],"picked":"Slimebound:Schlurp","floor":17.0},{"not_picked":["Slimebound:ItLooksTasty+1","Slimebound:RollThrough+1","Slimebound:LeechingTouch+1"],"picked":"SKIP","floor":21.0},{"not_picked":["Slimebound:Gluttony+1","Slimebound:SlimeSpikes","Slimebound:LeechEnergy+1"],"picked":"SKIP","floor":23.0},{"not_picked":["Slimebound:LeechEnergy+1","Slimebound:SplitMire","Slimebound:ItLooksTasty+1"],"picked":"SKIP","floor":24.0},{"not_picked":["Slimebound:LeechingTouch+1","Slimebound:FlameTackle+1","Slimebound:Darklings"],"picked":"SKIP","floor":25.0},{"not_picked":["Slimebound:SlimeSpikes","Slimebound:SlimeTap"],"picked":"Slimebound:LevelUp+1","floor":27.0},{"not_picked":["Slimebound:BestDefense","Slimebound:SlimeSpikes","Slimebound:SlimeBarrage+1"],"picked":"SKIP","floor":29.0},{"not_picked":["Slimebound:HauntingLick","Slimebound:Equalize+1"],"picked":"Slimebound:SamplingLick+1","floor":30.0},{"not_picked":["Slimebound:SplitMire","Slimebound:Dissolve+1"],"picked":"Slimebound:Equalize+1","floor":31.0},{"not_picked":["Slimebound:SlimeTap+1","Slimebound:ItLooksTasty+1"],"picked":"Slimebound:Grow+1","floor":33.0},{"not_picked":["Slimebound:ProtectTheBoss","Slimebound:Recollect","Slimebound:SlimeBrawl"],"picked":"SKIP","floor":34.0},{"not_picked":["Slimebound:Grow+1","Slimebound:GoopSpray","Slimebound:LeechEnergy+1"],"picked":"SKIP","floor":38.0},{"not_picked":["Slimebound:RainOfGoop+1","Slimebound:DisruptingSlam+1","Slimebound:RollThrough+1"],"picked":"SKIP","floor":41.0},{"not_picked":["Slimebound:DouseInSlime","Slimebound:FlameTackle+1","Slimebound:Grow+1"],"picked":"SKIP","floor":44.0},{"not_picked":["Slimebound:RollThrough+1","Slimebound:BestDefense","Slimebound:Chomp+1"],"picked":"SKIP","floor":45.0},{"not_picked":["Slimebound:Prepare+1","Slimebound:ComboTackle+1","Slimebound:RollThrough+1"],"picked":"SKIP","floor":47.0},{"not_picked":["Slimebound:SplitAcid","Slimebound:LeechingTouch+1","Slimebound:GoopTackle+1"],"picked":"SKIP","floor":48},{"not_picked":["Slimebound:SplitSpecialist+1","Slimebound:SplitAcid","Slimebound:Nibble+1"],"picked":"SKIP","floor":50},{"not_picked":["Slimebound:GoopSpray+1","Slimebound:FormOfPuddle+1","Slimebound:Gluttony"],"picked":"SKIP","floor":51}],"player_experience":1591487,"relics_obtained":[{"floor":3.0,"key":"Pantograph"},{"floor":9.0,"key":"hubris:MysteriousPyramids"},{"floor":11.0,"key":"Molten Egg 2"},{"floor":13.0,"key":"Regal Pillow"},{"floor":15.0,"key":"ReplayTheSpireMod:Lightbulb"},{"floor":27.0,"key":"Bag of Preparation"},{"floor":29.0,"key":"Replay:Rubber Ducky"},{"floor":31.0,"key":"bronze:BronzeIdol"},{"floor":39.0,"key":"Girya"},{"floor":43.0,"key":"Ancient Tea Set"},{"floor":44.0,"key":"Lantern"},{"floor":47.0,"key":"Orichalcum"}],"event_choices":[{"damage_healed":0.0,"max_hp_gain":0.0,"max_hp_loss":0.0,"gold_gain":0.0,"event_name":"Lab","player_choice":"Got Potions","floor":5.0,"gold_loss":0.0,"damage_taken":0.0},{"damage_healed":0.0,"max_hp_gain":0.0,"max_hp_loss":0.0,"gold_gain":0.0,"event_name":"Drug Dealer","player_choice":"Inject Mutagens","floor":28.0,"gold_loss":0.0,"damage_taken":0.0,"relics_obtained":["MutagenicStrength"]}],"is_beta":false,"boss_relics":[{"not_picked":["Runic Dome","StSpp:CrystalBall"],"picked":"Astrolabe"},{"not_picked":["StSpp:PileOfSugar","hubris:HollowSoul"],"picked":"hubris:ScarierMask"}],"items_purged_floors":[4],"is_endless":false,"potions_floor_spawned":[2,12,16,17,18,23,24,27,33,35,39,44,47,51],"killed_by":"downfall:CharBossMerchant","ascension_level":7}}