{"host":"q2l6xtlpu05lrop8","time":1612308109,"event":{"mods":["AchievementEnabler","BaseMod","Colored Map","Googly Eyes","Minty Spire (QoL Compilation)","StSLib","The IronCluck","slay the spire mod where everything is the same but ironclad has a cowboy hat"],"gold_per_floor":[118,130,146,158,175,212,212,74,98,139,139,179,179,214,214,301,301,315,351,364,23,37,68,68,108,108,151,151,192,209,226,226,312,312,332,351,366,384,397,438,438,774,774,814,830,830,865,885,885,885,885],"floor_reached":52,"language":"ENG","playtime":4172,"items_purged":[],"score":2718,"play_id":"5cda0f4e-6f56-4f47-be1d-bbd119900f29","local_time":"20210202152149","daily_mods":["SealedDeck","Vintage","Diverse","Heirloom","Elite Swarm"],"is_ascension_mode":true,"campfire_choices":[{"data":"True Grit","floor":7,"key":"SMITH"},{"data":"Go for the Eyes","floor":11,"key":"SMITH"},{"data":"Phantasmal Killer","floor":13,"key":"SMITH"},{"data":"Demon Form","floor":15,"key":"SMITH"},{"data":"After Image","floor":24,"key":"SMITH"},{"data":"Brutality","floor":28,"key":"SMITH"},{"data":"Adrenaline","floor":32,"key":"SMITH"},{"data":"Offering","floor":41,"key":"SMITH"},{"data":"Vault","floor":46,"key":"SMITH"},{"data":"Pommel Strike","floor":49,"key":"SMITH"}],"circlet_count":0,"master_deck":["AscendersBane","Go for the Eyes+1","Sword Boomerang","Conclude+1","Thunderclap","Pommel Strike+1","Evaluate+1","Pommel Strike","Blade Dance","True Grit+1","Flame Barrier+1","Ragnarok+1","Wireheading","Rage","Tools of the Trade","Phantasmal Killer+1","Demon Form+1","After Image+1","Burning Pact+1","Inflame","MasterReality","Brutality+1","Adrenaline+1","Offering+1","Impervious","Vault+1","SpiritShield","Exhume"],"relics":["Burning Blood","Dead Branch","CeramicFish","War Paint","Vajra","Bronze Scales","Regal Pillow","Prayer Wheel","Dream Catcher","Letter Opener","Mango","Gambling Chip","SlaversCollar","Bottled Tornado","Red Mask","Pear","White Beast Statue","Ornamental Fan","Potion Belt","Bird Faced Urn","Mummified Hand","Champion Belt","Boot","Smiling Mask","Omamori","Coffee Dripper","MealTicket","Magic Flower","Nunchaku","Singing Bowl","Gremlin Horn","Oddly Smooth Stone","Old Coin","Paper Frog","Whetstone","HornCleat","Pantograph","StrikeDummy"],"acts_visited":["Exordium","TheCity","TheBeyond"],"potions_floor_usage":[23,23,25,35,51,51,51,51],"damage_taken":[{"damage":5,"enemies":"Jaw Worm","floor":1,"turns":2},{"damage":0,"enemies":"Cultist","floor":2,"turns":2},{"damage":0,"enemies":"2 Louse","floor":3,"turns":2},{"damage":3,"enemies":"Blue Slaver","floor":4,"turns":2},{"damage":6,"enemies":"Exordium Thugs","floor":5,"turns":3},{"damage":7,"enemies":"3 Sentries","floor":6,"turns":3},{"damage":1,"enemies":"Lagavulin","floor":10,"turns":5},{"damage":0,"enemies":"3 Sentries","floor":12,"turns":3},{"damage":14,"enemies":"Lagavulin","floor":14,"turns":4},{"damage":0,"enemies":"Slime Boss","floor":16,"turns":4},{"damage":6,"enemies":"Chosen","floor":18,"turns":2},{"damage":1,"enemies":"Masked Bandits","floor":19,"turns":2},{"damage":5,"enemies":"Shell Parasite","floor":20,"turns":3},{"damage":2,"enemies":"Snake Plant","floor":22,"turns":2},{"damage":5,"enemies":"Slavers","floor":23,"turns":3},{"damage":0,"enemies":"Gremlin Leader","floor":25,"turns":3},{"damage":1,"enemies":"Book of Stabbing","floor":27,"turns":3},{"damage":13,"enemies":"Slavers","floor":29,"turns":2},{"damage":5,"enemies":"Centurion and Healer","floor":30,"turns":3},{"damage":2,"enemies":"Sentry and Sphere","floor":31,"turns":3},{"damage":4,"enemies":"Collector","floor":33,"turns":5},{"damage":6,"enemies":"Orb Walker","floor":35,"turns":2},{"damage":7,"enemies":"3 Darklings","floor":36,"turns":2},{"damage":8,"enemies":"Sphere and 2 Shapes","floor":37,"turns":3},{"damage":16,"enemies":"Writhing Mass","floor":38,"turns":4},{"damage":7,"enemies":"Jaw Worm Horde","floor":39,"turns":2},{"damage":13,"enemies":"Giant Head","floor":40,"turns":3},{"damage":9,"enemies":"Nemesis","floor":42,"turns":3},{"damage":7,"enemies":"Giant Head","floor":44,"turns":2},{"damage":8,"enemies":"Maw","floor":45,"turns":3},{"damage":8,"enemies":"Nemesis","floor":47,"turns":3},{"damage":10,"enemies":"Transient","floor":48,"turns":5},{"damage":24,"enemies":"Time Eater","floor":50,"turns":5},{"damage":24,"enemies":"Donu and Deca","floor":51,"turns":4}],"seed_played":"-4058584647166523424","potions_obtained":[{"floor":2,"key":"SkillPotion"},{"floor":3,"key":"SpeedPotion"},{"floor":4,"key":"BlessingOfTheForge"},{"floor":12,"key":"DuplicationPotion"},{"floor":22,"key":"DistilledChaos"},{"floor":23,"key":"DistilledChaos"},{"floor":25,"key":"Strength Potion"},{"floor":27,"key":"Swift Potion"},{"floor":29,"key":"Weak Potion"},{"floor":30,"key":"EntropicBrew"},{"floor":35,"key":"ColorlessPotion"},{"floor":38,"key":"GamblersBrew"}],"is_trial":true,"path_per_floor":["M","M","M","M","M","E","R","$","T","E","R","E","R","E","R","B",null,"M","?","M","$","M","E","R","E","T","E","R","E","M","M","R","B",null,"M","M","M","M","M","E","R","E","T","E","M","R","E","M","R","B","B",null],"character_chosen":"IRONCLAD","items_purchased":["Wireheading","Rage","Inflame","White Beast Statue"],"campfire_rested":0,"item_purchase_floors":[8,8,21,21],"current_hp_per_floor":[69,75,75,75,75,74,74,74,74,75,75,89,89,81,81,87,89,89,89,99,99,99,99,99,99,99,99,99,94,99,99,99,99,99,99,99,99,99,99,99,99,99,99,99,99,99,99,99,99,95,96],"gold":885,"neow_bonus":"","is_daily":false,"chose_seed":false,"campfire_upgraded":10,"win_rate":0.0,"timestamp":1612308109,"path_taken":["M","M","M","M","M","E","R","$","T","E","R","E","R","E","R","BOSS","M","?","M","$","M","E","R","E","T","E","R","E","M","M","R","BOSS","M","M","M","M","M","E","R","E","T","E","M","R","E","M","R","BOSS","BOSS"],"items_purchased_type":["Card","Card","Card","Relic"],"build_version":"2020-12-22","purchased_purges":0,"victory":true,"max_hp_per_floor":[75,75,75,75,75,75,75,75,75,75,75,89,89,89,89,89,89,89,89,99,99,99,99,99,99,99,99,99,99,99,99,99,99,99,99,99,99,99,99,99,99,99,99,99,99,99,99,99,99,99,99],"card_choices":[{"not_picked":["LessonLearned","Seek"],"picked":"Ragnarok","floor":6},{"not_picked":["A Thousand Cuts","Thunder Strike"],"picked":"Tools of the Trade","floor":10},{"not_picked":["LessonLearned","Juggernaut"],"picked":"Phantasmal Killer","floor":12},{"not_picked":["Fiend Fire","Biased Cognition"],"picked":"Demon Form","floor":14},{"not_picked":["Machine Learning","Night Terror"],"picked":"After Image","floor":16},{"not_picked":["Dropkick","Fusion"],"picked":"Burning Pact+1","floor":19},{"not_picked":["Alpha","Meteor Strike","Grand Finale"],"picked":"SKIP","floor":23},{"not_picked":["Demon Form","Brilliance"],"picked":"MasterReality","floor":25},{"not_picked":["Seek","Demon Form"],"picked":"Brutality","floor":27},{"not_picked":["Corpse Explosion","Scrawl"],"picked":"Adrenaline","floor":29},{"not_picked":["A Thousand Cuts","Echo Form"],"picked":"Offering","floor":33},{"not_picked":["Core Surge","Phantasmal Killer"],"picked":"Impervious","floor":40},{"not_picked":["Berserk","All For One"],"picked":"Vault","floor":42},{"not_picked":["Wraith Form v2","Rainbow"],"picked":"SpiritShield","floor":44},{"not_picked":["Establishment","Die Die Die"],"picked":"Exhume","floor":47}],"player_experience":817723,"relics_obtained":[{"floor":1,"key":"CeramicFish"},{"floor":2,"key":"War Paint"},{"floor":3,"key":"Vajra"},{"floor":4,"key":"Bronze Scales"},{"floor":5,"key":"Regal Pillow"},{"floor":6,"key":"Prayer Wheel"},{"floor":9,"key":"Dream Catcher"},{"floor":10,"key":"Letter Opener"},{"floor":12,"key":"Mango"},{"floor":14,"key":"Gambling Chip"},{"floor":18,"key":"Bottled Tornado"},{"floor":19,"key":"Red Mask"},{"floor":20,"key":"Pear"},{"floor":22,"key":"Ornamental Fan"},{"floor":23,"key":"Potion Belt"},{"floor":25,"key":"Bird Faced Urn"},{"floor":26,"key":"Mummified Hand"},{"floor":27,"key":"Champion Belt"},{"floor":29,"key":"Boot"},{"floor":30,"key":"Smiling Mask"},{"floor":31,"key":"Omamori"},{"floor":35,"key":"MealTicket"},{"floor":36,"key":"Magic Flower"},{"floor":37,"key":"Nunchaku"},{"floor":38,"key":"Singing Bowl"},{"floor":39,"key":"Gremlin Horn"},{"floor":40,"key":"Oddly Smooth Stone"},{"floor":42,"key":"Old Coin"},{"floor":43,"key":"Paper Frog"},{"floor":44,"key":"Whetstone"},{"floor":45,"key":"HornCleat"},{"floor":47,"key":"Pantograph"},{"floor":48,"key":"StrikeDummy"}],"event_choices":[{"damage_healed":0,"gold_gain":0,"player_choice":"Fought Bandits","damage_taken":0,"max_hp_gain":0,"max_hp_loss":0,"event_name":"Masked Bandits","floor":19,"gold_loss":0}],"is_beta":false,"boss_relics":[{"not_picked":["Black Star","Calling Bell"],"picked":"SlaversCollar"},{"not_picked":["Cursed Key","Velvet Choker"],"picked":"Coffee Dripper"}],"items_purged_floors":[],"is_endless":false,"potions_floor_spawned":[2,3,4,12,14,16,19,22,23,25,27,29,30,31,33,35,36,37,38,39,40,42,44,45,47,48],"ascension_level":20}}