{"host":"yzy3lyltrgq1sam1","time":1612239516,"event":{"mods":["Act Like it!","BaseMod","Downfall","Gensokyo","Koishi","KomeijiMod","Marisa£®ÏF”Í°°ƒß¿Ì…≥£©","Minty Spire (QoL Compilation)","Prisma Mod","Quick Restart","Reimu£®≤©¿ˆ¡È√Œ£©","Reliquary","Remilia£®¿Ÿ√◊¿Ú—«£©","StSLib","The Administrix","The Alterego","WarShipGirlsR/’ΩΩ¢…Ÿ≈ÆR mod","Youmu£®ªÍ∆«—˝√Œ£©","°æ“≈ŒÔø®≈∆°øREMEMod"],"gold_per_floor":[110,110,35,52,65,97,119,133,133,83,83,109,109,120,120,223,223,241,241,241,241,253,253,287,305,305,305,48,147,160,172,172,271,271,285,298,298,298],"floor_reached":37,"language":"ZHS","playtime":6247,"items_purged":["alterego_mod:Strike"],"score":474,"play_id":"687d98ee-6a23-45fc-8b1f-a8a11ade6780","local_time":"20210202121836","is_ascension_mode":false,"campfire_choices":[{"data":"alterego_mod:Nekomimi","floor":11,"key":"SMITH"},{"data":"alterego_mod:Mirror","floor":13,"key":"SMITH"},{"data":"champ:StrikeOfGenius","floor":15,"key":"SMITH"},{"data":"Slimebound:CheckThePlaybook","floor":23,"key":"SMITH"},{"floor":27,"key":"REST"},{"data":"alterego_mod:BigMeatyClaws","floor":32,"key":"SMITH"}],"circlet_count":0,"master_deck":["alterego_mod:Strike","alterego_mod:Strike","alterego_mod:Defend","alterego_mod:Defend","alterego_mod:Defend","alterego_mod:Defend","alterego_mod:Impale+1","alterego_mod:BigMeatyClaws+1","alterego_mod:BrynhildrsRune","champ:StrikeOfGenius+1","alterego_mod:Bounce","alterego_mod:Nekomimi+1","alterego_mod:Rake","alterego_mod:Mirror+1","alterego_mod:Undulate","alterego_mod:BiFurious+1","Slimebound:CheckThePlaybook+1","alterego_mod:Rip+1","alterego_mod:Birthday","alterego_mod:Birthday+1","alterego_mod:AlterEgo","alterego_mod:Exercise"],"relics":["alterego_mod:MasochisticConstitution","REME_ComplimentaryCards","Bottled Tornado","Odd Mushroom","Slimebound:PreparedRelic","Gremlin Horn","Philosopher\u0027s Stone","alterego_mod:FleetingLove","Toy Ornithopter","Unceasing Top","Singing Bowl","Busted Crown"],"acts_visited":["Exordium","TheCity","TheBeyond"],"potions_floor_usage":[7,16,18,24,24,24,24,25,33,33],"damage_taken":[{"damage":0,"enemies":"2 Louse","floor":1,"turns":4},{"damage":5,"enemies":"Cultist","floor":4,"turns":4},{"damage":7,"enemies":"Jaw Worm","floor":5,"turns":3},{"damage":18,"enemies":"3 Sentries","floor":6,"turns":7},{"damage":41,"enemies":"The Mushroom Lair","floor":7,"turns":9},{"damage":8,"enemies":"Blue Slaver","floor":8,"turns":7},{"damage":12,"enemies":"Lagavulin","floor":12,"turns":8},{"damage":1,"enemies":"Looter","floor":14,"turns":4},{"damage":9,"enemies":"Slime Boss","floor":16,"turns":8},{"damage":24,"enemies":"2 Thieves","floor":18,"turns":4},{"damage":7,"enemies":"Chosen","floor":22,"turns":4},{"damage":20,"enemies":"REME_1_Revenger","floor":24,"turns":4},{"damage":19,"enemies":"Centurion and Healer","floor":25,"turns":8},{"damage":3,"enemies":"Cultist and Chosen","floor":30,"turns":4},{"damage":15,"enemies":"Snake Plant","floor":31,"turns":3},{"damage":30,"enemies":"Collector","floor":33,"turns":5},{"damage":53,"enemies":"3 Darklings","floor":35,"turns":3},{"damage":21,"enemies":"Orb Walker","floor":36,"turns":2},{"damage":33,"enemies":"3 Darklings","floor":37,"turns":2}],"seed_played":"3557736277814344430","potions_obtained":[{"floor":4,"key":"SpeedPotion"},{"floor":6,"key":"Regen Potion"},{"floor":7,"key":"GamblersBrew"},{"floor":14,"key":"Explosive Potion"},{"floor":16,"key":"EntropicBrew"},{"floor":18,"key":"Block Potion"},{"floor":24,"key":"LiquidMemories"},{"floor":25,"key":"Fire Potion"},{"floor":30,"key":"GrandPatriotsElixir:ReiMu"},{"floor":36,"key":"UndeadPotion"}],"is_trial":false,"path_per_floor":["M","?","$","M","M","E","?","M","T","?","R","E","R","M","R","B",null,"M","?","?","?","M","R","E","M","T","R","$","?","M","M","R","B",null,"M","M","M"],"character_chosen":"The_Alterego","items_purchased":["Singing Bowl"],"campfire_rested":1,"item_purchase_floors":[28],"current_hp_per_floor":[77,77,77,73,67,64,53,53,53,53,53,49,49,56,56,76,85,62,62,62,32,26,26,14,21,21,47,47,47,68,68,68,56,96,51,31,0,0],"gold":298,"neow_bonus":"TEN_PERCENT_HP_BONUS","is_daily":false,"chose_seed":false,"campfire_upgraded":5,"win_rate":0.0,"timestamp":1612239516,"path_taken":["M","?","?","?","M","E","?","M","T","?","R","E","R","M","R","BOSS","M","?","?","?","?","R","E","M","T","R","$","?","M","M","R","BOSS","M","M","M"],"items_purchased_type":["Relic"],"build_version":"2020-12-22","purchased_purges":1,"victory":false,"max_hp_per_floor":[77,77,77,78,79,80,81,82,82,82,82,83,83,84,84,85,85,86,86,86,86,87,87,88,89,89,89,89,89,92,95,95,96,96,99,100,100,100],"card_choices":[{"not_picked":["alterego_mod:BoobPocket","alterego_mod:Jiggle","alterego_mod:GoddessCore"],"picked":"SKIP","floor":1},{"not_picked":["alterego_mod:Support","alterego_mod:Table","alterego_mod:Jiggle"],"picked":"SKIP","floor":4},{"not_picked":["alterego_mod:Punishment","alterego_mod:SakuraFive"],"picked":"alterego_mod:Bounce","floor":5},{"not_picked":["alterego_mod:BoobPocket","alterego_mod:Bounce"],"picked":"alterego_mod:Nekomimi","floor":6},{"not_picked":["alterego_mod:Stockings","alterego_mod:GoddessCore"],"picked":"alterego_mod:Rake","floor":7},{"not_picked":["alterego_mod:DestructionOfProperty","alterego_mod:GoddessCore","alterego_mod:HighServant"],"picked":"SKIP","floor":8},{"not_picked":["alterego_mod:BreastValley","alterego_mod:Jiggle"],"picked":"alterego_mod:Mirror","floor":12},{"not_picked":["alterego_mod:Belts","alterego_mod:Valkyrie"],"picked":"alterego_mod:Undulate","floor":14},{"not_picked":["alterego_mod:DiscoLights+1","alterego_mod:DeftHands"],"picked":"alterego_mod:BiFurious+1","floor":18},{"not_picked":["alterego_mod:Undulate","alterego_mod:Skirt+1"],"picked":"alterego_mod:Rip+1","floor":22},{"not_picked":["alterego_mod:Cooking+1","alterego_mod:InsideBaseball"],"picked":"alterego_mod:Birthday","floor":24},{"not_picked":["alterego_mod:Jiggle+1","alterego_mod:Pet+1"],"picked":"alterego_mod:Birthday+1","floor":25},{"not_picked":["alterego_mod:HighServant","alterego_mod:Nekomimi","alterego_mod:Punishment"],"picked":"Singing Bowl","floor":30},{"not_picked":["alterego_mod:Complex+1","alterego_mod:ChallengeComplete","alterego_mod:Undulate"],"picked":"Singing Bowl","floor":31},{"not_picked":["alterego_mod:Lift","alterego_mod:STier"],"picked":"alterego_mod:AlterEgo","floor":33},{"not_picked":["alterego_mod:SuperDuperMasochism+1"],"picked":"Singing Bowl","floor":35},{"not_picked":[],"picked":"alterego_mod:Exercise","floor":36}],"player_experience":906130,"relics_obtained":[{"floor":6,"key":"Bottled Tornado"},{"floor":7,"key":"Odd Mushroom"},{"floor":9,"key":"Slimebound:PreparedRelic"},{"floor":12,"key":"Gremlin Horn"},{"floor":24,"key":"Toy Ornithopter"},{"floor":26,"key":"Unceasing Top"}],"event_choices":[{"damage_healed":0,"gold_gain":0,"player_choice":"Forge","damage_taken":0,"max_hp_gain":0,"max_hp_loss":0,"event_name":"Accursed Blacksmith","floor":2,"gold_loss":0,"cards_upgraded":["alterego_mod:Impale"]},{"damage_healed":0,"gold_gain":0,"player_choice":"Fought Mushrooms","damage_taken":0,"max_hp_gain":0,"max_hp_loss":0,"event_name":"Mushrooms","floor":7,"gold_loss":0},{"cards_removed":["alterego_mod:Strike"],"damage_healed":0,"gold_gain":0,"player_choice":"Card Removal","damage_taken":0,"max_hp_gain":0,"max_hp_loss":0,"event_name":"The Cleric","floor":10,"gold_loss":50},{"damage_healed":0,"gold_gain":0,"player_choice":"Choice 1","damage_taken":0,"relics_obtained":["alterego_mod:FleetingLove"],"max_hp_gain":0,"max_hp_loss":0,"event_name":"∞Æµƒ…Ò •ª®‘∞","floor":19,"gold_loss":0},{"damage_healed":0,"gold_gain":0,"player_choice":"Ignored","damage_taken":0,"max_hp_gain":0,"max_hp_loss":0,"event_name":"Ghosts","floor":20,"gold_loss":0},{"damage_healed":0,"gold_gain":99,"player_choice":"Stole From Cult","damage_taken":0,"max_hp_gain":0,"max_hp_loss":0,"event_name":"Nest","floor":29,"gold_loss":0}],"is_beta":false,"boss_relics":[{"not_picked":["Pandora\u0027s Box","REME_DemonsWealth"],"picked":"Philosopher\u0027s Stone"},{"not_picked":["Astrolabe","reliquary:Craggleroot"],"picked":"Busted Crown"}],"items_purged_floors":[3],"is_endless":false,"potions_floor_spawned":[4,6,7,14,16,18,24,25,30,36],"killed_by":"3 Darklings","ascension_level":0}}