{"host":"fhwr1fuluf6086fh","time":1612286846,"event":{"mods":["2.2 Compatiblity","Act Like it!","BaseMod","Colored Map","Elementarium","Hermit","Minty Spire (QoL Compilation)","Robot Space Explorer","StSLib","The Blue Laboratory","The Caster","The Dragon Tamer","The Hierophant","TheSurvivalist"],"gold_per_floor":[113,125,141,151,151,151,161,192,215,215,305,480,21,135,135,355,355,425,440,440,540,540,646,646,751,751,850,850,984,1084,1164,1164],"floor_reached":31,"language":"ENG","playtime":5377,"items_purged":[],"score":326,"play_id":"257eaffa-1f07-4ec9-8e23-c0db7933dee1","local_time":"20210202122726","is_ascension_mode":true,"campfire_choices":[{"data":"survmod:MarkedShot","floor":6,"key":"SMITH"},{"data":"survmod:VersatileOffense","floor":10,"key":"SMITH"},{"data":"survmod:DuckAndFlare","floor":15,"key":"SMITH"},{"floor":24,"key":"REST"},{"floor":28,"key":"REST"}],"circlet_count":0,"master_deck":["survmod:Strike","survmod:Strike","survmod:Strike","survmod:Strike","survmod:Defend","survmod:Defend","survmod:Defend","survmod:Defend","survmod:VersatileOffense+1","survmod:Sprint+1","survmod:SwiftKick","survmod:MarkedShot+1","survmod:FlareBarrage","survmod:DuckAndFlare+1","survmod:ExplosiveTrap","survmod:RobFromTheRich+1","survmod:VersatileDefense","Doubt","survmod:OverwhelmingAssault+1","survmod:PiercingShot+1","survmod:MarkTrap","survmod:BendAndBow+1","survmod:MutantEnergy+1","survmod:SimpleMutation+1","survmod:UnfortunateEscape","survmod:MarkedFromAfar+1","survmod:MercifulShot+1","survmod:MarkedShot+1","survmod:ComplexMutation+1","survmod:SwiftKick+1","survmod:ComplexMutation+1"],"relics":["survmod:InnateMutation","Molten Egg 2","Nunchaku","Frozen Egg 2","Black Star","Tiny Chest","Nloth\u0027s Gift","survmod:SignalFlare","Kunai","Bottled Tornado","Oddly Smooth Stone","Omamori","Prayer Wheel","White Beast Statue"],"acts_visited":["Exordium","TheCity"],"potions_floor_usage":[14,23,25,25,29,30,30,30,30,31],"damage_taken":[{"damage":0,"enemies":"Small Slimes","floor":1,"turns":3},{"damage":0,"enemies":"2 Louse","floor":2,"turns":3},{"damage":0,"enemies":"Cultist","floor":3,"turns":4},{"damage":0,"enemies":"Large Slime","floor":4,"turns":5},{"damage":0,"enemies":"Looter","floor":7,"turns":4},{"damage":6,"enemies":"Lagavulin","floor":8,"turns":5},{"damage":5,"enemies":"Red Slaver","floor":11,"turns":5},{"damage":3,"enemies":"3 Sentries","floor":14,"turns":4},{"damage":21,"enemies":"Hexaghost","floor":16,"turns":9},{"damage":4,"enemies":"2 Thieves","floor":18,"turns":4},{"damage":7,"enemies":"3 Byrds","floor":19,"turns":3},{"damage":4,"enemies":"Snake Plant","floor":21,"turns":4},{"damage":8,"enemies":"Slavers","floor":23,"turns":5},{"damage":23,"enemies":"Book of Stabbing","floor":25,"turns":10},{"damage":5,"enemies":"Centurion and Healer","floor":27,"turns":5},{"damage":9,"enemies":"3 Cultists","floor":29,"turns":5},{"damage":5,"enemies":"Colosseum Slavers","floor":30,"turns":8},{"damage":2,"enemies":"Colosseum Nobs","floor":30,"turns":5},{"damage":29,"enemies":"Gremlin Leader","floor":31,"turns":6}],"seed_played":"-6326878703882882800","potions_obtained":[{"floor":2,"key":"DuplicationPotion"},{"floor":8,"key":"Block Potion"},{"floor":11,"key":"blueLaboratory:TrueEctoplasm"},{"floor":14,"key":"blueLaboratory:BubblePotion"},{"floor":23,"key":"EntropicBrew"},{"floor":25,"key":"blueLaboratory:LouseDecoction"},{"floor":29,"key":"blueLaboratory:HummingbirdPotion"}],"is_trial":false,"path_per_floor":["M","M","M","M","?","R","M","E","T","R","M","?","$","E","R","B",null,"M","M","?","M","?","E","R","E","T","M","R","M","?","E"],"character_chosen":"THE_SURVIVOR","items_purchased":["Frozen Egg 2","survmod:OverwhelmingAssault+1","survmod:PiercingShot+1","survmod:MarkTrap"],"campfire_rested":2,"item_purchase_floors":[13,13,13,13],"current_hp_per_floor":[55,55,55,55,55,55,55,49,49,49,44,44,44,41,41,20,55,51,44,44,40,40,32,48,25,25,20,36,27,22,0,0],"gold":1164,"neow_bonus":"TEN_PERCENT_HP_BONUS","is_daily":false,"chose_seed":false,"campfire_upgraded":3,"win_rate":0.0,"timestamp":1612286846,"path_taken":["M","M","M","M","?","R","M","E","T","R","M","?","$","E","R","BOSS","M","M","?","M","?","E","R","E","T","?","R","M","?","E"],"items_purchased_type":["Relic","Card","Card","Card"],"build_version":"2020-12-22","purchased_purges":0,"victory":false,"max_hp_per_floor":[55,55,55,55,55,55,55,55,55,55,55,55,55,55,55,55,55,55,55,55,55,55,55,55,55,55,55,55,55,57,57,57],"card_choices":[{"not_picked":["survmod:NockAnArrow","survmod:FindCover"],"picked":"survmod:SwiftKick","floor":1},{"not_picked":["survmod:FlashbangTrap","survmod:AimForTheLiver"],"picked":"survmod:MarkedShot","floor":2},{"not_picked":["survmod:Hawkeye","survmod:ShrapnelTraps"],"picked":"survmod:FlareBarrage","floor":3},{"not_picked":["survmod:MarkedFromAfar","survmod:MarkedForDeath"],"picked":"survmod:DuckAndFlare","floor":4},{"not_picked":["survmod:GoForFace","survmod:RejectWeakness"],"picked":"survmod:ExplosiveTrap","floor":7},{"not_picked":["survmod:MercifulShot+1","survmod:RejectWeakness"],"picked":"survmod:RobFromTheRich+1","floor":8},{"not_picked":["survmod:AcidTrap","survmod:FindCover"],"picked":"survmod:VersatileDefense","floor":11},{"not_picked":["survmod:FenceTrap","survmod:OverwhelmingAssault+1"],"picked":"survmod:BendAndBow+1","floor":14},{"not_picked":["survmod:ExpertSniper+1","survmod:RobFromTheRich+1"],"picked":"survmod:MutantEnergy+1","floor":16},{"not_picked":["survmod:KnowThyEnemy","survmod:AcidArrow"],"picked":"survmod:SimpleMutation+1","floor":18},{"not_picked":["survmod:NockAnArrow+1","survmod:Adaptability+1"],"picked":"survmod:UnfortunateEscape","floor":19},{"not_picked":["survmod:HiddenTactic","survmod:Detonation"],"picked":"survmod:MarkedFromAfar+1","floor":21},{"not_picked":["survmod:SimpleMutation+1","survmod:VersatileDefense"],"picked":"survmod:MercifulShot+1","floor":23},{"not_picked":["survmod:DuckAndFlare","survmod:Adaptability+1"],"picked":"survmod:MarkedShot+1","floor":25},{"not_picked":["survmod:MarkedShot+1","survmod:AcidTrap"],"picked":"survmod:ComplexMutation+1","floor":27},{"not_picked":["survmod:FindCover","survmod:AimForTheLiver+1"],"picked":"survmod:SwiftKick+1","floor":29},{"not_picked":["survmod:WalledOffTraps+1","survmod:ExplosiveTrap"],"picked":"survmod:ComplexMutation+1","floor":30}],"player_experience":1129295,"relics_obtained":[{"floor":8,"key":"Molten Egg 2"},{"floor":9,"key":"Nunchaku"},{"floor":14,"key":"Bag of Marbles"},{"floor":23,"key":"survmod:SignalFlare"},{"floor":23,"key":"Kunai"},{"floor":25,"key":"Bottled Tornado"},{"floor":25,"key":"Oddly Smooth Stone"},{"floor":26,"key":"Omamori"},{"floor":30,"key":"Prayer Wheel"},{"floor":30,"key":"White Beast Statue"}],"event_choices":[{"damage_healed":0,"gold_gain":0,"player_choice":"Grow","damage_taken":0,"max_hp_gain":0,"max_hp_loss":0,"event_name":"Living Wall","floor":5,"gold_loss":0,"cards_upgraded":["survmod:Sprint"]},{"damage_healed":0,"gold_gain":175,"player_choice":"AGREE","damage_taken":0,"max_hp_gain":0,"max_hp_loss":0,"event_name":"Liars Game","floor":12,"gold_loss":0,"cards_obtained":["Doubt"]},{"damage_healed":0,"gold_gain":0,"player_choice":"Opened","damage_taken":0,"relics_obtained":["Tiny Chest"],"max_hp_gain":0,"max_hp_loss":0,"event_name":"The Mausoleum","floor":20,"gold_loss":0},{"damage_healed":0,"gold_gain":0,"player_choice":"Traded Relic","damage_taken":0,"relics_obtained":["Nloth\u0027s Gift"],"max_hp_gain":0,"max_hp_loss":0,"event_name":"N\u0027loth","floor":22,"relics_lost":["Bag of Marbles"],"gold_loss":0},{"damage_healed":0,"gold_gain":0,"player_choice":"Fight","damage_taken":0,"max_hp_gain":0,"max_hp_loss":0,"event_name":"Colosseum","floor":30,"gold_loss":0},{"damage_healed":0,"gold_gain":0,"player_choice":"Fought Nobs","damage_taken":0,"max_hp_gain":0,"max_hp_loss":0,"event_name":"Colosseum","floor":30,"gold_loss":0}],"is_beta":false,"boss_relics":[{"not_picked":["Tiny House","Busted Crown"],"picked":"Black Star"}],"items_purged_floors":[],"is_endless":false,"potions_floor_spawned":[2,8,11,14,16,23,25,29,30],"killed_by":"Gremlin Leader","ascension_level":1}}