{"host":"8srk5r1dwtmjotwd","time":1612236756,"event":{"mods":["AchievementEnabler","Act Like it!","BaseMod","Beaked The Cultist","Bestiary","Better Note","Better Third Choice","Colored Map","Colored Powertips","Friendly Minions","GifTheSpireLib","Halation","Hallownest","Hermit","Hubris","Minty Spire (QoL Compilation)","Quick Restart","Rare Cards Sparkle","Replay The Spire","Shop Mod","StSLib","SuperFastMode","Synergy Search","The Bug Knight","The Construct","The Cursed","The Jungle","Thieving Mod","Yohane!","everything is the same but u backflip on backflip","slay the spire mod where everything is the same but ironclad has a cowboy hat"],"gold_per_floor":[113,188,203,220,495,495,512,526,526,551,561,561,561,573,573,674,674,687,687,699,699,455,455],"floor_reached":22,"language":"ENG","playtime":873,"items_purged":[],"score":178,"play_id":"6dfae0ea-b983-4a67-b3f4-ec4f7a0d58aa","local_time":"20210201223236","is_ascension_mode":false,"campfire_choices":[{"data":"hubris:ReadiedAction","floor":6,"key":"SMITH"},{"data":"hubris:CleavingFinish","floor":12,"key":"SMITH"},{"floor":15,"key":"REST"}],"circlet_count":0,"master_deck":["Strike_R","Strike_R","Strike_R","Strike_R","Strike_R","Defend_R","Defend_R","Defend_R","Defend_R","Bash","Sentinel","hubris:ReadiedAction+1","hubris:CleavingFinish+1","ReplayTheSpireMod:Strike From Hell","True Grit","Anger","Flex","Exhume","Searing Blow","ReplayReversal","Bash","Heavy Blade","hubris:DuctTapeCard"],"relics":["Burning Blood","NeowsBlessing","halation:BottledLove","Pen Nib","Vajra","Runic Pyramid","GremlinMask","hubris:DuctTape"],"acts_visited":["Exordium","TheCity"],"potions_floor_usage":[7,7,11,16],"damage_taken":[{"damage":0,"enemies":"2 Louse","floor":1,"turns":1},{"damage":0,"enemies":"Jaw Worm","floor":3,"turns":1},{"damage":0,"enemies":"Cultist","floor":4,"turns":1},{"damage":19,"enemies":"Exordium Thugs","floor":7,"turns":4},{"damage":7,"enemies":"2 Fungi Beasts","floor":8,"turns":3},{"damage":12,"enemies":"Blue Slaver","floor":11,"turns":3},{"damage":10,"enemies":"3 Louse","floor":14,"turns":3},{"damage":26,"enemies":"Slime Boss","floor":16,"turns":8},{"damage":25,"enemies":"Spheric Guardian","floor":18,"turns":4},{"damage":33,"enemies":"2 Thieves","floor":20,"turns":4}],"seed_played":"6782710748017391737","potions_obtained":[{"floor":1,"key":"AttackPotion"},{"floor":3,"key":"ColorlessPotion"},{"floor":8,"key":"Block Potion"},{"floor":11,"key":"DistilledChaos"},{"floor":20,"key":"AttackPotion"}],"is_trial":false,"path_per_floor":["M","?","M","M","?","R","M","M","T","T","M","R","?","M","R","B",null,"M","?","M","?","$"],"character_chosen":"IRONCLAD","items_purchased":["hubris:DuctTape"],"campfire_rested":1,"item_purchase_floors":[22],"current_hp_per_floor":[80,69,75,80,80,80,67,66,66,66,60,60,60,56,80,60,80,61,61,34,34,34,34],"gold":455,"neow_bonus":"THREE_ENEMY_KILL","is_daily":false,"chose_seed":false,"campfire_upgraded":2,"win_rate":0.0,"timestamp":1612236756,"path_taken":["M","?","M","M","?","R","?","M","T","?","M","R","?","M","R","BOSS","M","?","?","?","$"],"items_purchased_type":["Relic"],"build_version":"2020-12-22","purchased_purges":0,"victory":false,"max_hp_per_floor":[80,80,80,80,80,80,80,80,80,80,80,80,80,80,80,80,80,80,80,80,80,80,80],"card_choices":[{"not_picked":["Dual Wield","Bloodletting"],"picked":"Sentinel","floor":1},{"not_picked":["Clash","Reckless Charge"],"picked":"hubris:ReadiedAction","floor":3},{"not_picked":["hubris:ReadiedAction","Sword Boomerang"],"picked":"hubris:CleavingFinish","floor":4},{"not_picked":["Carnage","Body Slam"],"picked":"ReplayTheSpireMod:Strike From Hell","floor":7},{"not_picked":["Seeing Red","Run Through"],"picked":"True Grit","floor":8},{"not_picked":["Wild Strike","Warcry"],"picked":"Anger","floor":11},{"not_picked":["Replay:Undeath\u0027s Touch","Rage"],"picked":"Flex","floor":14},{"not_picked":["Brutality","Impervious"],"picked":"Exhume","floor":16},{"not_picked":["Cleave","Flex"],"picked":"Searing Blow","floor":18},{"not_picked":["Sentinel","True Grit"],"picked":"Heavy Blade","floor":20}],"player_experience":89188,"relics_obtained":[{"floor":9,"key":"halation:BottledLove"},{"floor":10,"key":"Pen Nib"}],"event_choices":[{"damage_healed":0,"gold_gain":75,"player_choice":"Gold","damage_taken":11,"max_hp_gain":0,"max_hp_loss":0,"event_name":"betterThird:BetterGoop","floor":2,"gold_loss":0},{"damage_healed":0,"gold_gain":275,"player_choice":"Desecrate","damage_taken":0,"max_hp_gain":0,"max_hp_loss":0,"event_name":"Golden Shrine","floor":5,"gold_loss":0,"cards_obtained":["Regret"]},{"damage_healed":0,"gold_gain":0,"player_choice":"Box","damage_taken":0,"relics_obtained":["Vajra"],"max_hp_gain":0,"max_hp_loss":0,"event_name":"Big Fish","floor":13,"gold_loss":0,"cards_obtained":["Regret"]},{"damage_healed":0,"gold_gain":0,"player_choice":"2 cards matched","damage_taken":0,"max_hp_gain":0,"max_hp_loss":0,"event_name":"Match and Keep!","floor":19,"gold_loss":0,"cards_obtained":["ReplayReversal","Bash"]},{"damage_healed":0,"gold_gain":0,"player_choice":"Trade","damage_taken":0,"relics_obtained":["GremlinMask"],"max_hp_gain":0,"max_hp_loss":0,"event_name":"FaceTrader","floor":21,"gold_loss":0}],"is_beta":false,"boss_relics":[{"not_picked":["Busted Crown","Velvet Choker"],"picked":"Runic Pyramid"}],"items_purged_floors":[],"is_endless":false,"potions_floor_spawned":[1,3,8,11,20],"ascension_level":0}}