{"host":"6r3ioyv75hs1gp74","time":1612289726,"event":{"mods":["AchievementEnabler","Act Like it!","BaseMod","Better Sensory Stone","Better Third Choice","Block Reminder","Colored Map","Colored Powertips","Curses Come First","Minty Spire (QoL Compilation)","StSLib"],"gold_per_floor":[112,124,124,17,37,37,37,53,77,3,33,45,57,85,97,206,218,241,271,283,283],"floor_reached":20,"language":"ENG","playtime":1322,"items_purged":[],"score":280,"play_id":"24705be1-ab26-418c-b706-106098d0c866","local_time":"20210202181526","is_ascension_mode":true,"campfire_choices":[{"data":"Echo Form","floor":6,"key":"SMITH"},{"data":"Hologram","floor":12,"key":"SMITH"},{"floor":15,"key":"REST"}],"circlet_count":0,"master_deck":["Strike_B","Strike_B","Strike_B","Strike_B","Defend_B","Defend_B","Defend_B","Defend_B","Zap","Dualcast","Echo Form+1","Self Repair","Doom and Gloom","Forethought","Enlightenment","Stack","Sweeping Beam","Hologram+1","Cold Snap","Compile Driver","Conserve Battery","Deep Breath","Zap","Glacier","Machine Learning","Ball Lightning+1","Redo"],"relics":["Cracked Core","Ancient Tea Set","MawBank","Runic Pyramid"],"acts_visited":["Exordium","TheCity"],"potions_floor_usage":[16,16,20,20,20],"damage_taken":[{"damage":2,"enemies":"Jaw Worm","floor":1,"turns":3},{"damage":2,"enemies":"2 Louse","floor":2,"turns":2},{"damage":2,"enemies":"Cultist","floor":5,"turns":4},{"damage":14,"enemies":"Blue Slaver","floor":8,"turns":4},{"damage":22,"enemies":"3 Sentries","floor":11,"turns":5},{"damage":2,"enemies":"Red Slaver","floor":14,"turns":3},{"damage":0,"enemies":"Slime Boss","floor":16,"turns":8},{"damage":25,"enemies":"Spheric Guardian","floor":18,"turns":5},{"damage":26,"enemies":"Shell Parasite","floor":19,"turns":8},{"damage":40,"enemies":"Centurion and Healer","floor":20,"turns":6}],"seed_played":"-1603530955277953393","potions_obtained":[{"floor":1,"key":"LiquidBronze"},{"floor":5,"key":"FocusPotion"},{"floor":14,"key":"Strength Potion"},{"floor":16,"key":"SneckoOil"},{"floor":19,"key":"ColorlessPotion"}],"is_trial":false,"path_per_floor":["M","M","?","$","M","R","$","M","T","$","E","R","?","M","R","B",null,"M","M","M"],"character_chosen":"DEFECT","items_purchased":["Enlightenment","Stack","Cold Snap","Compile Driver"],"campfire_rested":1,"item_purchase_floors":[4,4,10,10],"current_hp_per_floor":[52,57,57,57,62,62,62,62,62,62,40,40,40,38,60,67,73,55,36,0,0],"gold":283,"neow_bonus":"THREE_RARE_CARDS","is_daily":false,"chose_seed":false,"campfire_upgraded":2,"win_rate":0.0,"timestamp":1612289726,"path_taken":["M","M","?","?","M","R","$","M","T","$","E","R","?","?","R","BOSS","M","M","M"],"items_purchased_type":["Card","Card","Card","Card"],"build_version":"2020-12-22","purchased_purges":0,"victory":false,"max_hp_per_floor":[75,75,75,75,75,75,75,75,75,75,75,75,75,75,75,75,75,75,75,75,75],"card_choices":[{"not_picked":["Thunder Strike","Buffer"],"picked":"Echo Form","floor":0},{"not_picked":["Double Energy","Rebound"],"picked":"Self Repair","floor":1},{"not_picked":["Rebound","Hologram"],"picked":"Doom and Gloom","floor":2},{"not_picked":["PanicButton","Blind"],"picked":"Forethought","floor":3},{"not_picked":["Auto Shields","Self Repair"],"picked":"Sweeping Beam","floor":5},{"not_picked":["Streamline","Hyperbeam"],"picked":"Hologram","floor":8},{"not_picked":["Consume","Barrage"],"picked":"Conserve Battery","floor":11},{"not_picked":["Consume","Compile Driver"],"picked":"Glacier","floor":14},{"not_picked":["Thunder Strike","Creative AI"],"picked":"Machine Learning","floor":16},{"not_picked":["Heatsinks","Self Repair"],"picked":"Ball Lightning+1","floor":18},{"not_picked":["Tempest","Rebound"],"picked":"Redo","floor":19}],"player_experience":140749,"relics_obtained":[{"floor":9,"key":"Ancient Tea Set"},{"floor":11,"key":"MawBank"}],"event_choices":[{"damage_healed":0,"gold_gain":1,"player_choice":"1","damage_taken":0,"max_hp_gain":0,"max_hp_loss":0,"event_name":"betterStone:BetterStone","floor":3,"gold_loss":0},{"damage_healed":0,"gold_gain":0,"player_choice":"2 cards matched","damage_taken":0,"max_hp_gain":0,"max_hp_loss":0,"event_name":"Match and Keep!","floor":13,"gold_loss":0,"cards_obtained":["Deep Breath","Zap"]}],"is_beta":false,"boss_relics":[{"not_picked":["SlaversCollar","Runic Dome"],"picked":"Runic Pyramid"}],"items_purged_floors":[],"is_endless":false,"potions_floor_spawned":[1,5,14,16,19],"killed_by":"Centurion and Healer","ascension_level":5}}