{"host":"1c17lcvl7acx821p","time":1612238739,"event":{"mods":["AchievementEnabler","BaseMod","Colored Map","Minty Spire (QoL Compilation)","Quick Restart","Relic Sorter","StSLib"],"gold_per_floor":[111,111,186,199,218,218,248,248,274,274,301,321,301,320,320,399,399,416,430,430,430],"floor_reached":20,"language":"ENG","playtime":486,"items_purged":[],"score":322,"play_id":"c9f44e44-91f2-4db4-a312-a327892618a8","local_time":"20210202060539","is_ascension_mode":true,"campfire_choices":[{"floor":6,"key":"REST"},{"floor":8,"key":"REST"},{"floor":10,"key":"REST"},{"floor":15,"key":"REST"}],"circlet_count":0,"master_deck":["AscendersBane","Strike_B+1","Strike_B+1","Strike_B","Strike_B","Defend_B","Defend_B","Defend_B","Defend_B","Zap","Dualcast","Streamline","Rebound","Defragment","Machine Learning","Chaos","Coolheaded","Rainbow","FTL+1"],"relics":["Fusion Hammer","PreservedInsect","DataDisk","Oddly Smooth Stone","Inserter"],"acts_visited":["TheCity"],"potions_floor_usage":[5,16,16],"damage_taken":[{"damage":0,"enemies":"2 Louse","floor":1,"turns":2},{"damage":1,"enemies":"Cultist","floor":4,"turns":3},{"damage":0,"enemies":"Small Slimes","floor":5,"turns":2},{"damage":25,"enemies":"Lagavulin","floor":7,"turns":7},{"damage":24,"enemies":"Gremlin Nob","floor":11,"turns":4},{"damage":5,"enemies":"Looter","floor":12,"turns":3},{"damage":5,"enemies":"Gremlin Gang","floor":14,"turns":5},{"damage":34,"enemies":"Slime Boss","floor":16,"turns":7},{"damage":17,"enemies":"Spheric Guardian","floor":18,"turns":4},{"damage":24,"enemies":"Chosen","floor":19,"turns":5}],"seed_played":"-1362470514630954978","potions_obtained":[{"floor":4,"key":"Energy Potion"},{"floor":5,"key":"Fire Potion"},{"floor":11,"key":"Fire Potion"},{"floor":16,"key":"SteroidPotion"},{"floor":18,"key":"SpeedPotion"},{"floor":19,"key":"AttackPotion"}],"is_trial":false,"path_per_floor":["M","?","?","M","M","R","E","R","T","R","E","M","?","M","R","B",null,"M","M","?"],"character_chosen":"DEFECT","items_purchased":[],"campfire_rested":4,"item_purchase_floors":[],"current_hp_per_floor":[64,43,32,31,31,52,27,48,48,69,45,40,40,35,56,22,59,42,18,0,0],"gold":430,"neow_bonus":"BOSS_RELIC","is_daily":false,"chose_seed":false,"campfire_upgraded":0,"win_rate":0.0,"timestamp":1612238739,"path_taken":["M","?","?","M","M","R","E","R","T","R","E","M","?","M","R","BOSS","M","M","?"],"items_purchased_type":[],"build_version":"2020-12-22","purchased_purges":0,"victory":false,"max_hp_per_floor":[71,71,71,71,71,71,71,71,71,71,71,71,71,71,71,71,71,71,71,71,71],"card_choices":[{"not_picked":["Conserve Battery","Hello World"],"picked":"Streamline","floor":1},{"not_picked":["Static Discharge","Turbo"],"picked":"Rebound","floor":4},{"not_picked":["Scrape","Stack"],"picked":"Defragment","floor":5},{"not_picked":["Aggregate","Genetic Algorithm"],"picked":"Machine Learning","floor":7},{"not_picked":["Stack","Gash"],"picked":"Chaos","floor":11},{"not_picked":["Recycle","Rebound","Fusion"],"picked":"SKIP","floor":12},{"not_picked":["Cold Snap","Steam"],"picked":"Coolheaded","floor":14},{"not_picked":["Buffer","Amplify"],"picked":"Rainbow","floor":16},{"not_picked":["Storm","Steam"],"picked":"FTL+1","floor":18},{"not_picked":["Static Discharge","Turbo","Redo"],"picked":"SKIP","floor":19}],"player_experience":269774,"relics_obtained":[{"floor":7,"key":"PreservedInsect"},{"floor":9,"key":"DataDisk"},{"floor":11,"key":"Oddly Smooth Stone"}],"event_choices":[{"damage_healed":0,"gold_gain":0,"player_choice":"Entered Light","damage_taken":21,"max_hp_gain":0,"max_hp_loss":0,"event_name":"Shining Light","floor":2,"gold_loss":0,"cards_upgraded":["Strike_B","Strike_B"]},{"damage_healed":0,"gold_gain":75,"player_choice":"Gather Gold","damage_taken":11,"max_hp_gain":0,"max_hp_loss":0,"event_name":"World of Goop","floor":3,"gold_loss":0},{"damage_healed":0,"gold_gain":0,"player_choice":"Bought 1 Potion","damage_taken":0,"max_hp_gain":0,"max_hp_loss":0,"event_name":"The Woman in Blue","floor":13,"gold_loss":0}],"is_beta":false,"boss_relics":[{"not_picked":["Runic Pyramid","Astrolabe"],"picked":"Inserter"}],"items_purged_floors":[],"is_endless":false,"potions_floor_spawned":[4,5,11,16,18,19],"ascension_level":15}}