{"host":"6p0attdrtjqaih7v","time":1612239051,"event":{"mods":["2.2 Compatiblity","AchievementEnabler","Bard","BaseMod","Better Skull","Better Third Choice","Colored Powertips","Downfall","Hermit","Highlight Path","Key Reminder","Minty Spire (QoL Compilation)","Permanent Neow","Quick Restart","Random Character Button","Relic Stats","Replay The Spire","Robot Space Explorer","StSLib","The Witch"],"gold_per_floor":[366,377,377,40,16,49,117,171,171,171,237,305,25,80,80,199,199,219,319,358,409,324,384,384,423,423,423,458,53,53,81,81,183,283,300,360,437,475,475,500,500,570,622,622,622,639,672,711,711,711],"floor_reached":51,"language":"ENG","playtime":2976,"items_purged":["Strike_Witch"],"score":1287,"play_id":"90be3fe3-7a1e-4ec7-aa77-a98a7253e01d","local_time":"20210201231051","is_ascension_mode":true,"campfire_choices":[{"data":"MortusClaw","floor":10,"key":"SMITH"},{"data":"GrimVengeance","floor":15,"key":"SMITH"},{"data":"DarkProcession","floor":24,"key":"SMITH"},{"data":"BoneCarving","floor":27,"key":"SMITH"},{"data":"ZombieSpit","floor":32,"key":"SMITH"},{"data":"GrimVengeance","floor":41,"key":"SMITH"},{"data":"GhoulTouch","floor":44,"key":"SMITH"},{"data":"KarmaDrain","floor":49,"key":"SMITH"}],"circlet_count":0,"master_deck":["Strike_Witch","Strike_Witch","Strike_Witch","Defend_Witch","Defend_Witch","Defend_Witch","Defend_Witch","Hexguard","ZombieSpit+1","MortusClaw+1","SummonCatFamiliar","HandOfGreed","SkullFlask+1","BoneCarving+1","BleedOut","Shrooms","GrimVengeance+1","GrimVengeance+1","DarkProcession+1","MysticUnburial","CurseOfTheBell","BloodSabbath+1","WickedThoughts+1","SummonRavenFamiliar+1","SkullFlask+1","NighInvulnerability","Blind+1","RobotSpaceExplorer:Scan+1","MysticUnburial+1","MagicFang+1","ReplayTheSpireMod:Splinters","Bewitch+1","GhoulTouch+1","Shrooms+1","KarmaDrain+1"],"relics":["BlackCat","PreservedInsect","champ:DeflectingBracers","MealTicket","Iron Hammer","ReplayTheSpireMod:Lightbulb","ReplayTheSpireMod:TigerMarble","Blue Doll","Mummified Hand","Prayer Wheel","Calling Bell","Happy Flower","Golden Egg","Turnip","ReplayTheSpireMod:Shallot","Simple Rune","Juzu Bracelet","InkBottle","ReplayTheSpireMod:ShopPack","ToyHorse","Vajra","Replay:Wanted Poster","Centennial Puzzle","Whetstone","Pear"],"acts_visited":["Exordium","TheCity","TheBeyond"],"potions_floor_usage":[8,14,23,25,28,31,36,40,50,50,50],"damage_taken":[{"damage":4,"enemies":"Jaw Worm","floor":1,"turns":3},{"damage":0,"enemies":"Cultist","floor":2,"turns":3},{"damage":0,"enemies":"Gremlin Nob","floor":6,"turns":2},{"damage":0,"enemies":"2 Louse","floor":7,"turns":4},{"damage":0,"enemies":"Lagavulin","floor":8,"turns":3},{"damage":11,"enemies":"Large Slime","floor":11,"turns":6},{"damage":5,"enemies":"3 Sentries","floor":12,"turns":4},{"damage":0,"enemies":"Gremlin Nob","floor":14,"turns":2},{"damage":25,"enemies":"The Guardian","floor":16,"turns":8},{"damage":0,"enemies":"Spheric Guardian","floor":18,"turns":2},{"damage":0,"enemies":"Shell Parasite","floor":20,"turns":2},{"damage":15,"enemies":"Centurion and Healer","floor":21,"turns":5},{"damage":0,"enemies":"Slavers","floor":23,"turns":2},{"damage":4,"enemies":"Shelled Parasite and Fungi","floor":25,"turns":4},{"damage":0,"enemies":"Book of Stabbing","floor":28,"turns":2},{"damage":0,"enemies":"Slavers","floor":31,"turns":1},{"damage":13,"enemies":"Automaton","floor":33,"turns":6},{"damage":0,"enemies":"Orb Walker","floor":35,"turns":1},{"damage":0,"enemies":"3 Shapes","floor":36,"turns":2},{"damage":5,"enemies":"Writhing Mass","floor":38,"turns":4},{"damage":0,"enemies":"Reptomancer","floor":40,"turns":3},{"damage":0,"enemies":"Sphere and 2 Shapes","floor":42,"turns":2},{"damage":0,"enemies":"3 Darklings","floor":46,"turns":1},{"damage":0,"enemies":"R_Hoarder","floor":47,"turns":4},{"damage":0,"enemies":"Maw","floor":48,"turns":3},{"damage":15,"enemies":"Time Eater","floor":50,"turns":10}],"seed_played":"-3980956871034102880","potions_obtained":[{"floor":2,"key":"Fire Potion"},{"floor":6,"key":"SpeedPotion"},{"floor":7,"key":"Strength Potion"},{"floor":14,"key":"Flashbang"},{"floor":20,"key":"SteroidPotion"},{"floor":23,"key":"GamblersBrew"},{"floor":25,"key":"BlessingOfTheForge"},{"floor":33,"key":"Energy Potion"},{"floor":35,"key":"SpeedPotion"},{"floor":37,"key":"ColorlessPotion"},{"floor":40,"key":"ColorlessPotion"},{"floor":42,"key":"CultistPotion"}],"is_trial":false,"path_per_floor":["M","M","?","$","$","E","M","E","T","R","M","E","$","E","R","B",null,"M","?","M","M","?","E","R","M","T","R","E","$","?","E","R","B",null,"M","M","?","M","?","E","R","M","T","R","?","M","E","M","R","B",null],"character_chosen":"WITCH","items_purchased":["HandOfGreed","MealTicket","SkullFlask","Mummified Hand","GrimVengeance","ReplayTheSpireMod:ShopPack","ToyHorse","Explosive Potion"],"campfire_rested":0,"item_purchase_floors":[4,4,5,13,13,29,29,29],"current_hp_per_floor":[45,45,39,39,54,54,54,54,54,54,43,38,53,53,53,28,67,67,67,67,52,52,52,52,48,48,48,48,63,63,63,63,50,67,67,67,67,62,62,62,62,62,62,62,62,62,72,72,72,57],"gold":711,"neow_bonus":"TWO_FIFTY_GOLD","is_daily":false,"chose_seed":false,"campfire_upgraded":8,"win_rate":0.0,"timestamp":1612239051,"path_taken":["M","M","?","?","$","E","M","E","T","R","M","E","$","E","R","BOSS","M","?","M","?","?","E","R","M","T","R","E","$","?","E","R","BOSS","M","M","?","M","?","E","R","M","T","R","?","M","E","M","R","BOSS"],"items_purchased_type":["Card","Relic","Card","Relic","Card","Relic","Relic","Potion"],"build_version":"2020-12-22","purchased_purges":1,"victory":true,"max_hp_per_floor":[67,67,67,67,67,67,67,67,67,67,67,67,67,67,67,67,67,67,67,67,67,67,67,67,67,67,67,67,67,67,67,67,67,67,67,67,67,67,67,67,67,67,67,67,67,67,77,77,77,77],"relic_stats":{"Centennial Puzzle":[3],"Happy Flower":[18],"counters":[26,89],"Mummified Hand":[103],"MealTicket":45,"Prayer Wheel":10,"PreservedInsect":353,"Turnip":[7],"Juzu Bracelet":0,"Whetstone":["Strike_Witch","SkullFlask"],"obtain_stats":[{"Golden Egg":17,"Vajra":31,"Blue Doll":12,"Juzu Bracelet":26,"Whetstone":43,"Replay:Wanted Poster":34,"Centennial Puzzle":40,"Mummified Hand":13,"MealTicket":4,"Prayer Wheel":14,"Iron Hammer":6,"InkBottle":28,"Pear":47,"Happy Flower":17,"ToyHorse":29,"PreservedInsect":3,"champ:DeflectingBracers":3,"BlackCat":0,"Calling Bell":17,"ReplayTheSpireMod:Shallot":22,"Simple Rune":23,"Turnip":17,"ReplayTheSpireMod:TigerMarble":9,"ReplayTheSpireMod:Lightbulb":8,"ReplayTheSpireMod:ShopPack":29},{"Golden Egg":9,"Vajra":16,"Blue Doll":7,"Juzu Bracelet":14,"Whetstone":22,"Replay:Wanted Poster":17,"Centennial Puzzle":21,"Mummified Hand":7,"MealTicket":2,"Prayer Wheel":8,"Iron Hammer":3,"InkBottle":15,"Pear":24,"Happy Flower":9,"ToyHorse":15,"PreservedInsect":2,"champ:DeflectingBracers":2,"BlackCat":0,"Calling Bell":9,"ReplayTheSpireMod:Shallot":12,"Simple Rune":13,"Turnip":9,"ReplayTheSpireMod:TigerMarble":5,"ReplayTheSpireMod:Lightbulb":5,"ReplayTheSpireMod:ShopPack":15},{"Golden Egg":35,"Vajra":53,"Blue Doll":25,"Juzu Bracelet":50,"Whetstone":71,"Replay:Wanted Poster":59,"Centennial Puzzle":69,"Mummified Hand":25,"MealTicket":6,"Prayer Wheel":27,"Iron Hammer":8,"InkBottle":52,"Pear":76,"Happy Flower":35,"ToyHorse":52,"PreservedInsect":6,"champ:DeflectingBracers":6,"BlackCat":0,"Calling Bell":35,"ReplayTheSpireMod:Shallot":44,"Simple Rune":46,"Turnip":35,"ReplayTheSpireMod:TigerMarble":15,"ReplayTheSpireMod:Lightbulb":15,"ReplayTheSpireMod:ShopPack":52}],"InkBottle":[20]},"card_choices":[{"not_picked":["MercuryWand","RoilingBarrier"],"picked":"MortusClaw","floor":1},{"not_picked":["SummonBatFamiliar","MercuryWand"],"picked":"SummonCatFamiliar","floor":2},{"not_picked":["WretchedNails","Schadenfreude"],"picked":"BoneCarving","floor":6},{"not_picked":["WretchedNails","MementoMori","GhoulTouch"],"picked":"SKIP","floor":7},{"not_picked":["WretchedNails","SoulBarrier"],"picked":"BleedOut","floor":8},{"not_picked":["SummonBatFamiliar","WretchedNails"],"picked":"Shrooms","floor":11},{"not_picked":["MementoMori","BoneCarving"],"picked":"GrimVengeance","floor":12},{"not_picked":["BoneCarving","SoulBarrier"],"picked":"DarkProcession","floor":14},{"not_picked":["IllusionOfStrength","UnluckySeven"],"picked":"MysticUnburial","floor":16},{"not_picked":["MagicFang","Demonfyre"],"picked":"BloodSabbath","floor":18},{"not_picked":["BalefulWard","Puncture","RiteOfSummer"],"picked":"SKIP","floor":18},{"not_picked":["SkullFlask","BlackShield+1"],"picked":"WickedThoughts+1","floor":20},{"not_picked":["MagicFang","Foresight+1","WretchedNails+1"],"picked":"SKIP","floor":20},{"not_picked":["Decrepify","GnarledBody+1"],"picked":"SummonRavenFamiliar","floor":21},{"not_picked":["GnarledBody","KarmaDrain"],"picked":"SkullFlask+1","floor":21},{"not_picked":["PainBolt","MagicFang","Pillage"],"picked":"SKIP","floor":23},{"not_picked":["RoilingBarrier","Malady"],"picked":"NighInvulnerability","floor":25},{"not_picked":["CorruptBlood","MercuryWand","BlackBolt"],"picked":"SKIP","floor":25},{"not_picked":["BoneCarving","SkullFlask","SummonOwlFamiliar"],"picked":"SKIP","floor":28},{"not_picked":["Discovery","Replay:Bootleg Shield Generator"],"picked":"Blind","floor":29},{"not_picked":["Bandage Up","Jack Of All Trades"],"picked":"Survey Options","floor":29},{"not_picked":["CursedBlade","SaltCircle","GhoulTouch"],"picked":"SKIP","floor":31},{"not_picked":["Graveburst","StrangeBrew"],"picked":"MysticUnburial","floor":33},{"not_picked":["RiteOfWinter","SummonOwlFamiliar","BoneCarving+1"],"picked":"SKIP","floor":35},{"not_picked":["SummonOwlFamiliar+1","GnarledBody","NighInvulnerability"],"picked":"SKIP","floor":35},{"not_picked":["Pillage+1","Foresight+1"],"picked":"MagicFang+1","floor":36},{"not_picked":["BlackBolt+1","TwistedMind+1","SkullFlask+1"],"picked":"SKIP","floor":36},{"not_picked":["MercuryWand+1","CursedBlade","DeliriumForm"],"picked":"SKIP","floor":38},{"not_picked":["CursedBlade","BalefulWard+1","BlackShield"],"picked":"SKIP","floor":38},{"not_picked":["CursedBlade+1","Twitch"],"picked":"Bewitch+1","floor":40},{"not_picked":["Puncture+1","Bewitch+1"],"picked":"GhoulTouch","floor":42},{"not_picked":["MercuryWand+1","TwistedMind"],"picked":"Shrooms+1","floor":42},{"not_picked":["WickedThoughts+1","MercuryWand+1","SaltCircle"],"picked":"SKIP","floor":46},{"not_picked":["Atonement+1","CursedBlade+1","WretchedNails+1"],"picked":"SKIP","floor":46},{"not_picked":["WretchedNails","SummonOwlFamiliar+1","KarmaDrain"],"picked":"SKIP","floor":47},{"not_picked":["WretchedNails","SummonOwlFamiliar+1"],"picked":"KarmaDrain","floor":47},{"not_picked":["SaltCircle","MementoMori","Atonement"],"picked":"SKIP","floor":48},{"not_picked":["CrystalResonance+1","BleedOut","Pillage"],"picked":"SKIP","floor":48}],"player_experience":1015088,"relics_obtained":[{"floor":6,"key":"Iron Hammer"},{"floor":8,"key":"ReplayTheSpireMod:Lightbulb"},{"floor":9,"key":"ReplayTheSpireMod:TigerMarble"},{"floor":12,"key":"Blue Doll"},{"floor":14,"key":"Prayer Wheel"},{"floor":17,"key":"Happy Flower"},{"floor":17,"key":"Golden Egg"},{"floor":17,"key":"Turnip"},{"floor":23,"key":"Simple Rune"},{"floor":26,"key":"Juzu Bracelet"},{"floor":28,"key":"InkBottle"},{"floor":31,"key":"Vajra"},{"floor":40,"key":"Centennial Puzzle"},{"floor":43,"key":"Whetstone"},{"floor":47,"key":"Pear"}],"event_choices":[{"damage_healed":0,"gold_gain":1,"player_choice":"Relic Relic ","damage_taken":6,"max_hp_gain":0,"max_hp_loss":0,"event_name":"betterThird:BetterScrap","floor":3,"gold_loss":0,"cards_obtained":["ConjureBlade"]},{"damage_healed":0,"gold_gain":100,"player_choice":"Pray","damage_taken":0,"max_hp_gain":0,"max_hp_loss":0,"event_name":"Golden Shrine","floor":19,"gold_loss":0},{"damage_healed":0,"gold_gain":0,"player_choice":"Obtained Relic","damage_taken":0,"relics_obtained":["ReplayTheSpireMod:Shallot"],"max_hp_gain":0,"max_hp_loss":0,"event_name":"Addict","floor":22,"gold_loss":85},{"damage_healed":0,"gold_gain":0,"player_choice":"Ignored","damage_taken":0,"max_hp_gain":0,"max_hp_loss":0,"event_name":"Tomb of Lord Red Mask","floor":39,"gold_loss":0},{"cards_removed":["Survey Options"],"damage_healed":0,"gold_gain":0,"player_choice":"Removed Skill","damage_taken":0,"max_hp_gain":0,"max_hp_loss":0,"event_name":"Falling","floor":45,"gold_loss":0}],"is_beta":false,"boss_relics":[{"not_picked":["Abe\u0027s Treasure","Kintsugi"],"picked":"Calling Bell"},{"not_picked":["ChewingGum","Painkiller Herb"],"picked":"Replay:Wanted Poster"}],"items_purged_floors":[29],"is_endless":false,"potions_floor_spawned":[2,6,7,14,20,21,23,25,33,35,40,42,46,47],"ascension_level":4}}