{"host":"hm2va3obgs5yv0m7","time":1612247116,"event":{"mods":["AchievementEnabler","Act Like it!","BaseMod","Conspire","Infinite Spire","Marisa（F雨　魔理沙）","Minty Spire (QoL Compilation)","Prisma Mod","Relic Stats","Replay The Spire","Spicy Shops","StSLib","The Animator","The Cursed","The Servant 0.9.4","WarShipGirlsR/战舰少女R mod"],"gold_per_floor":[116,116,116,131,406,435,446,446,446],"floor_reached":8,"language":"ZHS","playtime":321,"items_purged":[],"score":61,"play_id":"89c87fb0-765a-4358-ba2e-4453e2401e59","local_time":"20210202142516","is_ascension_mode":true,"campfire_choices":[],"circlet_count":0,"master_deck":["Strike_B","Strike_B","Strike_B","Strike_B","Defend_B","Defend_B","Defend_B","Defend_B","Zap","Dualcast","Gash","ReplayGash+1","Regret","Hologram"],"relics":["Cracked Core","NeowsBlessing","Replay:Multitool"],"acts_visited":["Exordium"],"potions_floor_usage":[],"damage_taken":[{"damage":0.0,"enemies":"Jaw Worm","floor":1.0,"turns":1.0},{"damage":0.0,"enemies":"infinitespire:Voidling","floor":2.0,"turns":1.0},{"damage":0.0,"enemies":"Small Slimes","floor":4.0,"turns":1.0},{"damage":29.0,"enemies":"Gremlin Nob","floor":6.0,"turns":4.0},{"damage":6.0,"enemies":"Exordium Thugs","floor":7.0,"turns":4.0},{"damage":47,"enemies":"3 Sentries","floor":8,"turns":4}],"seed_played":"1663811599087244604","potions_obtained":[{"floor":4.0,"key":"GamblersBrew"}],"is_trial":false,"path_per_floor":["M","M","?","M","?","E","M","E"],"character_chosen":"DEFECT","items_purchased":[],"campfire_rested":0,"item_purchase_floors":[],"current_hp_per_floor":[75,75,75,75,75,46,40,0,0],"gold":446,"neow_bonus":"THREE_ENEMY_KILL","is_daily":false,"chose_seed":false,"campfire_upgraded":0,"win_rate":0.0,"timestamp":1612247116,"path_taken":["M","M","?","?","?","E","M","E"],"items_purchased_type":[],"build_version":"2020-12-22","purchased_purges":0,"victory":false,"max_hp_per_floor":[75,75,75,75,75,75,75,75,75],"relic_stats":{"counters":[6,15],"obtain_stats":[{"NeowsBlessing":0,"Replay:Multitool":6,"Cracked Core":0},{"NeowsBlessing":0,"Replay:Multitool":4,"Cracked Core":0},{"NeowsBlessing":0,"Replay:Multitool":7,"Cracked Core":0}]},"card_choices":[{"not_picked":["Tempest","Leap"],"picked":"Gash","floor":1.0},{"not_picked":["Steam","Glacier"],"picked":"ReplayGash","floor":2.0},{"not_picked":["Beam Cell","Undo","Sweeping Beam"],"picked":"SKIP","floor":4.0},{"not_picked":["Steam Power","Go for the Eyes","Recycle"],"picked":"SKIP","floor":6.0},{"not_picked":["BasicCrystalCard","ReplayTheSpireMod:Omega Cannon"],"picked":"Hologram","floor":7.0}],"player_experience":81403,"relics_obtained":[{"floor":6.0,"key":"Replay:Multitool"}],"event_choices":[{"damage_healed":0.0,"max_hp_gain":0.0,"max_hp_loss":0.0,"gold_gain":0.0,"event_name":"Upgrade Shrine","player_choice":"Upgraded","floor":3.0,"gold_loss":0.0,"damage_taken":0.0,"cards_upgraded":["ReplayGash"]},{"damage_healed":0.0,"max_hp_gain":0.0,"max_hp_loss":0.0,"gold_gain":275.0,"event_name":"Golden Shrine","player_choice":"Desecrate","floor":5.0,"gold_loss":0.0,"damage_taken":0.0,"cards_obtained":["Regret"]}],"is_beta":false,"boss_relics":[],"items_purged_floors":[],"is_endless":false,"potions_floor_spawned":[4],"killed_by":"3 Sentries","ascension_level":1}}