{"host":"qjpud40kare97l3x","time":1612276862,"event":{"mods":["2.2 Compatiblity","BaseMod","Better Altar","Better Match","Better Note","Better Skull","Better Vampires","Custom Start","DeckTracker","Downfall","Minty Spire (QoL Compilation)","Permanent Neow","Quick Restart","Rare Cards Sparkle","Spicy Shops","StSLib"],"gold_per_floor":[119,135,145,164,164,197,209,219,243,243,298,298,298],"floor_reached":12,"language":"ENG","playtime":880,"items_purged":[],"score":82,"play_id":"85e3f3c4-8373-463f-b5e6-72a9d93f51fa","local_time":"20210202094102","is_ascension_mode":false,"campfire_choices":[],"circlet_count":0,"master_deck":["Strike_R","Strike_R","Strike_R","Strike_R","Defend_R","Defend_R","Defend_R","Defend_R","Bash","Rampage","Shrug It Off","Parasite","Pommel Strike"],"relics":["Burning Blood","Gremlin Horn","Pen Nib","Anchor"],"acts_visited":["Exordium"],"potions_floor_usage":[6,6,7,11],"damage_taken":[{"damage":18,"enemies":"Cultist","floor":1,"turns":5},{"damage":9,"enemies":"2 Louse","floor":2,"turns":3},{"damage":1,"enemies":"Jaw Worm","floor":3,"turns":3},{"damage":20,"enemies":"Exordium Wildlife","floor":4,"turns":4},{"damage":40,"enemies":"3 Sentries","floor":6,"turns":8},{"damage":0,"enemies":"3 Louse","floor":7,"turns":3},{"damage":30,"enemies":"Exordium Thugs","floor":8,"turns":4},{"damage":35,"enemies":"Lagavulin Event","floor":11,"turns":6},{"damage":18,"enemies":"Lagavulin","floor":12,"turns":4}],"seed_played":"-7869916193035961180","potions_obtained":[{"floor":1,"key":"champ:CounterPotion"},{"floor":3,"key":"BloodPotion"},{"floor":6,"key":"Block Potion"},{"floor":7,"key":"PowerPotion"}],"is_trial":false,"path_per_floor":["M","M","M","M","?","E","M","M","T","?","?","E"],"character_chosen":"IRONCLAD","items_purchased":[],"campfire_rested":0,"item_purchase_floors":[],"current_hp_per_floor":[68,65,70,56,56,38,44,20,20,40,11,0,0],"gold":298,"neow_bonus":"REMOVE_CARD","is_daily":false,"chose_seed":false,"campfire_upgraded":0,"win_rate":0.0,"timestamp":1612276862,"path_taken":["M","M","?","M","?","E","M","M","T","?","?","E"],"items_purchased_type":[],"build_version":"2020-12-22","purchased_purges":0,"victory":false,"max_hp_per_floor":[80,80,80,80,80,80,80,80,80,80,80,80,80],"card_choices":[{"not_picked":["Whirlwind","Intimidate"],"picked":"Rampage","floor":1},{"not_picked":["Entrench","Metallicize","Pommel Strike"],"picked":"SKIP","floor":2},{"not_picked":["Twin Strike","Perfected Strike","Cleave"],"picked":"SKIP","floor":3},{"not_picked":["Intimidate","Shrug It Off","Searing Blow"],"picked":"SKIP","floor":4},{"not_picked":["Body Slam","Power Through","Metallicize"],"picked":"SKIP","floor":6},{"not_picked":["Flex","Thunderclap","Iron Wave"],"picked":"SKIP","floor":7},{"not_picked":["Wild Strike","Disarm"],"picked":"Shrug It Off","floor":8},{"not_picked":["Juggernaut","Perfected Strike"],"picked":"Pommel Strike","floor":11}],"player_experience":28730,"relics_obtained":[{"floor":6,"key":"Gremlin Horn"},{"floor":9,"key":"Pen Nib"},{"floor":11,"key":"Anchor"}],"event_choices":[{"damage_healed":0,"gold_gain":0,"player_choice":"Ignored","damage_taken":0,"max_hp_gain":0,"max_hp_loss":0,"event_name":"Liars Game","floor":5,"gold_loss":0},{"damage_healed":20,"gold_gain":0,"player_choice":"Healed and dodged fight","damage_taken":0,"max_hp_gain":0,"max_hp_loss":0,"event_name":"Mushrooms","floor":10,"gold_loss":0,"cards_obtained":["Parasite"]},{"damage_healed":0,"gold_gain":0,"player_choice":"Searched \u00271\u0027 times","damage_taken":0,"max_hp_gain":0,"max_hp_loss":0,"event_name":"Dead Adventurer","floor":11,"gold_loss":0}],"is_beta":false,"boss_relics":[],"items_purged_floors":[],"is_endless":false,"potions_floor_spawned":[1,3,6,7],"killed_by":"Lagavulin","ascension_level":0}}