{"host":"w7ysm6d5d5ebkm5p","time":1612255887,"event":{"mods":["AchievementEnabler","Act Like it!","BaseMod","Downfall","Gensokyo","Marisa（F雨　魔理沙）","Minty Spire (QoL Compilation)","MostiFishMod","Quick Restart","Reimu（博丽灵梦）","Relic Stats","Replay The Spire","RumiaBox-露米娅的神秘盒子","Spicy Shops","StSLib","The Animator","WarShipGirlsR/战舰少女R mod","Yakumo Yukari mod","【功能Mod】混沌之环修复补丁","【遗物卡牌】REMEMod"],"gold_per_floor":[119,119,129,4,20,46,46,60,60,60,60],"floor_reached":10,"language":"ZHS","playtime":599,"items_purged":[],"score":105,"play_id":"bed3a00b-1bfe-4d3b-9ea5-14a7ec0e75a6","local_time":"20210202165127","is_ascension_mode":true,"campfire_choices":[{"floor":7,"key":"REST"}],"circlet_count":0,"master_deck":["AscendersBane","Strike_B","Strike_B","Strike_B","Defend_B","Defend_B","Defend_B","Defend_B","Zap","Dualcast","MostiFishMod:FrostNova","MostiFishMod:WinterMarkForm","Cold Snap","MostiFishMod:ATRI","Stack","REME_Compress","Streamline","Leap","All For One","Rebound"],"relics":["Cracked Core","DaveBox","REME_ComplimentaryCards","NeowsBlessing","FrostBlade","SynthV:TestCard","Baka","Peace Pipe","Cables"],"acts_visited":["Exordium"],"potions_floor_usage":[10],"damage_taken":[{"damage":0,"enemies":"2 Louse","floor":1,"turns":1},{"damage":0,"enemies":"Cultist","floor":3,"turns":1},{"damage":0,"enemies":"Small Slimes","floor":5,"turns":1},{"damage":22,"enemies":"Gremlin Nob","floor":6,"turns":4},{"damage":15,"enemies":"Exordium Thugs","floor":8,"turns":2},{"damage":11,"enemies":"Replay:BlueRogue","floor":10,"turns":2}],"seed_played":"353977311744987662","potions_obtained":[{"floor":1,"key":"Explosive Potion"},{"floor":3,"key":"Doom Potion"},{"floor":5,"key":"AttackPotion"}],"is_trial":false,"path_per_floor":["M","?","M","$","M","E","R","M","T","E"],"character_chosen":"DEFECT","items_purchased":["REME_Compress","Streamline"],"campfire_rested":1,"item_purchase_floors":[4,4],"current_hp_per_floor":[34,34,34,34,34,12,23,8,8,0,0],"gold":60,"neow_bonus":"THREE_ENEMY_KILL","is_daily":false,"chose_seed":false,"campfire_upgraded":0,"win_rate":0.0,"timestamp":1612255887,"path_taken":["M","?","M","$","?","E","R","M","T","E"],"items_purchased_type":["Card","Card"],"build_version":"2020-12-22","purchased_purges":0,"victory":false,"max_hp_per_floor":[37,37,37,37,37,37,37,37,37,37,37],"relic_stats":{"Peace Pipe":0,"counters":[6,11],"obtain_stats":[{"FrostBlade":0,"Peace Pipe":6,"SynthV:TestCard":1,"DaveBox":0,"NeowsBlessing":0,"Baka":1,"Cracked Core":0,"REME_ComplimentaryCards":0,"Cables":9},{"FrostBlade":0,"Peace Pipe":4,"SynthV:TestCard":1,"DaveBox":0,"NeowsBlessing":0,"Baka":1,"Cracked Core":0,"REME_ComplimentaryCards":0,"Cables":5},{"FrostBlade":0,"Peace Pipe":7,"SynthV:TestCard":1,"DaveBox":0,"NeowsBlessing":0,"Baka":1,"Cracked Core":0,"REME_ComplimentaryCards":0,"Cables":9}],"Cables":[2,2,0,0,0]},"card_choices":[{"not_picked":["Steam Power","REME_SelfUpgrade"],"picked":"Cold Snap","floor":1},{"not_picked":["Rebound","ReplayTheSpireMod:Calculation Training","Cold Snap","MostiFishMod:DeathFromBelow"],"picked":"Stack","floor":3},{"not_picked":["Streamline","MostiFishMod:IceShield","Undo","Stack"],"picked":"Leap","floor":5},{"not_picked":["MostiFishMod:StarOceanB","Gash","Tempest","Conserve Battery"],"picked":"All For One","floor":6},{"not_picked":["Beam Cell","Cold Snap","Crystallizer","Loop"],"picked":"Rebound","floor":8}],"player_experience":131743,"relics_obtained":[{"floor":1,"key":"SynthV:TestCard"},{"floor":1,"key":"Baka"},{"floor":6,"key":"Peace Pipe"},{"floor":9,"key":"Cables"}],"event_choices":[{"damage_healed":0,"gold_gain":0,"cards_transformed":["Strike_B"],"player_choice":"Transformed","damage_taken":0,"max_hp_gain":0,"max_hp_loss":0,"event_name":"Transmorgrifier","floor":2,"gold_loss":0,"cards_obtained":["MostiFishMod:ATRI"]}],"is_beta":false,"boss_relics":[],"items_purged_floors":[],"is_endless":false,"potions_floor_spawned":[1,3,5],"killed_by":"Replay:BlueRogue","ascension_level":11}}