{"host":"2qstd83ou5jzlfqv","time":1612228780,"event":{"mods":["BaseMod","Colored Powertips","Minty Spire (QoL Compilation)","Relic Stats"],"gold_per_floor":[109,109,129,79,79,113,113,113,113],"floor_reached":8,"language":"ENG","playtime":287,"items_purged":[],"score":84,"play_id":"17bdb7c5-d294-490d-a789-755ce60b9779","local_time":"20210201171940","is_ascension_mode":true,"campfire_choices":[],"circlet_count":0,"master_deck":["AscendersBane","Strike_R","Strike_R","Defend_R","Defend_R","Defend_R","Defend_R","Bash","Corruption","Shrug It Off","Hemokinesis","Metallicize"],"relics":["Burning Blood","Ancient Tea Set"],"acts_visited":["Exordium"],"potions_floor_usage":[6],"damage_taken":[{"damage":15,"enemies":"Small Slimes","floor":1,"turns":4},{"damage":4,"enemies":"Jaw Worm","floor":3,"turns":3},{"damage":31,"enemies":"Gremlin Nob","floor":6,"turns":4},{"damage":52,"enemies":"Lagavulin","floor":8,"turns":6}],"seed_played":"5624117226851884904","potions_obtained":[{"floor":3,"key":"DistilledChaos"}],"is_trial":false,"path_per_floor":["M","?","M","?","?","E","?","E"],"character_chosen":"IRONCLAD","items_purchased":[],"campfire_rested":0,"item_purchase_floors":[],"current_hp_per_floor":[63,63,65,65,70,45,38,0,0],"gold":113,"neow_bonus":"ONE_RANDOM_RARE_CARD","is_daily":false,"chose_seed":false,"campfire_upgraded":0,"win_rate":0.0,"timestamp":1612228780,"path_taken":["M","?","M","?","?","E","?","E"],"items_purchased_type":[],"build_version":"2020-12-22","purchased_purges":0,"victory":false,"max_hp_per_floor":[80,80,80,80,85,85,85,85,85],"relic_stats":{"counters":[4,17],"obtain_stats":[{"Ancient Tea Set":6,"Burning Blood":0},{"Ancient Tea Set":3,"Burning Blood":0},{"Ancient Tea Set":11,"Burning Blood":0}],"Burning Blood":18},"card_choices":[{"not_picked":["Heavy Blade","Warcry"],"picked":"Shrug It Off","floor":1},{"not_picked":["Inflame","Burning Pact"],"picked":"Hemokinesis","floor":3},{"not_picked":["Havoc","Wild Strike"],"picked":"Metallicize","floor":6}],"player_experience":406513,"relics_obtained":[{"floor":6,"key":"Ancient Tea Set"}],"event_choices":[{"cards_removed":["Strike_R"],"damage_healed":0,"gold_gain":0,"player_choice":"Forget","damage_taken":0,"max_hp_gain":0,"max_hp_loss":0,"event_name":"Living Wall","floor":2,"gold_loss":0},{"cards_removed":["Strike_R"],"damage_healed":0,"gold_gain":0,"player_choice":"Card Removal","damage_taken":0,"max_hp_gain":0,"max_hp_loss":0,"event_name":"The Cleric","floor":4,"gold_loss":50},{"damage_healed":0,"gold_gain":0,"player_choice":"Donut","damage_taken":0,"max_hp_gain":5,"max_hp_loss":0,"event_name":"Big Fish","floor":5,"gold_loss":0},{"cards_removed":["Strike_R"],"damage_healed":0,"gold_gain":0,"player_choice":"Card Removal","damage_taken":7,"max_hp_gain":0,"max_hp_loss":0,"event_name":"Golden Wing","floor":7,"gold_loss":0}],"is_beta":false,"boss_relics":[],"items_purged_floors":[],"is_endless":false,"potions_floor_spawned":[3],"killed_by":"Lagavulin","ascension_level":11}}