{"host":"zwezhz46a5cjkxff","time":1612255224,"event":{"mods":["AchievementEnabler","BaseMod","Colored Map","Colored Powertips","DeckTracker","Hermit","Minty Spire (QoL Compilation)","Permanent Neow","Quick Restart","Rare Cards Sparkle","Relic Stats","Robot Space Explorer","StSLib","SuperFastMode","The Hierophant","The Servant 0.9.4","Weighted Paths","slay the spire mod where everything is the same but ironclad has a cowboy hat"],"gold_per_floor":[134,134,146,183,202,202,231,231,231,264,264,111,144,175,175,279,279,294,345,91,16,55,55,55,55,55,55,110,110],"floor_reached":28,"language":"ENG","playtime":738,"items_purged":["Strike_P","Pain"],"score":318,"play_id":"093011e8-d429-4b39-9565-2c414d1d3808","local_time":"20210202024024","is_ascension_mode":false,"campfire_choices":[{"floor":6,"key":"RECALL"},{"floor":8,"key":"REST"},{"data":"Eruption","floor":11,"key":"SMITH"},{"data":"Worship","floor":15,"key":"SMITH"},{"floor":23,"key":"REST"},{"data":"Wish","floor":25,"key":"SMITH"}],"circlet_count":0,"master_deck":["Defend_P+1","Defend_P","Defend_P","Eruption+1","Vigilance+1","HandOfGreed","CarveReality","Halt","Tantrum","LikeWater","Worship+1","CutThroughFate","MasterReality","TalkToTheHand","Wish+1","Bite","Bite","Bite","Bite","Bite","Normality"],"relics":["PureWater","WarpedTongs","War Paint","Cursed Key","Red Mask","The Courier"],"acts_visited":["Exordium","TheCity"],"potions_floor_usage":[16,16,18,28],"damage_taken":[{"damage":20,"enemies":"Small Slimes","floor":1,"turns":2},{"damage":0,"enemies":"Cultist","floor":3,"turns":2},{"damage":1,"enemies":"2 Louse","floor":4,"turns":2},{"damage":12,"enemies":"Large Slime","floor":5,"turns":4},{"damage":3,"enemies":"Gremlin Nob","floor":7,"turns":3},{"damage":0,"enemies":"3 Louse","floor":10,"turns":2},{"damage":2,"enemies":"Red Slaver","floor":13,"turns":2},{"damage":1,"enemies":"2 Fungi Beasts","floor":14,"turns":2},{"damage":6,"enemies":"Hexaghost","floor":16,"turns":7},{"damage":10,"enemies":"Shell Parasite","floor":18,"turns":5},{"damage":43,"enemies":"Masked Bandits","floor":19,"turns":5},{"damage":0,"enemies":"Chosen","floor":22,"turns":3},{"damage":63,"enemies":"Slavers","floor":28,"turns":4}],"seed_played":"-6206782049032047689","potions_obtained":[{"floor":4,"key":"Dexterity Potion"},{"floor":5,"key":"StancePotion"},{"floor":10,"key":"Swift Potion"},{"floor":22,"key":"Ambrosia"}],"is_trial":false,"path_per_floor":["M","?","M","M","M","R","E","R","T","M","R","$","M","M","R","B",null,"M","?","$","?","M","R","?","R","T","$","E"],"character_chosen":"WATCHER","items_purchased":["LikeWater","Wish"],"campfire_rested":2,"item_purchase_floors":[12,20],"current_hp_per_floor":[45,45,45,44,32,32,29,48,48,48,48,48,46,45,45,39,65,55,12,12,12,12,31,31,31,31,31,0,0],"gold":110,"neow_bonus":"RANDOM_COLORLESS_2","is_daily":false,"chose_seed":false,"campfire_upgraded":3,"win_rate":0.0,"timestamp":1612255224,"path_taken":["M","?","M","M","M","R","E","R","T","M","R","$","?","M","R","BOSS","M","?","$","?","M","R","?","R","T","$","E"],"items_purchased_type":["Card","Card"],"build_version":"2020-12-22","purchased_purges":2,"victory":false,"max_hp_per_floor":[65,65,65,65,65,65,65,65,65,65,65,65,65,65,65,65,65,65,65,65,65,65,65,45,45,45,45,45,45],"relic_stats":{"counters":[13,43],"War Paint":["Vigilance","Defend_P"],"Cursed Key":1,"obtain_stats":[{"The Courier":26,"Red Mask":19,"PureWater":0,"War Paint":7,"Cursed Key":17,"WarpedTongs":2},{"The Courier":12,"Red Mask":11,"PureWater":0,"War Paint":5,"Cursed Key":9,"WarpedTongs":1},{"The Courier":39,"Red Mask":36,"PureWater":0,"War Paint":13,"Cursed Key":26,"WarpedTongs":2}],"WarpedTongs":[41]},"card_choices":[{"not_picked":["Transmutation","Secret Weapon"],"picked":"HandOfGreed","floor":0},{"not_picked":["Consecrate","Prostrate"],"picked":"CarveReality","floor":1},{"not_picked":["Crescendo","SashWhip"],"picked":"Halt","floor":3},{"not_picked":["BowlingBash","Sanctity","FollowUp"],"picked":"SKIP","floor":4},{"not_picked":["BowlingBash","ThirdEye","Crescendo"],"picked":"SKIP","floor":5},{"not_picked":["Fasting2","Alpha","ForeignInfluence"],"picked":"SKIP","floor":7},{"not_picked":["Adaptation","Halt"],"picked":"Tantrum","floor":10},{"not_picked":["Prostrate","FearNoEvil"],"picked":"Worship","floor":13},{"not_picked":["EmptyFist","Perseverance"],"picked":"CutThroughFate","floor":14},{"not_picked":["DevaForm","Alpha"],"picked":"MasterReality","floor":16},{"not_picked":["SignatureMove","FearNoEvil+1"],"picked":"TalkToTheHand","floor":18},{"not_picked":["Halt","ThirdEye","BowlingBash"],"picked":"SKIP","floor":22}],"player_experience":61493,"relics_obtained":[{"floor":7,"key":"War Paint"},{"floor":19,"key":"Red Mask"},{"floor":26,"key":"The Courier"}],"event_choices":[{"damage_healed":0,"gold_gain":0,"player_choice":"Rummage","damage_taken":0,"relics_obtained":["WarpedTongs"],"max_hp_gain":0,"max_hp_loss":0,"event_name":"Accursed Blacksmith","floor":2,"gold_loss":0,"cards_obtained":["Pain"]},{"damage_healed":0,"gold_gain":0,"player_choice":"Fought Bandits","damage_taken":0,"max_hp_gain":0,"max_hp_loss":0,"event_name":"Masked Bandits","floor":19,"gold_loss":0},{"cards_removed":["Defend_P"],"damage_healed":0,"gold_gain":0,"player_choice":"Gave Gold","damage_taken":0,"max_hp_gain":0,"max_hp_loss":0,"event_name":"Beggar","floor":21,"gold_loss":75},{"damage_healed":0,"gold_gain":0,"player_choice":"Became a vampire","damage_taken":0,"max_hp_gain":0,"max_hp_loss":20,"event_name":"Vampires","floor":24,"gold_loss":0,"cards_obtained":["Bite","Bite","Bite","Bite","Bite"]}],"is_beta":false,"boss_relics":[{"not_picked":["Runic Dome","Runic Pyramid"],"picked":"Cursed Key"}],"items_purged_floors":[12,20],"is_endless":false,"potions_floor_spawned":[4,5,10,14,22],"killed_by":"Slavers","ascension_level":0}}