{"host":"0ueeacaatm8t6jyh","time":1612242812,"event":{"mods":["AchievementEnabler","BaseMod","Colored Powertips","Minty Spire (QoL Compilation)","Quick Restart","Rare Cards Sparkle","Shop Mod","StSLib"],"gold_per_floor":[117,117,117,128,53,67,67,96,107,107,126,126,76,76,76,76,76,76],"floor_reached":17,"language":"ZHS","playtime":318,"items_purged":["Defend_B"],"score":163,"play_id":"648f7621-9835-453d-a861-4edf4aa5dd7a","local_time":"20210202131332","is_ascension_mode":true,"campfire_choices":[{"data":"Gash","floor":7.0,"key":"SMITH"},{"floor":12.0,"key":"DIG"},{"floor":14.0,"key":"DIG"},{"floor":16,"key":"REST"}],"circlet_count":0,"master_deck":["AscendersBane","Strike_B","Defend_B","Defend_B","Defend_B","Zap","Dualcast","Gash+1","Beam Cell","Amplify","Go for the Eyes","Genetic Algorithm"],"relics":["Cracked Core","NeowsBlessing","Shovel","Frozen Egg 2","White Beast Statue","Anchor","Golden Idol"],"acts_visited":["Exordium"],"potions_floor_usage":[],"damage_taken":[{"damage":0.0,"enemies":"Small Slimes","floor":1.0,"turns":1.0},{"damage":0.0,"enemies":"Cultist","floor":4.0,"turns":1.0},{"damage":0.0,"enemies":"2 Louse","floor":6.0,"turns":1.0},{"damage":15.0,"enemies":"Lagavulin","floor":8.0,"turns":5.0},{"damage":11.0,"enemies":"Looter","floor":9.0,"turns":3.0},{"damage":20.0,"enemies":"3 Louse","floor":11.0,"turns":4.0},{"damage":26,"enemies":"The Guardian","floor":17,"turns":2}],"seed_played":"-6072961980558993908","potions_obtained":[{"floor":4.0,"key":"ColorlessPotion"},{"floor":6.0,"key":"FearPotion"},{"floor":9.0,"key":"GamblersBrew"}],"is_trial":false,"path_per_floor":["M","?","?","M","$","M","R","E","M","T","M","R","?","R","?","R","B"],"character_chosen":"DEFECT","items_purchased":[],"campfire_rested":1,"item_purchase_floors":[],"current_hp_per_floor":[68,68,68,68,68,68,68,53,42,42,22,22,22,22,4,26,0,0],"gold":76,"neow_bonus":"THREE_ENEMY_KILL","is_daily":false,"chose_seed":false,"campfire_upgraded":1,"win_rate":0.0,"timestamp":1612242812,"path_taken":["M","?","?","M","$","M","R","E","?","T","M","R","?","R","?","R","BOSS"],"items_purchased_type":[],"build_version":"2020-12-22","purchased_purges":1,"victory":false,"max_hp_per_floor":[75,75,75,75,75,75,75,75,75,75,75,75,75,75,75,75,75,75],"card_choices":[{"not_picked":["Rebound","Leap","Fusion"],"picked":"SKIP","floor":1.0},{"not_picked":["Barrage","BootSequence"],"picked":"Gash","floor":4.0},{"not_picked":["Stack","Doom and Gloom"],"picked":"Beam Cell","floor":6.0},{"not_picked":["Rebound","Cold Snap"],"picked":"Amplify","floor":8.0},{"not_picked":["Cold Snap","Loop"],"picked":"Go for the Eyes","floor":9.0},{"not_picked":["Cold Snap","Loop+1"],"picked":"Genetic Algorithm","floor":11.0}],"player_experience":492512,"relics_obtained":[{"floor":8.0,"key":"Shovel"},{"floor":10.0,"key":"Frozen Egg 2"},{"floor":12.0,"key":"White Beast Statue"},{"floor":14.0,"key":"Anchor"}],"event_choices":[{"cards_removed":["Strike_B"],"damage_healed":0.0,"max_hp_gain":0.0,"max_hp_loss":0.0,"gold_gain":0.0,"event_name":"Living Wall","player_choice":"Forget","floor":2.0,"gold_loss":0.0,"damage_taken":0.0},{"cards_removed":["Strike_B"],"damage_healed":0.0,"max_hp_gain":0.0,"max_hp_loss":0.0,"gold_gain":0.0,"event_name":"Purifier","player_choice":"Purged","floor":3.0,"gold_loss":0.0,"damage_taken":0.0},{"cards_removed":["Strike_B"],"damage_healed":0.0,"max_hp_gain":0.0,"max_hp_loss":0.0,"gold_gain":0.0,"event_name":"The Cleric","player_choice":"Card Removal","floor":13.0,"gold_loss":50.0,"damage_taken":0.0},{"damage_healed":0.0,"max_hp_gain":0.0,"max_hp_loss":0.0,"gold_gain":0.0,"event_name":"Golden Idol","player_choice":"Take Damage","floor":15.0,"gold_loss":0.0,"damage_taken":18.0,"relics_obtained":["Golden Idol"]}],"is_beta":false,"boss_relics":[],"items_purged_floors":[5],"is_endless":false,"potions_floor_spawned":[4,6,9],"killed_by":"The Guardian","ascension_level":11}}