{"host":"d3b2x3wue20uj2ir","time":1612270615,"event":{"mods":["AchievementEnabler","BaseMod","Better Third Choice","BetterRewards","Exacting","FTL Soundtrack","Minty Spire (QoL Compilation)","Shop Mod","StSLib"],"gold_per_floor":[115,126,144,164,23,57,57,57,57,57,57,68,32,32,32,136,136,153,153,170,190,190,190],"floor_reached":22,"language":"ENG","playtime":698,"items_purged":[],"score":300,"play_id":"45e1fb95-6d82-4326-aa9d-f61237c1a7f9","local_time":"20210202225655","is_ascension_mode":true,"campfire_choices":[{"floor":8,"key":"REST"},{"floor":10,"key":"RECALL"},{"floor":15,"key":"REST"}],"circlet_count":0,"master_deck":["Strike_R","Strike_R","Strike_R","Strike_R","Strike_R","Defend_R","Defend_R","Defend_R","Defend_R","Bash","Infernal Blade","Carnage","Fire Breathing","Flex","Carnage","Demon Form","Flex","A Thousand Cuts+1","Evolve","Carnage+1","Regret","Barricade","Body Slam+1","Havoc+1","Iron Wave+1"],"relics":["Burning Blood","Question Card","Molten Egg 2","Potion Belt","TungstenRod","StrikeDummy","Sundial","Cursed Key","betterThird:NestCultRelic"],"acts_visited":["Exordium","TheCity"],"potions_floor_usage":[16,16,16,16,16,16,16,22],"damage_taken":[{"damage":6,"enemies":"Cultist","floor":1,"turns":3},{"damage":1,"enemies":"Jaw Worm","floor":2,"turns":3},{"damage":0,"enemies":"Small Slimes","floor":3,"turns":2},{"damage":1,"enemies":"Exordium Wildlife","floor":4,"turns":4},{"damage":31,"enemies":"3 Sentries","floor":6,"turns":7},{"damage":17,"enemies":"Exordium Thugs","floor":12,"turns":5},{"damage":23,"enemies":"Hexaghost","floor":16,"turns":6},{"damage":23,"enemies":"Spheric Guardian","floor":18,"turns":4},{"damage":15,"enemies":"Chosen","floor":20,"turns":4},{"damage":45,"enemies":"Snake Plant","floor":21,"turns":5},{"damage":18,"enemies":"Shelled Parasite and Fungi","floor":22,"turns":2}],"seed_played":"-855291058745938053","potions_obtained":[{"floor":3,"key":"FearPotion"},{"floor":12,"key":"EntropicBrew"},{"floor":16,"key":"LiquidBronze"},{"floor":21,"key":"Dexterity Potion"}],"is_trial":false,"path_per_floor":["M","M","M","M","$","E","?","R","T","R","T","M","$","?","R","B",null,"M","?","M","M","M"],"character_chosen":"IRONCLAD","items_purchased":["Question Card","Infernal Blade","Energy Potion","Demon Form","Carnage+1"],"campfire_rested":2,"item_purchase_floors":[0,0,0,5,13],"current_hp_per_floor":[67,72,78,80,80,55,33,57,57,57,57,46,46,46,70,53,80,63,63,54,15,0,0],"gold":190,"neow_bonus":"","is_daily":false,"chose_seed":false,"campfire_upgraded":0,"win_rate":0.0,"timestamp":1612270615,"path_taken":["M","M","M","?","?","E","?","R","T","R","?","M","$","?","R","BOSS","M","?","M","M","M"],"items_purchased_type":["Relic","Card","Potion","Card","Card"],"build_version":"2020-12-22","purchased_purges":0,"victory":false,"max_hp_per_floor":[80,80,80,80,80,80,80,80,80,80,80,80,80,80,80,80,80,80,80,80,80,80,80],"card_choices":[{"not_picked":["Havoc","Pommel Strike","Warcry"],"picked":"Carnage","floor":1},{"not_picked":["Searing Blow","Clothesline","Sword Boomerang"],"picked":"Fire Breathing","floor":2},{"not_picked":["Cleave","Reckless Charge","Rage"],"picked":"Flex","floor":3},{"not_picked":["Rupture","Heavy Blade","Dual Wield"],"picked":"Carnage","floor":4},{"not_picked":["Cleave+1","Sword Boomerang+1","Disarm"],"picked":"Flex","floor":6},{"not_picked":["Headbutt+1","Body Slam+1","Sword Boomerang+1"],"picked":"Evolve","floor":12},{"not_picked":["Feed+1","Limit Break","Berserk"],"picked":"Barricade","floor":16},{"not_picked":["Pommel Strike+1","Bloodletting","Infernal Blade"],"picked":"Body Slam+1","floor":18},{"not_picked":["Seeing Red","Dropkick+1","Intimidate"],"picked":"Havoc+1","floor":20},{"not_picked":["Headbutt+1","Perfected Strike+1","Inflame"],"picked":"Iron Wave+1","floor":21}],"player_experience":695607,"relics_obtained":[{"floor":6,"key":"Molten Egg 2"},{"floor":6,"key":"Potion Belt"},{"floor":11,"key":"StrikeDummy"}],"event_choices":[{"damage_healed":0,"gold_gain":0,"player_choice":"Box","damage_taken":0,"relics_obtained":["Sundial"],"max_hp_gain":0,"max_hp_loss":0,"event_name":"Big Fish","floor":14,"gold_loss":0,"cards_obtained":["Regret"]},{"damage_healed":0,"gold_gain":0,"player_choice":"Madness","damage_taken":0,"relics_obtained":["betterThird:NestCultRelic"],"max_hp_gain":0,"max_hp_loss":0,"event_name":"betterThird:BetterNest","floor":19,"gold_loss":0}],"is_beta":false,"boss_relics":[{"not_picked":["Snecko Eye","Astrolabe"],"picked":"Cursed Key"}],"items_purged_floors":[],"is_endless":false,"potions_floor_spawned":[3,12,16,21],"killed_by":"Shelled Parasite and Fungi","ascension_level":1}}