{"host":"f7rb14kzcw8hx1r1","time":1612261187,"event":{"mods":["BaseMod","Better Note","Better Third Choice","Colored Map","Highlight Path","Hubris","Minty Spire (QoL Compilation)","Replay The Spire","StSLib","The Forsaken"],"gold_per_floor":[117,133,133,147,27,53,53,128,128,128,144,144,161,191,191,292,292,309,309,88,108,139,170,181,181,208,208,228,248,260,260,260,357,407,424,437,437,337,357,386,386,28,28,40,40,50,66,79,79,79],"floor_reached":51,"language":"ENG","playtime":2192,"items_purged":["Strike_G","Strike_G","Strike_G"],"score":826,"play_id":"782e2088-730d-4b70-8311-386cc56ff126","local_time":"20210202111947","is_ascension_mode":false,"campfire_choices":[{"data":"Neutralize","floor":7.0,"key":"SMITH"},{"floor":12.0,"key":"REST"},{"data":"Terror","floor":15.0,"key":"SMITH"},{"data":"Cloak And Dagger","floor":25.0,"key":"SMITH"},{"data":"Blade Dance","floor":27.0,"key":"SMITH"},{"data":"Dagger Spray","floor":32.0,"key":"SMITH"},{"data":"Leg Sweep","floor":41,"key":"SMITH"},{"data":"Sadistic Nature","floor":49,"key":"SMITH"}],"circlet_count":0,"master_deck":["Defend_G","Defend_G","Defend_G","Survivor","Neutralize+1","Underhanded Strike","Cloak And Dagger+1","Backflip","Acrobatics","Flying Knee","Terror+1","After Image+1","Dagger Spray+1","Berserk+1","After Image+1","Blade Dance+1","Flying Knee+1","Underhanded Strike","ReplayTheSpireMod:From All Sides","Leg Sweep+1","Envenom+1","Hidden Blade+1","Cloak And Dagger+1","Quick Slash+1","Sadistic Nature+1","Storm of Steel","Blade Dance+1","Cloak And Dagger+1"],"relics":["Ring of the Snake","Ancient Tea Set","hubris:OldNail","Mercury Hourglass","Odd Mushroom","Replay:Grab Bag","hubris:VirtuousBlindfold","Sozu","HoveringKite","Red Mask","Replay:Bottled Eggs","Strawberry","Tiny House","Omamori","Kunai"],"acts_visited":["Exordium","TheCity","TheBeyond"],"potions_floor_usage":[],"damage_taken":[{"damage":1.0,"enemies":"2 Louse","floor":1.0,"turns":3.0},{"damage":0.0,"enemies":"Jaw Worm","floor":2.0,"turns":6.0},{"damage":1.0,"enemies":"Cultist","floor":4.0,"turns":3.0},{"damage":54.0,"enemies":"Lagavulin","floor":6.0,"turns":13.0},{"damage":0.0,"enemies":"3 Louse","floor":11.0,"turns":1.0},{"damage":0.0,"enemies":"Looter","floor":13.0,"turns":3.0},{"damage":0.0,"enemies":"The Mushroom Lair","floor":14.0,"turns":2.0},{"damage":0.0,"enemies":"Hexaghost","floor":16.0,"turns":8.0},{"damage":1.0,"enemies":"Spheric Guardian","floor":18.0,"turns":4.0},{"damage":1.0,"enemies":"Shell Parasite","floor":21.0,"turns":5.0},{"damage":0.0,"enemies":"Masked Bandits","floor":22.0,"turns":3.0},{"damage":21.0,"enemies":"Slavers","floor":23.0,"turns":7.0},{"damage":0.0,"enemies":"Snake Plant","floor":24.0,"turns":7.0},{"damage":0.0,"enemies":"Cultist and Chosen","floor":28.0,"turns":5.0},{"damage":0.0,"enemies":"Chosen and Byrds","floor":29.0,"turns":4.0},{"damage":0.0,"enemies":"Shelled Parasite and Fungi","floor":30.0,"turns":3.0},{"damage":19.0,"enemies":"Collector","floor":33.0,"turns":10.0},{"damage":0,"enemies":"3 Shapes","floor":35,"turns":5},{"damage":0,"enemies":"3 Darklings","floor":36,"turns":5},{"damage":0,"enemies":"4 Shapes","floor":39,"turns":3},{"damage":0,"enemies":"R_Hoarder","floor":40,"turns":3},{"damage":0,"enemies":"Sphere and 2 Shapes","floor":44,"turns":2},{"damage":0,"enemies":"Jaw Worm Horde","floor":46,"turns":2},{"damage":0,"enemies":"4 Shapes","floor":47,"turns":2},{"damage":0,"enemies":"Sphere and 2 Shapes","floor":48,"turns":3},{"damage":0,"enemies":"Awakened One","floor":50,"turns":6}],"seed_played":"-8458902458369795152","potions_obtained":[{"floor":2.0,"key":"PowerPotion"},{"floor":6.0,"key":"SteroidPotion"},{"floor":13.0,"key":"Fire Potion"},{"floor":16.0,"key":"Explosive Potion"}],"is_trial":false,"path_per_floor":["M","M","?","M","$","E","R","?","T","?","M","R","M","?","R","B",null,"M","?","$","M","?","E","M","R","T","R","M","M","M","?","R","B",null,"M","M","?","NS","M","E","R","$","T","M","?","M","M","M","R","B",null],"character_chosen":"THE_SILENT","items_purchased":["Backflip","After Image","Blade Dance","Sadistic Nature","Storm of Steel"],"campfire_rested":1,"item_purchase_floors":[5,20,20,42,42],"current_hp_per_floor":[69,69,69,68,68,14,14,3,3,3,3,24,24,24,24,24,70,69,69,69,68,68,47,47,47,54,54,54,54,54,54,54,35,82,82,82,82,82,82,82,82,82,82,82,82,82,82,82,82,82],"gold":79,"neow_bonus":"RANDOM_COMMON_RELIC","is_daily":false,"chose_seed":false,"campfire_upgraded":7,"win_rate":0.0,"timestamp":1612261187,"path_taken":["M","M","?","M","$","E","R","?","T","?","M","R","?","?","R","BOSS","M","?","$","?","?","E","M","R","T","R","M","M","M","?","R","BOSS","M","?","?","NS","M","E","R","$","T","M","?","M","?","M","R","BOSS"],"items_purchased_type":["Card","Card","Card","Card","Card"],"build_version":"2020-12-22","purchased_purges":3,"victory":true,"max_hp_per_floor":[70,70,70,70,70,70,70,70,70,70,70,70,70,70,70,70,70,70,70,70,70,70,70,70,70,77,77,77,77,77,77,77,77,82,82,82,82,82,82,82,82,82,82,82,82,82,82,82,82,82],"card_choices":[{"not_picked":["Quick Slash","Dodge and Roll","Prepared"],"picked":"SKIP","floor":1.0},{"not_picked":["Deflect","Setup"],"picked":"Underhanded Strike","floor":2.0},{"not_picked":["ReplayTheSpireMod:The Works","PiercingWail"],"picked":"Cloak And Dagger","floor":4.0},{"not_picked":["PiercingWail","Tactician"],"picked":"Acrobatics","floor":6.0},{"not_picked":["Finisher","Bouncing Flask","Escape Plan"],"picked":"SKIP","floor":11.0},{"not_picked":["Flechettes","Draining Mist","Bane"],"picked":"SKIP","floor":13.0},{"not_picked":["Finisher","Deflect"],"picked":"Terror","floor":14.0},{"not_picked":["Storm of Steel","Grand Finale"],"picked":"After Image","floor":16.0},{"not_picked":["Deadly Poison","Calculated Gamble"],"picked":"Dagger Spray","floor":18.0},{"not_picked":["Well Laid Plans","Dagger Spray+1"],"picked":"Leg Sweep+1","floor":21.0},{"not_picked":["hubris:Counter+1","Catalyst","Reflex"],"picked":"SKIP","floor":23.0},{"not_picked":["Poisoned Stab","Flechettes"],"picked":"Flying Knee+1","floor":24.0},{"not_picked":["Replay:Poison Smokescreen","hubris:SlightOfHand","Flying Knee+1"],"picked":"SKIP","floor":28.0},{"not_picked":["Cloak And Dagger","Quick Slash"],"picked":"Underhanded Strike","floor":29.0},{"not_picked":["Acrobatics","Flying Knee"],"picked":"ReplayTheSpireMod:From All Sides","floor":30.0},{"not_picked":["Phantasmal Killer","Storm of Steel"],"picked":"Envenom","floor":33.0},{"not_picked":["Flying Knee","ReplayTheSpireMod:Tripwire"],"picked":"Hidden Blade+1","floor":34.0},{"not_picked":["Deadly Poison","Sucker Punch","Masterful Stab+1"],"picked":"SKIP","floor":35},{"not_picked":["All Out Attack","Dodge and Roll+1"],"picked":"Cloak And Dagger+1","floor":36},{"not_picked":["Concentrate+1","Setup+1"],"picked":"Quick Slash+1","floor":39},{"not_picked":["ReplayTheSpireMod:Necrosis","Quick Slash+1","Backstab+1"],"picked":"SKIP","floor":40},{"not_picked":["Sucker Punch","Poisoned Stab"],"picked":"Blade Dance+1","floor":44},{"not_picked":["ReplayTheSpireMod:Shiv Toss","Tools of the Trade"],"picked":"Cloak And Dagger+1","floor":46},{"not_picked":["hubris:Counter+1","Slice+1","Hidden Blade"],"picked":"SKIP","floor":47},{"not_picked":["Leg Sweep","Bane","hubris:Counter+1"],"picked":"SKIP","floor":48}],"player_experience":948806,"relics_obtained":[{"floor":6.0,"key":"hubris:OldNail"},{"floor":9.0,"key":"Mercury Hourglass"},{"floor":14.0,"key":"Odd Mushroom"},{"floor":22.0,"key":"Red Mask"},{"floor":23.0,"key":"Replay:Bottled Eggs"},{"floor":26.0,"key":"Strawberry"},{"floor":40,"key":"Omamori"},{"floor":43,"key":"Kunai"}],"event_choices":[{"damage_healed":0.0,"max_hp_gain":0.0,"max_hp_loss":0.0,"gold_gain":0.0,"event_name":"betterThird:BetterSerpent","player_choice":"Ignored","floor":3.0,"gold_loss":0.0,"damage_taken":133.0},{"damage_healed":0.0,"max_hp_gain":0.0,"max_hp_loss":0.0,"gold_gain":75.0,"event_name":"betterThird:BetterGoop","player_choice":"Gold","floor":8.0,"gold_loss":0.0,"damage_taken":11.0},{"damage_healed":0.0,"max_hp_gain":0.0,"max_hp_loss":0.0,"gold_gain":0.0,"cards_transformed":["Strike_G"],"event_name":"Transmorgrifier","player_choice":"Transformed","floor":10.0,"gold_loss":0.0,"damage_taken":0.0,"cards_obtained":["Flying Knee"]},{"damage_healed":0.0,"max_hp_gain":0.0,"max_hp_loss":0.0,"gold_gain":0.0,"event_name":"Mushrooms","player_choice":"Fought Mushrooms","floor":14.0,"gold_loss":0.0,"damage_taken":0.0},{"cards_removed":["After Image"],"damage_healed":0.0,"max_hp_gain":0.0,"max_hp_loss":0.0,"gold_gain":0.0,"event_name":"betterNote:BetterNote","player_choice":"Take \u0026 Give","floor":19.0,"gold_loss":0.0,"damage_taken":0.0,"cards_obtained":["Berserk"]},{"damage_healed":0.0,"max_hp_gain":0.0,"max_hp_loss":0.0,"gold_gain":0.0,"event_name":"Masked Bandits","player_choice":"Fought Bandits","floor":22.0,"gold_loss":0.0,"damage_taken":0.0},{"damage_healed":0.0,"max_hp_gain":0.0,"max_hp_loss":0.0,"gold_gain":0.0,"cards_transformed":["Strike_G"],"event_name":"Transmorgrifier","player_choice":"Transformed","floor":31.0,"gold_loss":0.0,"damage_taken":0.0,"cards_obtained":["Leg Sweep"]},{"cards_removed":["Defend_G"],"damage_healed":0,"gold_gain":0,"player_choice":"Card Removal","damage_taken":0,"max_hp_gain":0,"max_hp_loss":0,"event_name":"Wheel of Change","floor":45,"gold_loss":0}],"is_beta":false,"boss_relics":[{"not_picked":["Painkiller Herb","Replay:Drink Me"],"picked":"Replay:Grab Bag"},{"not_picked":["Cursed Key","Fusion Hammer"],"picked":"hubris:VirtuousBlindfold"},{"not_picked":["Velvet Choker","Runic Dome"],"picked":"Sozu"},{"not_picked":["Snecko Scales","Black Star"],"picked":"HoveringKite"},{"not_picked":["hubris:HollowSoul","Busted Crown"],"picked":"Tiny House"}],"items_purged_floors":[5,20,42],"is_endless":false,"potions_floor_spawned":[2,6,13,16,22,23,28,29,33,35,40,46],"ascension_level":0}}