{"host":"y56d1fjpgcjsodvy","time":1612235396,"event":{"mods":["BaseMod","Colored Powertips","GifTheSpireLib","Highlight Path","Minty Spire (QoL Compilation)","Relic Stats","StSLib","SuperFastMode","everything is the same but u backflip on backflip"],"gold_per_floor":[114,133,148,148,57,57,22,22,22,34,34,62,62,62,62,62,62],"floor_reached":16,"language":"KOR","playtime":225,"items_purged":[],"score":196,"play_id":"416f934e-50a3-4cd7-b646-46cfd77eda60","local_time":"20210202120956","is_ascension_mode":true,"campfire_choices":[{"data":"Dramatic Entrance","floor":6,"key":"SMITH"},{"data":"Bash","floor":8,"key":"SMITH"},{"data":"Searing Blow","floor":13,"key":"SMITH"},{"data":"Searing Blow+1","floor":15,"key":"SMITH"}],"circlet_count":0,"master_deck":["AscendersBane","Strike_R","Strike_R","Strike_R","Strike_R","Strike_R","Defend_R","Defend_R","Defend_R","Defend_R","Bash+1","Second Wind","Dramatic Entrance+1","Searing Blow+2"],"relics":["Burning Blood","Frozen Egg 2","HornCleat"],"acts_visited":["Exordium"],"potions_floor_usage":[12,12],"damage_taken":[{"damage":12,"enemies":"Cultist","floor":1,"turns":4},{"damage":5,"enemies":"Small Slimes","floor":2,"turns":5},{"damage":14,"enemies":"Jaw Worm","floor":3,"turns":4},{"damage":4,"enemies":"2 Fungi Beasts","floor":10,"turns":2},{"damage":4,"enemies":"Gremlin Nob","floor":12,"turns":3},{"damage":96,"enemies":"Slime Boss","floor":16,"turns":9}],"seed_played":"-7834299594637696567","potions_obtained":[{"floor":1,"key":"DistilledChaos"},{"floor":2,"key":"SpeedPotion"},{"floor":10,"key":"SteroidPotion"}],"is_trial":false,"path_per_floor":["M","M","M","?","$","R","?","R","T","M","$","E","R","$","R","B"],"character_chosen":"IRONCLAD","items_purchased":["Dramatic Entrance"],"campfire_rested":0,"item_purchase_floors":[5],"current_hp_per_floor":[69,70,62,67,67,67,87,87,87,87,87,87,87,87,87,0,0],"gold":62,"neow_bonus":"TEN_PERCENT_HP_BONUS","is_daily":false,"chose_seed":false,"campfire_upgraded":4,"win_rate":0.0,"timestamp":1612235396,"path_taken":["M","M","?","?","$","R","?","R","T","M","?","E","R","$","R","BOSS"],"items_purchased_type":["Card"],"build_version":"2020-12-22","purchased_purges":0,"victory":false,"max_hp_per_floor":[82,82,82,87,87,87,87,87,87,87,87,87,87,87,87,87,87],"relic_stats":{"counters":[6,27],"obtain_stats":[{"HornCleat":12,"Frozen Egg 2":9,"Burning Blood":0},{"HornCleat":5,"Frozen Egg 2":3,"Burning Blood":0},{"HornCleat":18,"Frozen Egg 2":13,"Burning Blood":0}],"Burning Blood":26},"card_choices":[{"not_picked":["Headbutt","Wild Strike"],"picked":"Second Wind","floor":1},{"not_picked":["Clash","Cleave","Sentinel"],"picked":"SKIP","floor":2},{"not_picked":["Clothesline","Armaments","Burning Pact"],"picked":"SKIP","floor":3},{"not_picked":["Seeing Red","Body Slam","Dropkick"],"picked":"SKIP","floor":10},{"not_picked":["Seeing Red","Body Slam","Dropkick"],"picked":"SKIP","floor":10},{"not_picked":["Body Slam","Clash"],"picked":"Searing Blow","floor":12}],"player_experience":1192900,"relics_obtained":[{"floor":9,"key":"Frozen Egg 2"},{"floor":12,"key":"HornCleat"}],"event_choices":[{"damage_healed":0,"gold_gain":0,"player_choice":"Donut","damage_taken":0,"max_hp_gain":5,"max_hp_loss":0,"event_name":"Big Fish","floor":4,"gold_loss":0},{"damage_healed":21,"gold_gain":0,"player_choice":"Healed","damage_taken":0,"max_hp_gain":0,"max_hp_loss":0,"event_name":"The Cleric","floor":7,"gold_loss":35}],"is_beta":false,"boss_relics":[],"items_purged_floors":[],"is_endless":false,"potions_floor_spawned":[1,2,10],"killed_by":"Slime Boss","ascension_level":20}}