{"host":"8a3jzv7qxg3y7b6t","time":1612238553,"event":{"mods":["BaseMod","Better Third Choice","Downfall","Hermit","Minty Spire (QoL Compilation)","Relic Stats","StSLib","The Bug Knight","The Cursed"],"gold_per_floor":[115,190,155,173,173,187,222,281,328,356,104,104,104,119,119,222,222,241,45,64,83,83,116,116,141,141,153,153,182,195,205,205,301,301,318,318,332,387,405,437,487,520,543,316,316,2,17,42,42,42,42,42,42,74,74],"floor_reached":56,"language":"ENG","playtime":4940,"items_purged":[],"score":1486,"play_id":"4480905e-1ac7-43bf-aa09-ec76f6d0f4e2","local_time":"20210201200233","is_ascension_mode":true,"campfire_choices":[{"floor":12,"key":"RECALL"},{"floor":15,"key":"REST"},{"data":"HollowMod:SoulSplash","floor":24,"key":"SMITH"},{"data":"HollowMod:SoulMaster","floor":32,"key":"SMITH"},{"data":"HollowMod:SlysStrikes","floor":49,"key":"SMITH"},{"data":"HollowMod:Weaversong","floor":52,"key":"SMITH"}],"circlet_count":0,"master_deck":["HollowMod:NailStrikeStart","HollowMod:NailStrikeStart","HollowMod:NailStrikeStart","HollowMod:NailStrikeStart","HollowMod:QuickDashStart","HollowMod:QuickDashStart","HollowMod:QuickDashStart","HollowMod:QuickDashStart","HollowMod:FocusHealStart","HollowMod:PogoStrike","HollowMod:FastStrike","HollowMod:DashSlash","HollowMod:MonomonsArchive","HollowMod:QuirrelsAssistance+1","HollowMod:MonomonsArchive","HollowMod:SoulStrike+1","WindmillStrike+1","Immolate+1","HollowMod:NewLittleFool+1","HollowMod:HornetsHelp+1","HollowMod:QuirrelsAssistance+1","HollowMod:CycloneSlash+1","HollowMod:SoulSplash+1","HollowMod:BaldurShell+1","HollowMod:DashSlash","HollowMod:CornifersMapStart+1","HollowMod:MonomonsArchive","HollowMod:SoulMaster+1","HollowMod:SharpenedNail+1","HollowMod:Weaversong+1","HollowMod:GoodIntentions+1","HollowMod:ShapeofUnn+1","HollowMod:DesolateDive","HollowMod:PerfectDash","HollowMod:SlysStrikes+1","HollowMod:CycloneSlash+1","HollowMod:ChannelNail+1","HollowMod:SlysStrikes+1","HollowMod:CycloneSlash+1","HollowMod:BaldurShell+1","Apotheosis+1","HollowMod:PureVessel","HollowMod:PureNailStrike+1","HollowMod:PerfectDash"],"relics":["HollowMod:VesselMask","HollowMod:MillibellesNoteRelic","Regal Pillow","Chemical X","Mummified Hand","HollowMod:StagPassRelic","SlaversCollar","Bronze Scales","Nloth\u0027s Gift","Nunchaku","Toy Ornithopter","Letter Opener","Unceasing Top","Runic Pyramid","Ginger","Bottled Lightning","FossilizedHelix","Pen Nib","Ancient Tea Set","Orrery","ClockworkSouvenir","Gambling Chip","HollowMod:PaleOreRelic"],"acts_visited":["Exordium","TheCity","TheBeyond","TheEnding"],"potions_floor_usage":[7,14,18,21,21,21,21,23,29,31,33,37,38,40,47,50,54,55],"damage_taken":[{"damage":0,"enemies":"Small Slimes","floor":1,"turns":4},{"damage":2,"enemies":"Jaw Worm","floor":4,"turns":4},{"damage":1,"enemies":"2 Louse","floor":6,"turns":2},{"damage":37,"enemies":"Lagavulin","floor":7,"turns":7},{"damage":11,"enemies":"Lagavulin Event","floor":8,"turns":6},{"damage":3,"enemies":"3 Sentries","floor":10,"turns":8},{"damage":0,"enemies":"Large Slime","floor":14,"turns":2},{"damage":33,"enemies":"HollowMod:FalseKnight","floor":16,"turns":9},{"damage":24,"enemies":"2 Thieves","floor":18,"turns":4},{"damage":0,"enemies":"Chosen","floor":20,"turns":4},{"damage":0,"enemies":"Snecko","floor":21,"turns":4},{"damage":16,"enemies":"Book of Stabbing","floor":23,"turns":5},{"damage":13,"enemies":"Slavers","floor":25,"turns":3},{"damage":19,"enemies":"Snake Plant","floor":27,"turns":4},{"damage":3,"enemies":"HollowMod:Nosk","floor":29,"turns":6},{"damage":2,"enemies":"Sentry and Sphere","floor":30,"turns":3},{"damage":1,"enemies":"3 Cultists","floor":31,"turns":4},{"damage":11,"enemies":"Champ","floor":33,"turns":8},{"damage":19,"enemies":"3 Shapes","floor":35,"turns":5},{"damage":8,"enemies":"3 Darklings","floor":37,"turns":5},{"damage":2,"enemies":"2 Orb Walkers","floor":38,"turns":4},{"damage":1,"enemies":"Maw","floor":39,"turns":8},{"damage":37,"enemies":"Nemesis","floor":40,"turns":5},{"damage":0,"enemies":"Mind Bloom Boss Battle","floor":41,"turns":3},{"damage":0,"enemies":"HollowMod:StalkingDevout","floor":42,"turns":6},{"damage":16,"enemies":"Jaw Worm Horde","floor":47,"turns":4},{"damage":0,"enemies":"Nemesis","floor":48,"turns":6},{"damage":0,"enemies":"Time Eater","floor":50,"turns":9},{"damage":6,"enemies":"Shield and Spear","floor":54,"turns":5},{"damage":84,"enemies":"The Heart","floor":55,"turns":9}],"seed_played":"6321505718296489558","potions_obtained":[{"floor":1,"key":"Regen Potion"},{"floor":8,"key":"ColorlessPotion"},{"floor":16,"key":"SkillPotion"},{"floor":18,"key":"EntropicBrew"},{"floor":21,"key":"Swift Potion"},{"floor":27,"key":"EssenceOfSteel"},{"floor":29,"key":"AttackPotion"},{"floor":31,"key":"PowerPotion"},{"floor":33,"key":"BlessingOfTheForge"},{"floor":37,"key":"ColorlessPotion"},{"floor":39,"key":"AttackPotion"},{"floor":42,"key":"LiquidBronze"},{"floor":47,"key":"DistilledChaos"},{"floor":48,"key":"PowerPotion"}],"is_trial":false,"path_per_floor":["M","?","?","M","?","M","E","?","T","E","$","R","?","M","R","B",null,"M","$","M","M","?","E","R","E","T","M","?","E","M","M","R","B",null,"M","?","M","?","M","E","?","E","T","$","?","$","M","E","R","B",null,"R","$","E","B",null],"character_chosen":"THE_BUGKNIGHT","items_purchased":["Chemical X","HollowMod:MonomonsArchive","HollowMod:SoulStrike+1","Bronze Scales","HollowMod:CycloneSlash+1","Regen Potion","Orrery","Apotheosis","ClockworkSouvenir"],"campfire_rested":1,"item_purchase_floors":[11,11,11,19,19,44,44,46,46],"current_hp_per_floor":[82,71,82,80,80,79,51,40,40,43,43,43,9,9,48,21,82,58,58,58,64,64,54,54,41,41,22,22,30,28,32,32,32,82,69,69,66,69,68,36,36,42,42,42,42,42,49,55,55,66,82,82,82,76,3],"gold":74,"neow_bonus":"TEN_PERCENT_HP_BONUS","is_daily":false,"chose_seed":false,"campfire_upgraded":4,"win_rate":0.0,"timestamp":1612238553,"path_taken":["M","?","?","M","?","M","E","?","T","E","$","R","?","M","R","BOSS","M","$","M","M","?","E","R","E","T","?","?","E","M","?","R","BOSS","M","?","?","?","M","E","?","E","T","$","?","$","M","E","R","BOSS","R","$","E","BOSS"],"items_purchased_type":["Relic","Card","Card","Relic","Card","Potion","Relic","Card","Relic"],"build_version":"2020-12-22","purchased_purges":0,"victory":true,"max_hp_per_floor":[82,82,82,82,82,82,82,82,82,82,82,82,82,82,82,82,82,82,82,82,82,82,82,82,82,82,82,82,82,82,82,82,82,82,82,82,82,82,82,82,82,82,82,82,82,82,82,82,82,82,82,82,82,82,82],"relic_stats":{"Regal Pillow":15,"counters":[30,156],"Pen Nib":[8],"Letter Opener":[48],"Ginger":[8],"Nunchaku":[25],"Mummified Hand":[75],"Bronze Scales":[346],"Gambling Chip":[6],"Nloth\u0027s Gift":6,"Chemical X":[1210],"obtain_stats":[{"Regal Pillow":8,"HollowMod:VesselMask":0,"Pen Nib":42,"Letter Opener":26,"Ginger":38,"HollowMod:MillibellesNoteRelic":7,"HollowMod:StagPassRelic":13,"Ancient Tea Set":43,"ClockworkSouvenir":46,"SlaversCollar":17,"Nunchaku":23,"Mummified Hand":13,"Bronze Scales":19,"Gambling Chip":48,"Orrery":44,"Molten Egg 2":10,"Nloth\u0027s Gift":22,"Chemical X":11,"Bottled Lightning":40,"HollowMod:PaleOreRelic":54,"Toy Ornithopter":25,"Unceasing Top":29,"FossilizedHelix":41,"Runic Pyramid":34},{"Regal Pillow":5,"HollowMod:VesselMask":0,"Pen Nib":25,"Letter Opener":13,"Ginger":21,"HollowMod:MillibellesNoteRelic":4,"HollowMod:StagPassRelic":6,"Ancient Tea Set":25,"ClockworkSouvenir":25,"SlaversCollar":8,"Nunchaku":12,"Mummified Hand":6,"Bronze Scales":9,"Gambling Chip":27,"Orrery":25,"Molten Egg 2":6,"Nloth\u0027s Gift":11,"Chemical X":6,"Bottled Lightning":23,"HollowMod:PaleOreRelic":29,"Toy Ornithopter":13,"Unceasing Top":15,"FossilizedHelix":24,"Runic Pyramid":18},{"Regal Pillow":23,"HollowMod:VesselMask":0,"Pen Nib":123,"Letter Opener":62,"Ginger":101,"HollowMod:MillibellesNoteRelic":17,"HollowMod:StagPassRelic":31,"Ancient Tea Set":123,"ClockworkSouvenir":123,"SlaversCollar":42,"Nunchaku":59,"Mummified Hand":31,"Bronze Scales":46,"Gambling Chip":133,"Orrery":123,"Molten Egg 2":31,"Nloth\u0027s Gift":54,"Chemical X":31,"Bottled Lightning":114,"HollowMod:PaleOreRelic":147,"Toy Ornithopter":62,"Unceasing Top":72,"FossilizedHelix":117,"Runic Pyramid":87}],"Toy Ornithopter":45,"Unceasing Top":[10]},"card_choices":[{"not_picked":["HollowMod:BrokenVessel","HollowMod:InfectedCysts"],"picked":"HollowMod:FastStrike","floor":1},{"not_picked":["HollowMod:SoulStrike","HollowMod:MawleksShell"],"picked":"HollowMod:DashSlash","floor":4},{"not_picked":["HollowMod:BrokenVessel","HollowMod:ShadowDash","HollowMod:MothsMistake"],"picked":"SKIP","floor":6},{"not_picked":["HollowMod:VengefulVoid","HollowMod:TaintedHusks"],"picked":"HollowMod:MonomonsArchive","floor":7},{"not_picked":["HollowMod:BrokenVessel","HollowMod:ChannelNail"],"picked":"HollowMod:QuirrelsAssistance+1","floor":10},{"not_picked":["HollowMod:ShadowDash","HollowMod:HowlingWraiths+1"],"picked":"HollowMod:NewLittleFool+1","floor":14},{"not_picked":["HollowMod:SlysStrikes","HollowMod:AwokenDreamNail+1"],"picked":"HollowMod:HornetsHelp+1","floor":16},{"not_picked":["HollowMod:DoubleDash","HollowMod:SoulStrike+1"],"picked":"HollowMod:QuirrelsAssistance+1","floor":18},{"not_picked":["HollowMod:SiblingsSouls","HollowMod:DreamGate","HollowMod:SiblingsShadow"],"picked":"SKIP","floor":20},{"not_picked":["HollowMod:SharpenedNail+1","HollowMod:LuriensSpire+1"],"picked":"HollowMod:SoulSplash","floor":21},{"not_picked":["HollowMod:Grubsong","HollowMod:MidwifesHunger"],"picked":"HollowMod:BaldurShell+1","floor":23},{"not_picked":["HollowMod:ShadowDash","HollowMod:InfectedCysts"],"picked":"HollowMod:DashSlash","floor":25},{"not_picked":["HollowMod:GoodIntentions","HollowMod:SiblingsSouls"],"picked":"HollowMod:CornifersMapStart+1","floor":27},{"not_picked":["HollowMod:NewJinnsSoul","HollowMod:VoidDash"],"picked":"HollowMod:MonomonsArchive","floor":29},{"not_picked":["HollowMod:BrokenVessel","HollowMod:CornifersMapStart"],"picked":"HollowMod:SoulMaster","floor":30},{"not_picked":["HollowMod:NewGlowingWomb","HollowMod:ShapeofUnn"],"picked":"HollowMod:SharpenedNail+1","floor":31},{"not_picked":["HollowMod:HerrahsAnger","HollowMod:VoidDash"],"picked":"HollowMod:Weaversong","floor":33},{"not_picked":["HollowMod:CrystalDash","HollowMod:BlackTendrils+1"],"picked":"HollowMod:GoodIntentions+1","floor":35},{"not_picked":["HollowMod:SoulSplash","HollowMod:WhiteLadysBlessing"],"picked":"HollowMod:ShapeofUnn+1","floor":37},{"not_picked":["HollowMod:SiblingsSouls+1","HollowMod:DescendingDark+1"],"picked":"HollowMod:DesolateDive","floor":38},{"not_picked":["HollowMod:SiblingsSouls","HollowMod:InfectionAssault"],"picked":"HollowMod:PerfectDash","floor":39},{"not_picked":["HollowMod:DungDefenderAura","HollowMod:PerfectDash+1","HollowMod:SlysStrikes"],"picked":"SKIP","floor":40},{"not_picked":["HollowMod:DungDefenderAura","HollowMod:PerfectDash+1"],"picked":"HollowMod:SlysStrikes","floor":40},{"not_picked":["HollowMod:CloakDash+1","HollowMod:SoulEater"],"picked":"HollowMod:CycloneSlash+1","floor":41},{"not_picked":["HollowMod:ShadowDash+1","HollowMod:VoidDash","HollowMod:WraithStrike"],"picked":"SKIP","floor":42},{"not_picked":["HollowMod:SiblingsSouls","HollowMod:CornifersMapStart+1"],"picked":"HollowMod:ChannelNail+1","floor":44},{"not_picked":["HollowMod:BlackTendrils+1","HollowMod:HowlingWraiths"],"picked":"HollowMod:SlysStrikes","floor":44},{"not_picked":["HollowMod:InfectedCysts+1","HollowMod:NewJinnsSoul"],"picked":"HollowMod:CycloneSlash+1","floor":44},{"not_picked":["HollowMod:FallenFury","HollowMod:DesolateDive+1"],"picked":"HollowMod:BaldurShell","floor":44},{"not_picked":["HollowMod:MawleksShell+1","HollowMod:CloakDash"],"picked":"HollowMod:PureVessel","floor":47},{"not_picked":["HollowMod:SoulSplash","HollowMod:FastStrike+1"],"picked":"HollowMod:PureNailStrike+1","floor":48},{"not_picked":["HollowMod:GreatSlash+1","HollowMod:InfectedCysts+1"],"picked":"HollowMod:PerfectDash","floor":54}],"player_experience":658786,"relics_obtained":[{"floor":7,"key":"HollowMod:MillibellesNoteRelic"},{"floor":8,"key":"Regal Pillow"},{"floor":10,"key":"Molten Egg 2"},{"floor":23,"key":"Nunchaku"},{"floor":25,"key":"Toy Ornithopter"},{"floor":26,"key":"Letter Opener"},{"floor":29,"key":"Unceasing Top"},{"floor":38,"key":"Ginger"},{"floor":40,"key":"Bottled Lightning"},{"floor":41,"key":"FossilizedHelix"},{"floor":42,"key":"Pen Nib"},{"floor":43,"key":"Ancient Tea Set"},{"floor":48,"key":"Gambling Chip"},{"floor":54,"key":"HollowMod:PaleOreRelic"}],"event_choices":[{"damage_healed":0,"gold_gain":75,"player_choice":"Gold","damage_taken":11,"max_hp_gain":0,"max_hp_loss":0,"event_name":"betterThird:BetterGoop","floor":2,"gold_loss":0},{"damage_healed":20,"gold_gain":0,"player_choice":"Healed","damage_taken":0,"max_hp_gain":0,"max_hp_loss":0,"event_name":"The Cleric","floor":3,"gold_loss":35},{"damage_healed":0,"gold_gain":0,"player_choice":"Searched \u00272\u0027 times","damage_taken":0,"max_hp_gain":0,"max_hp_loss":0,"event_name":"Dead Adventurer","floor":8,"gold_loss":0},{"damage_healed":0,"gold_gain":0,"player_choice":"Traded Relic","damage_taken":0,"relics_obtained":["Nloth\u0027s Gift"],"max_hp_gain":0,"max_hp_loss":0,"event_name":"N\u0027loth","floor":22,"relics_lost":["Molten Egg 2"],"gold_loss":0},{"damage_healed":0,"gold_gain":0,"player_choice":"Cursed","damage_taken":0,"max_hp_gain":0,"max_hp_loss":0,"event_name":"Wheel of Change","floor":28,"gold_loss":0,"cards_obtained":["Decay"]},{"cards_removed":["Decay"],"damage_healed":0,"gold_gain":0,"player_choice":"Removed Curses","damage_taken":0,"max_hp_gain":0,"max_hp_loss":0,"event_name":"Fountain of Cleansing","floor":36,"gold_loss":0},{"damage_healed":0,"gold_gain":0,"player_choice":"Fight","damage_taken":0,"max_hp_gain":0,"max_hp_loss":0,"event_name":"Mysterious Sphere","floor":38,"gold_loss":0},{"damage_healed":0,"gold_gain":0,"player_choice":"Fight","damage_taken":0,"max_hp_gain":0,"max_hp_loss":0,"event_name":"MindBloom","floor":41,"gold_loss":0},{"damage_healed":0,"gold_gain":0,"player_choice":"Ignored","damage_taken":0,"max_hp_gain":0,"max_hp_loss":0,"event_name":"Tomb of Lord Red Mask","floor":45,"gold_loss":0}],"is_beta":false,"boss_relics":[{"not_picked":["Astrolabe","Ectoplasm"],"picked":"SlaversCollar"},{"not_picked":["Pandora\u0027s Box","Snecko Eye"],"picked":"Runic Pyramid"}],"items_purged_floors":[],"is_endless":false,"potions_floor_spawned":[1,8,16,18,21,27,29,31,33,37,39,42,47,48],"ascension_level":2}}