{"host":"gfmw02tnhhvp9jba","time":1612290231,"event":{"mods":["AchievementEnabler","BaseMod","Colored Map","Conspire","Downfall","Highlight Path","Minty Spire (QoL Compilation)","Replay The Spire","StSLib"],"gold_per_floor":[119,119,139,159,174,174,204,204,204,204,237,251,261,272,272,377,377,397,307,15,42,70,70,70],"floor_reached":23,"language":"ENG","playtime":938,"items_purged":[],"score":255,"play_id":"aa27f04b-7a4e-4f49-a926-5ec0c518f5aa","local_time":"20210202192351","is_ascension_mode":false,"campfire_choices":[{"data":"Eruption","floor":6.0,"key":"SMITH"},{"data":"WindmillStrike","floor":8.0,"key":"SMITH"},{"data":"PathToVictory","floor":10.0,"key":"SMITH"},{"data":"MentalFortress","floor":15.0,"key":"SMITH"}],"circlet_count":0,"master_deck":["Strike_P","Strike_P","Defend_P","Defend_P","Eruption+1","Vigilance","PathToVictory+1","Pray","Wireheading+1","SandsOfTime","WindmillStrike+1","MentalFortress+1","DeusExMachina","Omniscience","LikeWater+1","DevaForm+1","DeceiveReality+1","MentalFortress","PathToVictory","FlurryOfBlows","Study","ClearTheMind+1"],"relics":["bronze:MakeshiftBattery","Vajra","Lantern","ReplayTheSpireMod:Ninjato","Astrolabe","Membership Card","CeramicFish"],"acts_visited":["Exordium","TheCity"],"potions_floor_usage":[23,23,23],"damage_taken":[{"damage":0.0,"enemies":"Cultist","floor":1.0,"turns":4.0},{"damage":0.0,"enemies":"Small Slimes","floor":3.0,"turns":3.0},{"damage":3.0,"enemies":"Jaw Worm","floor":4.0,"turns":4.0},{"damage":0.0,"enemies":"Exordium Wildlife","floor":5.0,"turns":4.0},{"damage":2.0,"enemies":"Gremlin Nob","floor":7.0,"turns":3.0},{"damage":1.0,"enemies":"Replay:BlueRogue","floor":11.0,"turns":3.0},{"damage":1.0,"enemies":"3 Louse","floor":12.0,"turns":3.0},{"damage":1.0,"enemies":"2 Fungi Beasts","floor":13.0,"turns":3.0},{"damage":4.0,"enemies":"conspire:2 RoseBushes","floor":14.0,"turns":3.0},{"damage":0.0,"enemies":"Slime Boss","floor":16.0,"turns":3.0},{"damage":0.0,"enemies":"conspire:FuzzyDice","floor":18.0,"turns":4.0},{"damage":3.0,"enemies":"3 Byrds","floor":21.0,"turns":6.0},{"damage":16.0,"enemies":"Snecko","floor":22.0,"turns":5.0},{"damage":60,"enemies":"Slavers","floor":23,"turns":4}],"seed_played":"-8619478782847507979","potions_obtained":[{"floor":2.0,"key":"DistilledChaos"},{"floor":2.0,"key":"Swift Potion"},{"floor":2.0,"key":"Ambrosia"},{"floor":7.0,"key":"FearPotion"},{"floor":11.0,"key":"SkillPotion"},{"floor":12.0,"key":"BottledMiracle"},{"floor":21.0,"key":"CultistPotion"},{"floor":22,"key":"Energy Potion"}],"is_trial":false,"path_per_floor":["M","?","M","M","M","R","E","R","T","R","E","M","M","M","R","B",null,"M","?","$","M","M","E"],"character_chosen":"WATCHER","items_purchased":["Membership Card","CeramicFish","MentalFortress","PathToVictory","FlurryOfBlows"],"campfire_rested":0,"item_purchase_floors":[20,20,20,20,20],"current_hp_per_floor":[72,72,72,69,69,69,67,67,67,67,66,65,64,60,60,60,72,72,72,72,69,53,0,0],"gold":70,"neow_bonus":"BOSS_RELIC","is_daily":false,"chose_seed":false,"campfire_upgraded":4,"win_rate":0.0,"timestamp":1612290231,"path_taken":["M","?","M","M","M","R","E","R","T","R","E","M","?","M","R","BOSS","M","?","?","M","M","E"],"items_purchased_type":["Relic","Relic","Card","Card","Card"],"build_version":"2020-12-22","purchased_purges":0,"victory":false,"max_hp_per_floor":[72,72,72,72,72,72,72,72,72,72,72,72,72,72,72,72,72,72,72,72,72,72,72,72],"card_choices":[{"not_picked":["Prostrate","ForeignInfluence"],"picked":"PathToVictory","floor":1.0},{"not_picked":["FlurryOfBlows","Evaluate"],"picked":"Pray","floor":3.0},{"not_picked":["Replay:AllIn","FlurryOfBlows"],"picked":"Wireheading","floor":4.0},{"not_picked":["Halt","EmptyFist"],"picked":"SandsOfTime","floor":5.0},{"not_picked":["Replay:Vibes","Consecrate"],"picked":"WindmillStrike","floor":7.0},{"not_picked":["Adaptation","SignatureMove"],"picked":"MentalFortress","floor":11.0},{"not_picked":["CrushJoints","Evaluate","Replay:ManipulateFuture"],"picked":"SKIP","floor":12.0},{"not_picked":["JustLucky","FlurryOfBlows"],"picked":"DeusExMachina","floor":13.0},{"not_picked":["TalkToTheHand","CutThroughFate","SashWhip"],"picked":"SKIP","floor":14.0},{"not_picked":["DevaForm","Alpha"],"picked":"Omniscience","floor":16.0},{"not_picked":["Nirvana","FollowUp","Consecrate"],"picked":"SKIP","floor":18.0},{"not_picked":["Replay:AtTheReady","FlurryOfBlows"],"picked":"Study","floor":21.0},{"not_picked":["Collect+1","BowlingBash"],"picked":"ClearTheMind+1","floor":22}],"player_experience":113910,"relics_obtained":[{"floor":7.0,"key":"Vajra"},{"floor":9.0,"key":"Lantern"},{"floor":11.0,"key":"ReplayTheSpireMod:Ninjato"}],"event_choices":[{"damage_healed":0.0,"max_hp_gain":0.0,"max_hp_loss":0.0,"gold_gain":0.0,"event_name":"Lab","player_choice":"Got Potions","floor":2.0,"gold_loss":0.0,"damage_taken":0.0},{"cards_removed":["Strike_P"],"damage_healed":0.0,"max_hp_gain":0.0,"max_hp_loss":0.0,"gold_gain":0.0,"event_name":"Designer","player_choice":"Upgrade and Remove","floor":19.0,"gold_loss":90.0,"damage_taken":0.0,"cards_upgraded":["Wireheading"]}],"is_beta":false,"boss_relics":[{"not_picked":["Empty Cage","Replay:Bronze Core"],"picked":"Astrolabe"}],"items_purged_floors":[],"is_endless":false,"potions_floor_spawned":[3,7,11,12,21,22],"killed_by":"Slavers","ascension_level":0}}