{"host":"qjy62f5erwny7xxh","time":1612227016,"event":{"mods":["2.2 Compatiblity","AchievementEnabler","BaseMod","Colored Powertips","Curses Come First","DeckTracker","Downfall","Minty Spire (QoL Compilation)","StSLib"],"gold_per_floor":[99,110,120,133,3,13,13,0,34,54,80,80,80,80,92,191,191,191,206,206,306,318,351,403,414,426,426,459,3,3,35,51,147,147,147,163,177,189,3,16,16,33,33,47,47,78,78,112,131,131],"floor_reached":51,"language":"ENG","playtime":4453,"items_purged":["Decay","downfall:Icky","Injury"],"score":1361,"play_id":"9bb88a0e-a0a0-46ce-b033-566ac3a458ed","local_time":"20210202005016","is_ascension_mode":true,"campfire_choices":[{"data":"Night Terror","floor":1,"key":"SMITH"},{"floor":13,"key":"REST"},{"data":"Catalyst","floor":18,"key":"SMITH"},{"floor":27,"key":"REST"},{"floor":30,"key":"REST"},{"floor":35,"key":"REST"},{"floor":43,"key":"REST"},{"floor":45,"key":"REST"},{"floor":47,"key":"REST"}],"circlet_count":0,"master_deck":["AscendersBane","Strike_G+1","Strike_G","Strike_G","Strike_G","Strike_G+1","Defend_G+1","Defend_G","Defend_G","Defend_G","Defend_G","Survivor","Neutralize","Night Terror+1","Deflect","Deadly Poison+1","Poisoned Stab","Leg Sweep","expansioncontent:Chronoboost","PiercingWail","Infinite Blades+1","Backstab","Footwork","Catalyst+1","Catalyst+1","Malaise","RitualDagger","Well Laid Plans","Backflip","PiercingWail","Deadly Poison","Deadly Poison","Deadly Poison","Adrenaline","Well Laid Plans+1","Caltrops","Deadly Poison","downfall:Icky","Noxious Fumes"],"relics":["Ring of the Snake","Whetstone","Pear","TungstenRod","downfall:ExtraCursedKey","bronze:MakeshiftBattery","Pen Nib","Happy Flower","Bronze Scales","CaptainsWheel","Snake Skull","Busted Crown","Ornamental Fan","War Paint","Frozen Egg 2","Sundial"],"acts_visited":["Exordium","TheCity","TheBeyond"],"potions_floor_usage":[9,10,11,11,16,22,23,28,29,37,38,42,46,48,50],"damage_taken":[{"damage":6,"enemies":"Cultist","floor":2,"turns":5},{"damage":0,"enemies":"Jaw Worm","floor":3,"turns":5},{"damage":0,"enemies":"Small Slimes","floor":4,"turns":3},{"damage":1,"enemies":"downfall:FleeingMerchant","floor":5,"turns":4},{"damage":4,"enemies":"3 Louse","floor":6,"turns":9},{"damage":0,"enemies":"downfall:FleeingMerchant","floor":8,"turns":4},{"damage":29,"enemies":"3 Sentries","floor":9,"turns":11},{"damage":4,"enemies":"Exordium Thugs","floor":10,"turns":3},{"damage":6,"enemies":"Gremlin Nob","floor":11,"turns":4},{"damage":0,"enemies":"Blue Slaver","floor":15,"turns":3},{"damage":7,"enemies":"Hexaghost","floor":16,"turns":10},{"damage":5,"enemies":"Spheric Guardian","floor":19,"turns":5},{"damage":4,"enemies":"Shell Parasite","floor":22,"turns":6},{"damage":28,"enemies":"Book of Stabbing","floor":23,"turns":4},{"damage":1,"enemies":"Snake Plant","floor":25,"turns":7},{"damage":9,"enemies":"Shelled Parasite and Fungi","floor":26,"turns":10},{"damage":13,"enemies":"Slavers","floor":28,"turns":6},{"damage":0,"enemies":"downfall:FleeingMerchant","floor":29,"turns":4},{"damage":7,"enemies":"Book of Stabbing","floor":31,"turns":5},{"damage":0,"enemies":"Centurion and Healer","floor":32,"turns":5},{"damage":12,"enemies":"IC_MUSHROOM_ARCHETYPE","floor":33,"turns":2},{"damage":15,"enemies":"3 Darklings","floor":36,"turns":10},{"damage":8,"enemies":"3 Shapes","floor":37,"turns":3},{"damage":20,"enemies":"Writhing Mass","floor":38,"turns":4},{"damage":0,"enemies":"downfall:FleeingMerchant","floor":39,"turns":4},{"damage":3,"enemies":"4 Shapes","floor":40,"turns":4},{"damage":3,"enemies":"Transient","floor":42,"turns":5},{"damage":0,"enemies":"downfall:FleeingMerchant","floor":44,"turns":4},{"damage":19,"enemies":"Reptomancer","floor":46,"turns":6},{"damage":44,"enemies":"Giant Head","floor":48,"turns":7},{"damage":16,"enemies":"Maw","floor":49,"turns":6},{"damage":3,"enemies":"SI_POISON_ARCHETYPE","floor":50,"turns":9}],"seed_played":"2585743514139125771","potions_obtained":[{"floor":4,"key":"AttackPotion"},{"floor":6,"key":"sneckomod:MuddlingPotion"},{"floor":9,"key":"SpeedPotion"},{"floor":10,"key":"Regen Potion"},{"floor":11,"key":"AttackPotion"},{"floor":16,"key":"BlessingOfTheForge"},{"floor":22,"key":"SkillPotion"},{"floor":26,"key":"Explosive Potion"},{"floor":28,"key":"GamblersBrew"},{"floor":32,"key":"Explosive Potion"},{"floor":37,"key":"Poison Potion"},{"floor":42,"key":"DuplicationPotion"},{"floor":46,"key":"AttackPotion"},{"floor":49,"key":"BlessingOfTheForge"}],"is_trial":false,"path_per_floor":["R","M","M","M","$","M","T","$","E","M","E","?","R","?","M","B",null,"R","M","?","?","M","E","T","M","M","R","E","$","R","E","M","B",null,"R","M","M","M","$","M","T","M","R","?","R","E","R","E","M","B",null],"character_chosen":"THE_SILENT","items_purchased":["expansioncontent:Chronoboost","PiercingWail","CaptainsWheel","Deadly Poison","Poison Potion","Caltrops","Noxious Fumes","War Paint"],"campfire_rested":7,"item_purchase_floors":[5,5,29,29,29,39,44,44],"current_hp_per_floor":[63,57,57,57,56,52,52,52,33,29,35,35,59,44,44,37,69,69,64,59,59,55,27,27,26,17,41,28,28,52,45,45,33,68,80,65,57,37,37,34,34,31,55,55,79,60,80,36,20,17],"gold":131,"neow_bonus":"ONE_RANDOM_RARE_CARD","is_daily":false,"chose_seed":false,"campfire_upgraded":2,"win_rate":0.0,"timestamp":1612227016,"path_taken":["R","M","M","?","$","M","T","?","E","M","E","?","R","?","M","BOSS","R","M","?","?","M","E","T","?","M","R","E","$","R","E","M","BOSS","R","M","M","M","$","M","T","M","R","?","R","E","R","E","M","BOSS"],"items_purchased_type":["Card","Card","Relic","Card","Potion","Card","Card","Relic"],"build_version":"2020-12-22","purchased_purges":3,"victory":true,"max_hp_per_floor":[70,70,70,70,70,70,70,70,80,80,80,80,80,80,80,80,80,80,80,80,80,80,80,80,80,80,80,80,80,80,80,80,80,80,80,80,80,80,80,80,80,80,80,80,80,80,80,80,80,80],"card_choices":[{"not_picked":["Acrobatics","Blur"],"picked":"Deflect","floor":2},{"not_picked":["Underhanded Strike","Dodge and Roll"],"picked":"Deadly Poison","floor":3},{"not_picked":["Slice","Bane"],"picked":"Poisoned Stab","floor":4},{"not_picked":["Bane","Doppelganger"],"picked":"Leg Sweep","floor":5},{"not_picked":["PiercingWail","Backflip"],"picked":"Infinite Blades","floor":6},{"not_picked":["Deadly Poison","Poisoned Stab"],"picked":"Backstab","floor":8},{"not_picked":["Deflect","Riddle With Holes"],"picked":"Footwork","floor":9},{"not_picked":["Deadly Poison","Quick Slash"],"picked":"Catalyst","floor":10},{"not_picked":["Quick Slash","Bane"],"picked":"Catalyst","floor":11},{"not_picked":["Bane","Dagger Throw","Dagger Spray"],"picked":"SKIP","floor":15},{"not_picked":["Grand Finale","Phantasmal Killer"],"picked":"Malaise","floor":16},{"not_picked":["Poisoned Stab","Endless Agony","Escape Plan"],"picked":"SKIP","floor":19},{"not_picked":["Acrobatics","Skewer"],"picked":"Well Laid Plans","floor":22},{"not_picked":["Outmaneuver","Underhanded Strike"],"picked":"Backflip","floor":23},{"not_picked":["Dodge and Roll+1","Infinite Blades"],"picked":"PiercingWail","floor":25},{"not_picked":["Storm of Steel","Quick Slash","Slice"],"picked":"SKIP","floor":26},{"not_picked":["Riddle With Holes","Underhanded Strike"],"picked":"Deadly Poison","floor":28},{"not_picked":["Flechettes+1","Dash","Acrobatics"],"picked":"SKIP","floor":29},{"not_picked":["Leg Sweep","Underhanded Strike","Endless Agony"],"picked":"SKIP","floor":31},{"not_picked":["Skewer","Accuracy+1"],"picked":"Deadly Poison","floor":32},{"not_picked":["Night Terror","Venomology"],"picked":"Adrenaline","floor":33},{"not_picked":[],"picked":"Well Laid Plans+1","floor":36},{"not_picked":["Dagger Spray"],"picked":"SKIP","floor":37},{"not_picked":["Finisher+1"],"picked":"SKIP","floor":38},{"not_picked":["PiercingWail"],"picked":"SKIP","floor":39},{"not_picked":[],"picked":"Deadly Poison","floor":40},{"not_picked":["Well Laid Plans"],"picked":"SKIP","floor":42},{"not_picked":["Cloak And Dagger"],"picked":"SKIP","floor":44},{"not_picked":["PiercingWail"],"picked":"SKIP","floor":46},{"not_picked":["Concentrate+1"],"picked":"SKIP","floor":48},{"not_picked":["Cloak And Dagger"],"picked":"SKIP","floor":49}],"player_experience":1144273,"relics_obtained":[{"floor":7,"key":"Whetstone"},{"floor":9,"key":"Pear"},{"floor":11,"key":"TungstenRod"},{"floor":23,"key":"Pen Nib"},{"floor":24,"key":"Happy Flower"},{"floor":28,"key":"Bronze Scales"},{"floor":31,"key":"Snake Skull"},{"floor":41,"key":"Ornamental Fan"},{"floor":46,"key":"Frozen Egg 2"},{"floor":48,"key":"Sundial"}],"event_choices":[{"damage_healed":0,"gold_gain":0,"player_choice":"Entered Light","damage_taken":16,"max_hp_gain":0,"max_hp_loss":0,"event_name":"Shining Light","floor":14,"gold_loss":0,"cards_upgraded":["Infinite Blades","Catalyst"]}],"is_beta":false,"boss_relics":[{"not_picked":["HoveringKite","SlaversCollar"],"picked":"bronze:MakeshiftBattery"},{"not_picked":["Runic Dome","WristBlade"],"picked":"Busted Crown"}],"items_purged_floors":[29,39,44],"is_endless":false,"potions_floor_spawned":[4,6,9,10,11,16,22,26,28,32,37,42,46,49],"ascension_level":12}}