{"host":"43ljbksi7ebmxfn8","time":1612261450,"event":{"mods":["Act Like it!","BaseMod","Gensokyo","Minty Spire (QoL Compilation)","MostiFishMod","Pale of the Ancients","Quick Restart","Shop Mod","Spicy Shops","StSLib","TestMod","篝火指南"],"gold_per_floor":[110,10,22,22,22,52,62,73,73,98,178,197,197,222,222,298,298,309,309,0,0,10,38,55,55,101,135,145,70,104,120,120,194,194,214,233,246,258,50,79,-1321,-1294,-1294,-1267,-1255,-1240,-840,-840,-840,-840,-840,-829,-817,-817,-817,-817,-804,-732,-732,-732,-732],"floor_reached":62,"language":"ZHS","playtime":2291,"items_purged":["Strike_R"],"score":3721,"play_id":"d05c32b3-04c0-4faa-8f5f-8a9529d25783","local_time":"20210202182410","is_ascension_mode":true,"campfire_choices":[{"floor":13.0,"key":"RECALL"},{"data":"MostiFishMod:#F4004","floor":15.0,"key":"SMITH"},{"data":"MostiFishMod:FlyOverUtopia","floor":32.0,"key":"SMITH"},{"data":"Dark Embrace","floor":49,"key":"SMITH"},{"data":"Whirlwind","floor":56,"key":"SMITH"}],"circlet_count":0,"master_deck":["Strike_R","Strike_R+1","Strike_R","Defend_R+1","Defend_R","Defend_R","Defend_R+1","Bash","Gensokyo:CrescentMoonSlash","Shrug It Off","Impervious","MostiFishMod:#F4004+1","MostiFishMod:FireWorks+1","Dark Embrace+1","Whirlwind+1","MostiFishMod:FlyOverUtopia+1","Exhume","Heavy Blade","Body Slam","MostiFishMod:DoubleSword","Rupture+1","MostiFishMod:DarkDeal","Burning Pact+1"],"relics":["Burning Blood","DaveBox","testmod-Fanaticism","FeatherPendant","SynthV:TestCard","testmod-TestBox","DianDianMeat","testmod-EqualTreatment","Vajra","GuanYuAspect","Gensokyo:SongOfSouls","Omamori","Lizard Tail","ChiXiaoBlade","MerchantsRug","Chemical X","testmod-Antiphasic","Ancient Tea Set","SynthV:MejaisSoulstealer","testmod-LifeArmor","Dead Branch","Bottled Tornado","paleoftheancients:Timepiece","paleoftheancients:KeyRelic","CultistMask","paleoftheancients:SoulOfTheIroncluck","testmod-AssaultLearning","Turnip"],"acts_visited":["Exordium","Gensokyo:Gensokyo","Gensokyo:Gensokyoer","Gensokyo:Gensokyoest"],"potions_floor_usage":[],"damage_taken":[{"damage":0.0,"enemies":"Gensokyo:Python","floor":1.0,"turns":1.0},{"damage":0.0,"enemies":"Gensokyo:Gryphon","floor":3.0,"turns":1.0},{"damage":12.0,"enemies":"Gensokyo:Cirno","floor":6.0,"turns":2.0},{"damage":10.0,"enemies":"Gensokyo:3_Fairies","floor":7.0,"turns":5.0},{"damage":2.0,"enemies":"Gensokyo:3_Kodama","floor":8.0,"turns":2.0},{"damage":0.0,"enemies":"Gensokyo:Aya","floor":10.0,"turns":4.0},{"damage":0.0,"enemies":"Gensokyo:2_Rabbits","floor":12.0,"turns":2.0},{"damage":0.0,"enemies":"Gensokyo:Mamizou","floor":14.0,"turns":2.0},{"damage":6.0,"enemies":"Gensokyo:Kokoro","floor":16.0,"turns":4.0},{"damage":0.0,"enemies":"Gensokyo:Chomper","floor":18.0,"turns":2.0},{"damage":0.0,"enemies":"Gensokyo:CosmicMonolith","floor":22.0,"turns":2.0},{"damage":30.0,"enemies":"Gensokyo:Tenshi","floor":23.0,"turns":2.0},{"damage":8.0,"enemies":"Gensokyo:Chomper_and_Gloop","floor":24.0,"turns":3.0},{"damage":8.0,"enemies":"Gensokyo:Koishi","floor":27.0,"turns":1.0},{"damage":20.0,"enemies":"Gensokyo:Mirror_and_Dog","floor":28.0,"turns":2.0},{"damage":8.0,"enemies":"Gensokyo:Tenshi","floor":30.0,"turns":1.0},{"damage":56.0,"enemies":"Gensokyo:Wraith","floor":31.0,"turns":3.0},{"damage":32.0,"enemies":"Gensokyo:Kaguya","floor":33.0,"turns":4.0},{"damage":8.0,"enemies":"Gensokyo:3_Boulders","floor":35.0,"turns":2.0},{"damage":8.0,"enemies":"Gensokyo:AncientGuardian","floor":36.0,"turns":3.0},{"damage":44.0,"enemies":"Gensokyo:Dusk_and_Dawn","floor":37.0,"turns":2.0},{"damage":8.0,"enemies":"Gensokyo:AtlasGolem","floor":38.0,"turns":2.0},{"damage":8.0,"enemies":"Gensokyo:Doremy","floor":40.0,"turns":2.0},{"damage":8.0,"enemies":"Gensokyo:Kasen","floor":42.0,"turns":2.0},{"damage":21,"enemies":"Gensokyo:Marisa","floor":44,"turns":2},{"damage":27,"enemies":"Gensokyo:Sharpion","floor":45,"turns":2},{"damage":16,"enemies":"Gensokyo:Dusk_and_Dawn","floor":46,"turns":1},{"damage":13,"enemies":"Gensokyo:Scarlet_Devils","floor":50,"turns":2},{"damage":26,"enemies":"Gensokyo:Yuyuko","floor":51,"turns":2},{"damage":16,"enemies":"Gensokyo:Yuyuko","floor":52,"turns":1},{"damage":8,"enemies":"Gensokyo:Yuyuko","floor":53,"turns":1},{"damage":74,"enemies":"Gensokyo:Yuyuko","floor":57,"turns":5},{"damage":46,"enemies":"paleoftheancients:N","floor":61,"turns":2}],"seed_played":"-1173874843165720752","potions_obtained":[{"floor":3.0,"key":"Swift Potion"},{"floor":10.0,"key":"Energy Potion"},{"floor":40.0,"key":"FearPotion"},{"floor":46,"key":"ColorlessPotion"}],"is_trial":false,"path_per_floor":["M","?","M","?","?","E","M","M","T","E","?","M","R","E","R","B",null,"M","?","?","?","M","E","M","T","T","E","M","$","E","M","R","B",null,"M","M","M","M","$","E","R","E","T","E","M","M","?","COS","R","B","B","M","M","?","T","R","M","R","T","?","B",null],"character_chosen":"IRONCLAD","items_purchased":["MerchantsRug","Chemical X","testmod-Antiphasic","SynthV:MejaisSoulstealer"],"campfire_rested":0,"item_purchase_floors":[39,39,39,41],"current_hp_per_floor":[74,74,75,60,60,61,63,75,75,75,75,75,75,75,75,75,38,38,38,38,38,38,38,36,36,36,38,32,32,38,34,34,38,38,38,38,38,38,38,38,38,44,44,43,65,73,73,73,73,82,82,82,82,82,82,82,82,82,82,82,82],"gold":-732,"neow_bonus":"THREE_ENEMY_KILL","is_daily":false,"chose_seed":false,"campfire_upgraded":4,"win_rate":0.0,"timestamp":1612261450,"path_taken":["M","?","M","?","?","E","M","?","T","E","?","M","R","E","R","BOSS","M","?","?","?","M","E","?","?","T","E","M","$","E","M","R","BOSS","M","M","?","M","$","E","R","E","T","E","?","M","?","COS","R","BOSS","BOSS","M","M","?","T","R","M","R","T","?","BOSS"],"items_purchased_type":["Relic","Relic","Relic","Relic"],"build_version":"2020-12-22","purchased_purges":1,"victory":true,"max_hp_per_floor":[75,75,75,75,75,75,75,75,75,75,75,75,75,75,75,75,38,38,38,38,38,38,38,38,38,38,38,38,38,38,38,38,38,38,38,38,38,38,38,38,38,50,50,63,68,82,82,82,82,82,82,82,82,82,82,82,82,82,82,82,82],"card_choices":[{"not_picked":["Iron Wave","Clash","Wild Strike"],"picked":"SKIP","floor":1.0},{"not_picked":["True Grit","Evolve","Hemokinesis","Armaments","Shockwave"],"picked":"SKIP","floor":3.0},{"not_picked":["Flex","Armaments","Iron Wave","Wild Strike"],"picked":"Shrug It Off","floor":6.0},{"not_picked":["Perfected Strike","Headbutt","Pummel","Sword Boomerang"],"picked":"Impervious","floor":7.0},{"not_picked":["Perfected Strike","Burning Pact","Sword Boomerang","True Grit"],"picked":"MostiFishMod:#F4004","floor":8.0},{"not_picked":["Searing Blow","Reckless Charge","Clothesline","Exhume","Thunderclap"],"picked":"SKIP","floor":10.0},{"not_picked":["Rupture","Armaments","Reckless Charge","Heavy Blade","Pommel Strike"],"picked":"SKIP","floor":12.0},{"not_picked":["Clash","Dual Wield","Havoc","Cleave","Demon Form"],"picked":"SKIP","floor":14.0},{"not_picked":["MostiFishMod:RainCloud","MostiFishMod:TemporaryOutbreak","Immolate","MostiFishMod:OrdinaryWorld"],"picked":"MostiFishMod:FireWorks","floor":16.0},{"not_picked":["Clothesline","Infernal Blade","Searing Blow","Iron Wave","Anger"],"picked":"SKIP","floor":18.0},{"not_picked":["Clothesline","Havoc","Rage","Battle Trance"],"picked":"Dark Embrace","floor":22.0},{"not_picked":["Warcry","MostiFishMod:TemporaryOutbreak","Shrug It Off+1","Perfected Strike"],"picked":"Whirlwind","floor":23.0},{"not_picked":["Perfected Strike","Wild Strike+1","Combust","Armaments+1","Havoc"],"picked":"SKIP","floor":24.0},{"not_picked":["Sever Soul","Twin Strike","Fire Breathing","Spot Weakness+1","True Grit"],"picked":"SKIP","floor":27.0},{"not_picked":["Thunderclap+1","Rampage","Dark Embrace","Perfected Strike+1","Reckless Charge"],"picked":"SKIP","floor":28.0},{"not_picked":["Pummel","Whirlwind","Shrug It Off","Battle Trance"],"picked":"MostiFishMod:FlyOverUtopia","floor":30.0},{"not_picked":["Armaments","Sword Boomerang","Hemokinesis","Shrug It Off","Thunderclap"],"picked":"SKIP","floor":31.0},{"not_picked":["MostiFishMod:ChineseTea","MostiFishMod:FireWorks","MostiFishMod:PerfectStrikeMKII","Berserk"],"picked":"Exhume","floor":33.0},{"not_picked":["Pommel Strike","Flex+1","Intimidate","Clothesline"],"picked":"Heavy Blade","floor":35.0},{"not_picked":["Armaments","Metallicize+1","Intimidate+1","Dual Wield","Clothesline+1"],"picked":"SKIP","floor":36.0},{"not_picked":["Flex+1","Twin Strike","Clothesline","Anger+1"],"picked":"Body Slam","floor":37.0},{"not_picked":["Anger","Pummel","Wild Strike","Dark Embrace"],"picked":"MostiFishMod:DoubleSword","floor":38.0},{"not_picked":["Anger","Fire Breathing","Armaments","Infernal Blade","MostiFishMod:NewArrival"],"picked":"SKIP","floor":40.0},{"not_picked":["MostiFishMod:NewArrival","Inflame","Iron Wave","Headbutt+1"],"picked":"Rupture","floor":42.0},{"not_picked":["Blood for Blood","Carnage","Sword Boomerang+1","Armaments"],"picked":"MostiFishMod:DarkDeal","floor":44},{"not_picked":["Pummel+1","Body Slam","Uppercut","Pommel Strike","Headbutt+1"],"picked":"SKIP","floor":45},{"not_picked":["True Grit","Battle Trance","Anger","Armaments"],"picked":"Burning Pact+1","floor":46},{"not_picked":["Flex+1","Twin Strike","Whirlwind+1","Clothesline+1","Uppercut"],"picked":"SKIP","floor":52},{"not_picked":["Fire Breathing+1","Hemokinesis","Body Slam","Perfected Strike","Thunderclap"],"picked":"SKIP","floor":53},{"not_picked":["Iron Wave+1","Pommel Strike","Shockwave","Twin Strike","Bloodletting+1"],"picked":"SKIP","floor":57}],"player_experience":425038,"relics_obtained":[{"floor":1.0,"key":"SynthV:TestCard"},{"floor":6.0,"key":"DianDianMeat"},{"floor":9.0,"key":"testmod-CyclicPeriapt"},{"floor":10.0,"key":"testmod-EqualTreatment"},{"floor":14.0,"key":"Vajra"},{"floor":23.0,"key":"Blood Vial"},{"floor":25.0,"key":"Omamori"},{"floor":27.0,"key":"Lizard Tail"},{"floor":30.0,"key":"Darkstone Periapt"},{"floor":40.0,"key":"Ancient Tea Set"},{"floor":42.0,"key":"testmod-LifeArmor"},{"floor":43.0,"key":"Dead Branch"},{"floor":44,"key":"Bottled Tornado"},{"floor":52,"key":"paleoftheancients:SoulOfTheIroncluck"},{"floor":55,"key":"testmod-AssaultLearning"},{"floor":59,"key":"Turnip"}],"event_choices":[{"damage_healed":0.0,"max_hp_gain":0.0,"max_hp_loss":0.0,"gold_gain":0.0,"event_name":"给自己的盒子","player_choice":"Swap Relic","floor":5.0,"relics_lost":["testmod-TestBox"],"gold_loss":0.0,"damage_taken":0.0,"relics_obtained":["testmod-TestBox"]},{"damage_healed":0,"gold_gain":400,"player_choice":"Sell","damage_taken":0,"max_hp_gain":0,"max_hp_loss":0,"event_name":"恩洛斯的盘子","floor":47,"relics_lost":["NeowsBlessing"],"gold_loss":0},{"damage_healed":0,"gold_gain":0,"player_choice":"Upgraded","damage_taken":0,"max_hp_gain":0,"max_hp_loss":0,"event_name":"Upgrade Shrine","floor":54,"gold_loss":0,"cards_upgraded":["Rupture"]}],"is_beta":false,"boss_relics":[{"not_picked":["Cursed Key","OneHitWonderSystem"],"picked":"GuanYuAspect"},{"not_picked":["Runic Cube","SacredBark"],"picked":"ChiXiaoBlade"}],"items_purged_floors":[29],"is_endless":false,"potions_floor_spawned":[3,10,12,14,18,28,31,36,40,46],"ascension_level":20}}