{"host":"0k696jvpnlqjk4gh","time":1612303123,"event":{"mods":["AchievementEnabler","BaseMod","Colored Map","Colored Powertips","Minty Spire (QoL Compilation)","Quick Restart"],"gold_per_floor":[118,83,83,83,103,103,133,133,184,200,200,276,290,133,133,262,262,275,275,288,288,307,307,338,358,358,358,273,273,355,386,386,511,511,525,588,588,9,24,65,79,103,103,123,147,161,184,39,39,39,39],"floor_reached":50,"language":"ENG","playtime":1579,"items_purged":["Strike_R+1"],"score":689,"play_id":"3da35522-ff2c-413c-b281-f423e5759c67","local_time":"20210202215843","is_ascension_mode":true,"campfire_choices":[{"floor":6,"key":"REST"},{"data":"Demon Form","floor":8,"key":"SMITH"},{"floor":15,"key":"REST"},{"floor":23,"key":"REST"},{"floor":29,"key":"REST"},{"floor":32,"key":"REST"},{"floor":49,"key":"REST"}],"circlet_count":0,"master_deck":["Strike_R+1","Strike_R+1","Strike_R+1","Defend_R+1","Defend_R+1","Defend_R+1","Defend_R+1","Bash","Whirlwind","Armaments+1","Cleave","Demon Form+1","Anger","Limit Break","Fire Breathing+1","Flex+1","Infernal Blade","Feed+1","Heavy Blade+1","Seeing Red+1"],"relics":["SlaversCollar","Tiny Chest","Golden Idol","Du-Vu Doll","Pen Nib","Runic Pyramid","Molten Egg 2","MutagenicStrength","Mercury Hourglass","Anchor","Red Skull","InkBottle","Question Card","Black Star","Incense Burner","Bottled Tornado","Singing Bowl","Darkstone Periapt","Bottled Lightning","Kunai","Lantern","Blood Vial"],"acts_visited":["Exordium","TheCity","TheBeyond"],"potions_floor_usage":[7,7,12,18,22,24,33,36,39,40,40,40,44,47],"damage_taken":[{"damage":14,"enemies":"Jaw Worm","floor":1,"turns":6},{"damage":3,"enemies":"Small Slimes","floor":5,"turns":3},{"damage":5,"enemies":"3 Sentries","floor":7,"turns":3},{"damage":0,"enemies":"2 Louse","floor":10,"turns":2},{"damage":15,"enemies":"Gremlin Nob","floor":12,"turns":4},{"damage":11,"enemies":"Blue Slaver","floor":13,"turns":5},{"damage":0,"enemies":"Slime Boss","floor":16,"turns":4},{"damage":35,"enemies":"Spheric Guardian","floor":18,"turns":6},{"damage":12,"enemies":"Shell Parasite","floor":20,"turns":5},{"damage":15,"enemies":"Sentry and Sphere","floor":22,"turns":5},{"damage":33,"enemies":"Book of Stabbing","floor":24,"turns":5},{"damage":0,"enemies":"3 Cultists","floor":25,"turns":2},{"damage":8,"enemies":"Slavers","floor":31,"turns":4},{"damage":9,"enemies":"Champ","floor":33,"turns":6},{"damage":0,"enemies":"3 Darklings","floor":35,"turns":2},{"damage":15,"enemies":"Mind Bloom Boss Battle","floor":36,"turns":8},{"damage":26,"enemies":"Orb Walker","floor":39,"turns":4},{"damage":3,"enemies":"Giant Head","floor":40,"turns":4},{"damage":26,"enemies":"Jaw Worm Horde","floor":41,"turns":4},{"damage":15,"enemies":"4 Shapes","floor":42,"turns":3},{"damage":6,"enemies":"Spire Growth","floor":44,"turns":3},{"damage":0,"enemies":"Jaw Worm Horde","floor":46,"turns":1},{"damage":13,"enemies":"Maw","floor":47,"turns":5},{"damage":46,"enemies":"Time Eater","floor":50,"turns":4}],"seed_played":"-3944045935230809465","potions_obtained":[{"floor":1,"key":"EssenceOfSteel"},{"floor":5,"key":"SpeedPotion"},{"floor":10,"key":"SteroidPotion"},{"floor":16,"key":"BlessingOfTheForge"},{"floor":20,"key":"Dexterity Potion"},{"floor":22,"key":"PowerPotion"},{"floor":31,"key":"SkillPotion"},{"floor":35,"key":"SkillPotion"},{"floor":39,"key":"EntropicBrew"},{"floor":40,"key":"PowerPotion"},{"floor":44,"key":"SneckoOil"}],"is_trial":false,"path_per_floor":["M","?","?","?","M","R","E","R","T","M","?","?","M","$","R","B",null,"M","T","M","?","M","R","E","M","T","?","?","R","T","E","R","B",null,"M","?","?","$","M","E","M","M","T","M","T","M","M","$","R","B"],"character_chosen":"IRONCLAD","items_purchased":["Pen Nib","Bottled Tornado","Singing Bowl","Blood Vial"],"campfire_rested":6,"item_purchase_floors":[14,38,38,48],"current_hp_per_floor":[66,80,80,64,61,80,75,75,75,75,74,59,48,48,70,70,74,39,39,27,27,12,34,1,1,1,1,1,23,23,15,37,28,74,78,67,67,67,47,48,28,19,19,15,15,17,10,10,44,0,0],"gold":39,"neow_bonus":"BOSS_RELIC","is_daily":false,"chose_seed":false,"campfire_upgraded":1,"win_rate":0.0,"timestamp":1612303123,"path_taken":["M","?","?","?","M","R","E","R","T","?","?","?","M","$","R","BOSS","M","?","M","?","M","R","E","M","T","?","?","R","?","E","R","BOSS","M","?","?","?","M","E","M","M","T","M","?","M","M","$","R","BOSS"],"items_purchased_type":["Relic","Relic","Relic","Relic"],"build_version":"2020-12-22","purchased_purges":1,"victory":false,"max_hp_per_floor":[80,80,80,80,80,80,80,80,80,80,74,74,74,74,74,74,74,74,74,74,74,74,74,74,74,74,74,74,74,74,74,74,74,74,78,82,82,82,88,92,98,104,104,106,106,108,114,114,114,114,114],"card_choices":[{"not_picked":["Rupture","Thunderclap"],"picked":"Whirlwind","floor":1},{"not_picked":["Clothesline","Warcry"],"picked":"Cleave","floor":5},{"not_picked":["Metallicize","Dropkick"],"picked":"Demon Form","floor":7},{"not_picked":["True Grit","Armaments","Perfected Strike"],"picked":"SKIP","floor":10},{"not_picked":["Shrug It Off","Clash"],"picked":"Anger","floor":13},{"not_picked":["Bludgeon","Brutality"],"picked":"Limit Break","floor":16},{"not_picked":["Sever Soul+1","Warcry"],"picked":"Fire Breathing+1","floor":18},{"not_picked":["Whirlwind+1","Sever Soul+1"],"picked":"Flex+1","floor":20},{"not_picked":["Havoc","Clash+1","Burning Pact+1"],"picked":"SKIP","floor":22},{"not_picked":["Dual Wield+1","Blood for Blood+1"],"picked":"Infernal Blade","floor":24},{"not_picked":["Infernal Blade","Cleave+1","True Grit"],"picked":"SKIP","floor":25},{"not_picked":["Hemokinesis+1","Offering","Sentinel"],"picked":"SKIP","floor":31},{"not_picked":["Brutality","Double Tap","Berserk"],"picked":"Feed+1","floor":33},{"not_picked":["Warcry+1","Flame Barrier","Searing Blow+1","Power Through"],"picked":"SKIP","floor":35},{"not_picked":["Twin Strike+1","Bloodletting+1","Sever Soul+1"],"picked":"Heavy Blade+1","floor":36},{"not_picked":["Spot Weakness","Headbutt+1","Shrug It Off","True Grit+1"],"picked":"Singing Bowl","floor":39},{"not_picked":["Exhume","Heavy Blade+1","Twin Strike+1"],"picked":"Seeing Red+1","floor":40},{"not_picked":["Sentinel+1","True Grit","Reckless Charge+1","Wild Strike+1"],"picked":"Singing Bowl","floor":41},{"not_picked":["Perfected Strike+1","Fire Breathing+1","Heavy Blade+1","Twin Strike+1"],"picked":"Singing Bowl","floor":42},{"not_picked":["Pummel+1","Clothesline+1","Anger+1","Disarm"],"picked":"Singing Bowl","floor":44},{"not_picked":["Fire Breathing","Armaments+1","Body Slam+1","Headbutt+1"],"picked":"Singing Bowl","floor":46},{"not_picked":["Immolate+1","Havoc","Reckless Charge+1","Combust+1"],"picked":"Singing Bowl","floor":47}],"player_experience":122156,"relics_obtained":[{"floor":7,"key":"Tiny Chest"},{"floor":12,"key":"Du-Vu Doll"},{"floor":19,"key":"Molten Egg 2"},{"floor":24,"key":"Mercury Hourglass"},{"floor":26,"key":"Anchor"},{"floor":30,"key":"InkBottle"},{"floor":31,"key":"Question Card"},{"floor":36,"key":"Incense Burner"},{"floor":40,"key":"Darkstone Periapt"},{"floor":40,"key":"Bottled Lightning"},{"floor":43,"key":"Kunai"},{"floor":45,"key":"Lantern"}],"event_choices":[{"damage_healed":20,"gold_gain":0,"player_choice":"Healed","damage_taken":0,"max_hp_gain":0,"max_hp_loss":0,"event_name":"The Cleric","floor":2,"gold_loss":35},{"damage_healed":0,"gold_gain":0,"cards_transformed":["Strike_R"],"player_choice":"Change","damage_taken":0,"max_hp_gain":0,"max_hp_loss":0,"event_name":"Living Wall","floor":3,"gold_loss":0,"cards_obtained":["Armaments"]},{"damage_healed":0,"gold_gain":0,"player_choice":"Entered Light","damage_taken":16,"max_hp_gain":0,"max_hp_loss":0,"event_name":"Shining Light","floor":4,"gold_loss":0,"cards_upgraded":["Armaments","Strike_R"]},{"damage_healed":0,"gold_gain":0,"player_choice":"Lose Max HP","damage_taken":0,"relics_obtained":["Golden Idol"],"max_hp_gain":0,"max_hp_loss":6,"event_name":"Golden Idol","floor":11,"gold_loss":0},{"damage_healed":0,"gold_gain":0,"player_choice":"Searched \u00271\u0027 times","damage_taken":0,"max_hp_gain":0,"max_hp_loss":0,"event_name":"Dead Adventurer","floor":12,"gold_loss":0},{"damage_healed":0,"gold_gain":0,"player_choice":"Inject Mutagens","damage_taken":0,"relics_obtained":["MutagenicStrength"],"max_hp_gain":0,"max_hp_loss":0,"event_name":"Drug Dealer","floor":21,"gold_loss":0},{"damage_healed":0,"gold_gain":0,"player_choice":"Simplicity","damage_taken":0,"max_hp_gain":0,"max_hp_loss":0,"event_name":"Back to Basics","floor":27,"gold_loss":0,"cards_upgraded":["Strike_R","Strike_R","Strike_R","Defend_R","Defend_R","Defend_R","Defend_R"]},{"damage_healed":0,"gold_gain":0,"player_choice":"Obtained Relic","damage_taken":0,"relics_obtained":["Red Skull"],"max_hp_gain":0,"max_hp_loss":0,"event_name":"Addict","floor":28,"gold_loss":85},{"damage_healed":0,"gold_gain":0,"player_choice":"Fight","damage_taken":0,"max_hp_gain":0,"max_hp_loss":0,"event_name":"MindBloom","floor":36,"gold_loss":0},{"damage_healed":0,"gold_gain":0,"player_choice":"Ignored","damage_taken":0,"max_hp_gain":0,"max_hp_loss":0,"event_name":"Tomb of Lord Red Mask","floor":37,"gold_loss":0}],"is_beta":false,"boss_relics":[{"not_picked":["Empty Cage","Velvet Choker"],"picked":"Runic Pyramid"},{"not_picked":["Tiny House","Philosopher\u0027s Stone"],"picked":"Black Star"}],"items_purged_floors":[38],"is_endless":false,"potions_floor_spawned":[1,5,10,16,20,22,31,35,39,40,44],"killed_by":"Time Eater","ascension_level":1}}