{"host":"tp44ibfkhs2l94sg","time":1612244534,"event":{"mods":["BaseMod","Downfall","Minty Spire (QoL Compilation)","StSLib"],"gold_per_floor":[99,111,111,21,31,31,31,31,49,77,93,122,22,22,32,141,141,141,156,172,172,189,189,270,286,286,296,326,337,368,5,20,118,168,168,185,185,11,61,72,120,154,164,164,210,90,105,118,138,138],"floor_reached":51,"language":"ENG","playtime":5730,"items_purged":["Pain"],"score":746,"play_id":"778ba42e-3789-4fc9-9ad1-11e39affad1c","local_time":"20210201214214","is_ascension_mode":false,"campfire_choices":[{"data":"sneckomod:SnekBite","floor":1.0,"key":"SMITH"},{"data":"sneckomod:TailWhip","floor":6.0,"key":"SMITH"},{"data":"sneckomod:Unknown2Cost","floor":8.0,"key":"SMITH"},{"data":"sneckomod:SoulCleanse","floor":13,"key":"SMITH"},{"data":"sneckomod:UnknownRareAttack","floor":18,"key":"SMITH"},{"data":"sneckomod:CheapStock","floor":23,"key":"SMITH"},{"data":"sneckomod:Unknown","floor":26,"key":"SMITH"},{"data":"sneckomod:SnekBeam","floor":35,"key":"SMITH"},{"floor":44,"key":"REST"}],"circlet_count":0,"master_deck":["sneckomod:Strike+1","sneckomod:Strike+1","sneckomod:Strike+1","sneckomod:Defend+1","sneckomod:Defend+1","sneckomod:Defend+1","sneckomod:TailWhip+1","sneckomod:SnekBite+1","sneckomod:Unknown+1","sneckomod:Unknown+1","sneckomod:SoulCleanse+1","sneckomod:Unknown2Cost+1","sneckomod:DiceBlock+1","sneckomod:SerpentIdol+1","sneckomod:Nope+1","sneckomod:Unknown1Cost+1","sneckomod:SerpentIdol+1","sneckomod:UnknownClassHEXA_GHOST_PURPLE+1","sneckomod:UnknownRareAttack+1","sneckomod:ImprovisedGuard+1","sneckomod:CheapStock+1","sneckomod:UnknownDraw+1","sneckomod:PureSnecko+1","sneckomod:SnekBeam+1","sneckomod:UnknownClassTHE_BRONZE_AUTOMATON+1","sneckomod:Unknown2Cost+1","sneckomod:UnknownClassPURPLE+1","sneckomod:Unknown2Cost+1","sneckomod:Rotation+1","expansioncontent:QuickStudy+1","sneckomod:UnknownDraw+1","sneckomod:UnknownBoss+1","sneckomod:QuickMove+1","sneckomod:DefensiveFlair+1","sneckomod:UnendingSupply","expansioncontent:AwakenDeath+1","sneckomod:UnknownDexterity+1","sneckomod:SoulRoll+1","sneckomod:UnknownStrength+1","sneckomod:Unknown1Cost+1","sneckomod:SnakeSap+1","expansioncontent:StudyTheSpire","sneckomod:TrashToTreasure+1","sneckomod:UnknownUncommonAttack","bronze:FunctionCard","sneckomod:UnknownClassTHE_BRONZE_AUTOMATON+1"],"relics":["Sozu","WarpedTongs","Toxic Egg 2","Odd Mushroom","Toy Ornithopter","downfall:HeartBlessingGreen","Runic Pyramid","Matryoshka","PreservedInsect","Meat on the Bone","Tiny Chest","Tiny House","Peace Pipe","Vajra","Lantern","Bronze Scales","Mummified Hand","Oddly Smooth Stone","War Paint"],"acts_visited":["Exordium","TheCity","TheBeyond"],"potions_floor_usage":[],"damage_taken":[{"damage":1.0,"enemies":"Jaw Worm","floor":2.0,"turns":3.0},{"damage":6.0,"enemies":"downfall:FleeingMerchant","floor":4.0,"turns":4.0},{"damage":1.0,"enemies":"Cultist","floor":5.0,"turns":3.0},{"damage":0.0,"enemies":"Small Slimes","floor":9.0,"turns":1.0},{"damage":12.0,"enemies":"The Mushroom Lair","floor":10.0,"turns":4.0},{"damage":11.0,"enemies":"Exordium Wildlife","floor":11.0,"turns":4.0},{"damage":2,"enemies":"3 Sentries","floor":12,"turns":6},{"damage":0,"enemies":"Red Slaver","floor":15,"turns":2},{"damage":54,"enemies":"DF_ARCHETYPE_STREAMLINE","floor":16,"turns":10},{"damage":0,"enemies":"Spheric Guardian","floor":19,"turns":3},{"damage":4,"enemies":"Shell Parasite","floor":20,"turns":4},{"damage":4,"enemies":"Chosen and Byrds","floor":22,"turns":6},{"damage":3,"enemies":"Snake Plant","floor":25,"turns":3},{"damage":10,"enemies":"Centurion and Healer","floor":27,"turns":5},{"damage":0,"enemies":"Gremlin Leader","floor":28,"turns":4},{"damage":0,"enemies":"Sentry and Sphere","floor":29,"turns":5},{"damage":21,"enemies":"Slavers","floor":30,"turns":4},{"damage":0,"enemies":"downfall:FleeingMerchant","floor":31,"turns":4},{"damage":5,"enemies":"Shelled Parasite and Fungi","floor":32,"turns":4},{"damage":9,"enemies":"WA_ARCHETYPE_CALM","floor":33,"turns":9},{"damage":13,"enemies":"Orb Walker","floor":36,"turns":4},{"damage":15,"enemies":"downfall:FleeingMerchant","floor":38,"turns":4},{"damage":14,"enemies":"downfall:FleeingMerchant","floor":39,"turns":6},{"damage":16,"enemies":"3 Shapes","floor":40,"turns":5},{"damage":9,"enemies":"Giant Head","floor":42,"turns":6},{"damage":16,"enemies":"Spire Growth","floor":43,"turns":4},{"damage":16,"enemies":"downfall:FleeingMerchant","floor":46,"turns":4},{"damage":0,"enemies":"Sphere and 2 Shapes","floor":47,"turns":6},{"damage":14,"enemies":"Jaw Worm Horde","floor":48,"turns":3},{"damage":0,"enemies":"Transient","floor":49,"turns":6},{"damage":59,"enemies":"IC_BLOCK_ARCHETYPE","floor":50,"turns":11}],"seed_played":"-789521994121838785","potions_obtained":[],"is_trial":false,"path_per_floor":["R","M","?","$","M","R","T","R","M","?","M","E","R","?","M","B",null,"R","M","M","?","M","R","T","M","R","M","E","M","E","$","M","B",null,"R","M","?","$","?","M","T","E","M","R","T","$","M","M","M","B",null],"character_chosen":"THE_SNECKO","items_purchased":["Tiny Chest","expansioncontent:QuickStudy","sneckomod:UnendingSupply","expansioncontent:AwakenDeath","expansioncontent:StudyTheSpire","sneckomod:TrashToTreasure+1","sneckomod:UnknownUncommonAttack","War Paint"],"campfire_rested":1,"item_purchase_floors":[31,31,38,38,46,46,46,46],"current_hp_per_floor":[90,89,89,90,89,89,89,89,89,77,66,64,64,64,64,10,90,90,90,86,86,82,82,82,79,79,69,69,79,58,58,53,56,95,95,82,82,67,53,49,49,52,48,76,76,60,74,60,60,31],"gold":138,"neow_bonus":"BOSS_RELIC","is_daily":false,"chose_seed":false,"campfire_upgraded":8,"win_rate":0.0,"timestamp":1612244534,"path_taken":["R","M","?","$","?","R","T","R","M","?","M","E","R","?","M","BOSS","R","M","M","?","?","R","T","M","R","M","E","M","E","?","M","BOSS","R","M","?","?","?","M","T","E","M","R","?","$","M","?","M","BOSS"],"items_purchased_type":["Relic","Card","Card","Card","Card","Card","Card","Relic"],"build_version":"2020-12-22","purchased_purges":1,"victory":true,"max_hp_per_floor":[90,90,90,90,90,90,90,90,90,90,90,90,90,90,90,90,90,90,90,90,90,90,90,90,90,90,90,90,90,90,90,90,90,95,95,95,95,95,95,95,95,95,95,95,95,95,95,95,95,95],"card_choices":[{"not_picked":["sneckomod:WideSting","sneckomod:UnknownColorless"],"picked":"sneckomod:SoulCleanse","floor":2.0},{"not_picked":["sneckomod:QuickMove","sneckomod:IronFang","sneckomod:UnknownBlock"],"picked":"SKIP","floor":4.0},{"not_picked":["sneckomod:Unknown1Cost","sneckomod:IronFang"],"picked":"sneckomod:Unknown2Cost","floor":5.0},{"not_picked":["sneckomod:SoulRoll+1","sneckomod:SoulDraw+1"],"picked":"sneckomod:DiceBlock+1","floor":9.0},{"not_picked":["sneckomod:SoulDraw+1","sneckomod:UnknownCommonSkill+1"],"picked":"sneckomod:SerpentIdol+1","floor":10.0},{"not_picked":["sneckomod:WideSting","sneckomod:ImprovisedAttack"],"picked":"sneckomod:Nope+1","floor":11.0},{"not_picked":["sneckomod:IronFang","sneckomod:DiceCrush"],"picked":"sneckomod:Unknown1Cost+1","floor":11.0},{"not_picked":["sneckomod:Mudshield","sneckomod:UnknownUncommonAttack"],"picked":"sneckomod:SerpentIdol+1","floor":12},{"not_picked":["sneckomod:SnekBeam","sneckomod:Nope+1"],"picked":"sneckomod:UnknownClassHEXA_GHOST_PURPLE+1","floor":15},{"not_picked":["sneckomod:UnknownRareSkill+1","sneckomod:Cheat+1"],"picked":"sneckomod:UnknownRareAttack","floor":16},{"not_picked":["sneckomod:DiceBlock+1","sneckomod:Unknown1Cost+1"],"picked":"sneckomod:ImprovisedGuard+1","floor":19},{"not_picked":["sneckomod:SnekBeam","sneckomod:UnknownExhaust+1"],"picked":"sneckomod:CheapStock","floor":20},{"not_picked":["sneckomod:QuickMove+1","sneckomod:PureSnecko+1"],"picked":"sneckomod:UnknownDraw+1","floor":22},{"not_picked":["sneckomod:SoulRoll+1","sneckomod:QuickBite"],"picked":"sneckomod:PureSnecko+1","floor":25},{"not_picked":["sneckomod:RainOfDice","sneckomod:MasterEye"],"picked":"sneckomod:SnekBeam","floor":27},{"not_picked":["sneckomod:TrashToTreasure+1","sneckomod:DangerNoodle"],"picked":"sneckomod:UnknownClassTHE_BRONZE_AUTOMATON+1","floor":28},{"not_picked":["sneckomod:QuickBite","sneckomod:UnknownBlock+1"],"picked":"sneckomod:Unknown2Cost+1","floor":29},{"not_picked":["sneckomod:SoulDraw+1","sneckomod:MasterEye"],"picked":"sneckomod:UnknownClassPURPLE+1","floor":29},{"not_picked":["sneckomod:DangerNoodle","sneckomod:DiceBlock+1"],"picked":"sneckomod:Unknown2Cost+1","floor":30},{"not_picked":["sneckomod:Unknown1Cost+1","sneckomod:RainOfDice"],"picked":"sneckomod:Rotation+1","floor":31},{"not_picked":["sneckomod:UnknownClassHEXA_GHOST_PURPLE+1","sneckomod:Rotation+1"],"picked":"sneckomod:UnknownDraw+1","floor":32},{"not_picked":["sneckomod:SoulExchange+1","sneckomod:SerpentMind"],"picked":"sneckomod:UnknownBoss+1","floor":33},{"not_picked":["sneckomod:WideSting","sneckomod:DiceBlock+1"],"picked":"sneckomod:QuickMove+1","floor":34},{"not_picked":["sneckomod:RainOfDice+1","sneckomod:DiceCrush+1"],"picked":"sneckomod:DefensiveFlair+1","floor":36},{"not_picked":["sneckomod:IronFang","sneckomod:SlitherStrike","sneckomod:DiceCrush+1"],"picked":"SKIP","floor":38},{"not_picked":["sneckomod:DiceBlock+1","sneckomod:UnknownClassPURPLE+1"],"picked":"sneckomod:UnknownDexterity+1","floor":39},{"not_picked":["sneckomod:DangerNoodle","sneckomod:UnendingSupply"],"picked":"sneckomod:SoulRoll+1","floor":40},{"not_picked":["sneckomod:UnknownDraw+1","sneckomod:QuickMove+1"],"picked":"sneckomod:UnknownStrength+1","floor":42},{"not_picked":["sneckomod:WideSting","sneckomod:UnknownClassTHE_BRONZE_AUTOMATON+1"],"picked":"sneckomod:Unknown1Cost+1","floor":43},{"not_picked":["sneckomod:UnknownCommonAttack+1","sneckomod:SoulCleanse+1"],"picked":"sneckomod:SnakeSap+1","floor":46},{"not_picked":["sneckomod:UnknownCommonAttack","sneckomod:RainOfDice","sneckomod:QuickBite+1"],"picked":"SKIP","floor":47},{"not_picked":["sneckomod:SoulDraw+1","sneckomod:UnknownStrike","sneckomod:DiceBlock+1"],"picked":"SKIP","floor":48},{"not_picked":["sneckomod:UnknownCommonSkill+1","sneckomod:UnknownClassHEXA_GHOST_PURPLE+1"],"picked":"sneckomod:UnknownClassTHE_BRONZE_AUTOMATON+1","floor":49}],"player_experience":1143606,"relics_obtained":[{"floor":7.0,"key":"Toxic Egg 2"},{"floor":10.0,"key":"Odd Mushroom"},{"floor":12,"key":"Toy Ornithopter"},{"floor":24,"key":"Matryoshka"},{"floor":28,"key":"PreservedInsect"},{"floor":30,"key":"Meat on the Bone"},{"floor":39,"key":"Peace Pipe"},{"floor":41,"key":"Vajra"},{"floor":41,"key":"Lantern"},{"floor":42,"key":"Bronze Scales"},{"floor":45,"key":"Mummified Hand"},{"floor":45,"key":"Oddly Smooth Stone"}],"event_choices":[{"damage_healed":0.0,"max_hp_gain":0.0,"max_hp_loss":0.0,"gold_gain":0.0,"event_name":"Accursed Blacksmith","player_choice":"Rummage","floor":3.0,"gold_loss":0.0,"damage_taken":0.0,"relics_obtained":["WarpedTongs"],"cards_obtained":["Pain"]},{"damage_healed":0.0,"max_hp_gain":0.0,"max_hp_loss":0.0,"gold_gain":0.0,"event_name":"Mushrooms","player_choice":"Fought Mushrooms","floor":10.0,"gold_loss":0.0,"damage_taken":0.0},{"damage_healed":0,"gold_gain":0,"player_choice":"Ignored","damage_taken":0,"max_hp_gain":0,"max_hp_loss":0,"event_name":"NoteForYourself","floor":21,"gold_loss":0}],"is_beta":false,"boss_relics":[{"not_picked":["SlaversCollar","Coffee Dripper"],"picked":"Runic Pyramid"},{"not_picked":["SacredBark","sneckomod:SneckoBoss"],"picked":"Tiny House"}],"items_purged_floors":[4],"is_endless":false,"potions_floor_spawned":[9,10,15,25,27,29,32,39,42,47,48,49],"ascension_level":0}}