{"host":"u9h06qdlnp3wgzsw","time":1612288840,"event":{"mods":["Act Like it!","BaseMod","Conspire","Curses Come First","Downfall","Hallownest","Hermit","Hubris","Minty Spire (QoL Compilation)","Quick Restart","Rare Cards Sparkle","Replay The Spire","Shop Mod","StSLib","The Disciple","The Hierophant","The Servant 0.9.4"],"gold_per_floor":[110,123,35,48,68,82,82,98,98,98,117,117,117,168,168,168,168],"floor_reached":16,"language":"ENG","playtime":929,"items_purged":[],"score":118,"play_id":"90e6ca48-469c-4b85-987c-ce9e21040f71","local_time":"20210202130040","is_ascension_mode":true,"campfire_choices":[{"floor":7,"key":"REST"},{"floor":10,"key":"REST"},{"floor":12,"key":"REST"},{"data":"Searing Blow","floor":15,"key":"SMITH"}],"circlet_count":0,"master_deck":["Strike_R","Strike_R","Strike_R","Strike_R","Defend_R","Defend_R","Defend_R","Defend_R","Iron Wave","ReplayTheSpireMod:Corrosion Curse","Survey Options","Searing Blow+1"],"relics":["Burning Blood","Bag of Marbles","Golden Idol","Nunchaku"],"acts_visited":["Exordium"],"potions_floor_usage":[8,16],"damage_taken":[{"damage":10,"enemies":"Jaw Worm","floor":1,"turns":5},{"damage":0,"enemies":"2 Louse","floor":2,"turns":4},{"damage":0,"enemies":"conspire:RoseBush","floor":4,"turns":5},{"damage":39,"enemies":"Exordium Wildlife","floor":5,"turns":7},{"damage":14,"enemies":"conspire:2 RoseBushes","floor":6,"turns":10},{"damage":40,"enemies":"Gremlin Gang","floor":8,"turns":7},{"damage":10,"enemies":"Blue Slaver","floor":11,"turns":5},{"damage":66,"enemies":"Fading Forest","floor":16,"turns":6}],"seed_played":"-5485828192109848383","potions_obtained":[{"floor":2,"key":"LiquidMemories"},{"floor":6,"key":"Ancient Potion"}],"is_trial":false,"path_per_floor":["M","M","$","M","M","M","R","M","T","R","M","R","?","T","R","B"],"character_chosen":"IRONCLAD","items_purchased":["Survey Options"],"campfire_rested":3,"item_purchase_floors":[3],"current_hp_per_floor":[52,58,58,64,31,23,47,13,13,37,33,57,57,57,57,0,0],"gold":168,"neow_bonus":"REMOVE_TWO","is_daily":false,"chose_seed":false,"campfire_upgraded":1,"win_rate":0.0,"timestamp":1612288840,"path_taken":["M","M","$","M","M","M","R","M","T","R","M","R","?","?","R","BOSS"],"items_purchased_type":["Card"],"build_version":"2020-12-22","purchased_purges":0,"victory":false,"max_hp_per_floor":[80,80,80,80,80,80,80,80,80,80,80,80,74,74,74,74,74],"card_choices":[{"not_picked":["Havoc","Headbutt"],"picked":"Iron Wave","floor":1},{"not_picked":["Clothesline","Cleave"],"picked":"ReplayTheSpireMod:Corrosion Curse","floor":2},{"not_picked":["Clash","Metallicize"],"picked":"Searing Blow","floor":4},{"not_picked":["Sword Boomerang","Anger","Clothesline"],"picked":"SKIP","floor":5},{"not_picked":["Rage","Rupture","Havoc"],"picked":"SKIP","floor":6},{"not_picked":["Flame Barrier","ReplayTheSpireMod:Strike From Hell","Cleave"],"picked":"SKIP","floor":8},{"not_picked":["Armaments","Havoc","ReplayTheSpireMod:Strike From Hell"],"picked":"SKIP","floor":11}],"player_experience":997097,"relics_obtained":[{"floor":9,"key":"Bag of Marbles"},{"floor":14,"key":"Nunchaku"}],"event_choices":[{"damage_healed":0,"gold_gain":0,"player_choice":"Lose Max HP","damage_taken":0,"relics_obtained":["Golden Idol"],"max_hp_gain":0,"max_hp_loss":6,"event_name":"Golden Idol","floor":13,"gold_loss":0}],"is_beta":false,"boss_relics":[],"items_purged_floors":[],"is_endless":false,"potions_floor_spawned":[2,6],"killed_by":"Fading Forest","ascension_level":5}}