{"host":"yzy3lyltrgq1sam1","time":1612252571,"event":{"mods":["Act Like it!","BaseMod","CapriCore","Downfall","Gensokyo","Koishi","KomeijiMod","Marisa£®ÏF”Í°°ƒß¿Ì…≥£©","Minty Spire (QoL Compilation)","Quick Restart","Reimu£®≤©¿ˆ¡È√Œ£©","Reliquary","Remilia£®¿Ÿ√◊¿Ú—«£©","StSLib","The Administrix","The Alterego","The Immortal","WarShipGirlsR/’ΩΩ¢…Ÿ≈ÆR mod","Youmu£®ªÍ∆«—˝√Œ£©","°æ“≈ŒÔø®≈∆°øREMEMod"],"gold_per_floor":[99,99,99,99,199,224,224,250,267,277,303,314,327,353,367,367,367],"floor_reached":16,"language":"ZHS","playtime":1034,"items_purged":[],"score":203,"play_id":"1109bef2-ce40-457b-880e-721163fa9acb","local_time":"20210202155611","is_ascension_mode":true,"campfire_choices":[{"data":"alterego_mod:IdEs","floor":1.0,"key":"SMITH"}],"circlet_count":0,"master_deck":["Strike_MRS","Strike_MRS","Strike_MRS","Strike_MRS","Defend_MRS","Defend_MRS","Defend_MRS","Defend_MRS","MasterSpark","UpSweep","alterego_mod:IdEs+1","MeteoricShower","GalacticHalo","ShootingEcho+1","ChargingUp","DeepEcoloBomb+1","TreasureHunter+1","GasGiant","MysteriousBeam+1","WitchLeyline+1","JA+1"],"relics":["MiniHakkero","REME_ComplimentaryCards","downfall:HeartsMalice","reliquary:BoilingFlask","Smiling Mask","Molten Egg 2","CrazyTorch:ReiMu","Bottled Flame","Art of War","Blood Vial"],"acts_visited":["Exordium"],"potions_floor_usage":[],"damage_taken":[{"damage":0.0,"enemies":"Jaw Worm","floor":2.0,"turns":1.0},{"damage":0.0,"enemies":"Small Slimes","floor":4.0,"turns":1.0},{"damage":0.0,"enemies":"Lagavulin","floor":8.0,"turns":1.0},{"damage":4.0,"enemies":"2 Louse","floor":9.0,"turns":2.0},{"damage":4.0,"enemies":"2 Fungi Beasts","floor":10.0,"turns":3.0},{"damage":32.0,"enemies":"Gremlin Nob","floor":11.0,"turns":4.0},{"damage":13.0,"enemies":"Lots of Slimes","floor":12.0,"turns":4.0},{"damage":8.0,"enemies":"Exordium Thugs","floor":13.0,"turns":2.0},{"damage":2.0,"enemies":"Lagavulin","floor":14.0,"turns":5.0},{"damage":3.0,"enemies":"3 Louse","floor":15.0,"turns":3.0},{"damage":11,"enemies":"SI_SHIV_ARCHETYPE","floor":16,"turns":5}],"seed_played":"-5146124932455511551","potions_obtained":[{"floor":9.0,"key":"Slimebound:ThreeZeroPotion"},{"floor":11.0,"key":"BottledSpark"},{"floor":13.0,"key":"ZuzhouPotion:ReiMu"},{"floor":14.0,"key":"REME_GoldPotion"},{"floor":15.0,"key":"Fire Potion"}],"is_trial":false,"path_per_floor":["R","M","?","M","?","T","T","E","M","M","E","M","M","E","M","B"],"character_chosen":"MARISA","items_purchased":[],"campfire_rested":0,"item_purchase_floors":[],"current_hp_per_floor":[68,68,65,65,65,65,65,65,61,57,25,12,8,6,5,0,0],"gold":367,"neow_bonus":"THREE_ENEMY_KILL","is_daily":false,"chose_seed":false,"campfire_upgraded":1,"win_rate":0.0,"timestamp":1612252571,"path_taken":["R","M","?","M","?","?","T","E","M","M","E","M","M","E","M","BOSS"],"items_purchased_type":[],"build_version":"2020-12-22","purchased_purges":0,"victory":false,"max_hp_per_floor":[75,75,75,75,75,75,75,75,75,75,75,75,75,75,75,75,75],"card_choices":[{"not_picked":["IllusionStar","Occultation"],"picked":"MeteoricShower","floor":2.0},{"not_picked":["DC","NonDirectionalLaser"],"picked":"GalacticHalo","floor":4.0},{"not_picked":["UnstableBomb+1","6A+1"],"picked":"ShootingEcho+1","floor":8.0},{"not_picked":["StarBarrage+1","LuminesStrike+1"],"picked":"ChargingUp","floor":9.0},{"not_picked":["UnstableBomb+1","DC+1"],"picked":"DeepEcoloBomb+1","floor":10.0},{"not_picked":["DragonMeteor+1","GrandCross+1"],"picked":"TreasureHunter+1","floor":11.0},{"not_picked":["DarkMatter","PowerUp"],"picked":"GasGiant","floor":12.0},{"not_picked":["NonDirectionalLaser+1","PowerUp"],"picked":"MysteriousBeam+1","floor":13.0},{"not_picked":["NonDirectionalLaser+1","6A+1"],"picked":"WitchLeyline+1","floor":14.0},{"not_picked":["UnstableBomb+1","OpenUniverse"],"picked":"JA+1","floor":15.0}],"player_experience":914597,"relics_obtained":[{"floor":6.0,"key":"Smiling Mask"},{"floor":7.0,"key":"Molten Egg 2"},{"floor":8.0,"key":"CrazyTorch:ReiMu"},{"floor":11.0,"key":"Bottled Flame"},{"floor":14.0,"key":"Art of War"},{"floor":14.0,"key":"Blood Vial"}],"event_choices":[{"damage_healed":0.0,"max_hp_gain":0.0,"max_hp_loss":0.0,"gold_gain":0.0,"event_name":"Scrap Ooze","player_choice":"Success","floor":3.0,"gold_loss":0.0,"damage_taken":3.0,"relics_obtained":["reliquary:BoilingFlask"]}],"is_beta":false,"boss_relics":[],"items_purged_floors":[],"is_endless":false,"potions_floor_spawned":[9,11,13,14,15],"killed_by":"SI_SHIV_ARCHETYPE","ascension_level":8}}