{"host":"92wx9z21c4p52du4","time":1612286902,"event":{"mods":["BaseMod","Downfall","Hermit","Minty Spire (QoL Compilation)","Reliquary","StSLib","The Hierophant","Žc—¯”V•¨"],"gold_per_floor":[99,99,99,99,111,111,111,185,185,203,222,236,252,61,76,76,76,76],"floor_reached":16,"language":"ENG","playtime":997,"items_purged":[],"score":92,"play_id":"9178c56b-78c1-4ce4-bf1b-b6d19e9113cc","local_time":"20210202112822","is_ascension_mode":false,"campfire_choices":[{"data":"Guardian:CurlUp","floor":1,"key":"SMITH"}],"circlet_count":0,"master_deck":["Guardian:Strike_Guardian","Guardian:Strike_Guardian+1","Guardian:Strike_Guardian+1","Guardian:Defend_Guardian","Guardian:Defend_Guardian+1","Guardian:Defend_Guardian","Guardian:Defend_Guardian","Guardian:CurlUp+1","Guardian:TwinSlam","downfall:Malfunctioning","Guardian:Recover","Regret","Guardian:Gem_Crimson","Guardian:Gem_Blue","Guardian:Gem_Orange","Guardian:Gem_Lightblue","Guardian:Gem_Red","Guardian:DecasProtection","Guardian:ArmoredProtocol","Guardian:PiercingHide","Guardian:Emergency","Guardian:PrismaticBarrier","expansioncontent:StudyTheSpire","Guardian:Preprogram"],"relics":["Guardian:ModeShifter","downfall:ShatteredFragment","Guardian:SackOfGems","reliquary:PrincelyHelmet","StrikeDummy"],"acts_visited":["Exordium"],"potions_floor_usage":[12,14],"damage_taken":[{"damage":0,"enemies":"Cultist","floor":5,"turns":3},{"damage":2,"enemies":"2 Louse","floor":10,"turns":3},{"damage":1,"enemies":"Small Slimes","floor":11,"turns":4},{"damage":2,"enemies":"Exordium Wildlife","floor":12,"turns":4},{"damage":2,"enemies":"Blue Slaver","floor":13,"turns":4},{"damage":1,"enemies":"downfall:FleeingMerchant","floor":14,"turns":4},{"damage":17,"enemies":"Large Slime","floor":15,"turns":8},{"damage":36,"enemies":"SI_SHIV_ARCHETYPE","floor":16,"turns":7}],"seed_played":"-8589122127176107849","potions_obtained":[{"floor":5,"key":"PlaceholderMod:PlaceholderPotion"},{"floor":11,"key":"EntropicBrew"},{"floor":13,"key":"PlaceholderMod:PlaceholderPotion"}],"is_trial":false,"path_per_floor":["R","?","?","?","M","?","T","T","?","M","M","M","M","$","M","B"],"character_chosen":"GUARDIAN","items_purchased":["expansioncontent:StudyTheSpire"],"campfire_rested":0,"item_purchase_floors":[14],"current_hp_per_floor":[88,88,64,64,64,64,64,64,57,55,54,52,50,49,32,0,0,0],"gold":76,"neow_bonus":"TEN_PERCENT_HP_BONUS","is_daily":false,"chose_seed":false,"campfire_upgraded":1,"win_rate":0.0,"timestamp":1612286902,"path_taken":["R","?","?","?","?","?","T","?","?","M","M","M","M","$","M","BOSS"],"items_purchased_type":["Card"],"build_version":"2020-12-22","purchased_purges":0,"victory":false,"max_hp_per_floor":[88,88,88,88,88,88,88,88,88,88,88,88,88,88,88,88,88,88],"card_choices":[{"not_picked":["Guardian:ShieldCharger","Guardian:Suspension"],"picked":"Guardian:Recover","floor":5},{"not_picked":["Guardian:Gem_Lightblue","Guardian:BronzeArmor"],"picked":"Guardian:DecasProtection","floor":10},{"not_picked":["Guardian:Gem_Green","Guardian:TemporalShield"],"picked":"Guardian:ArmoredProtocol","floor":11},{"not_picked":["Guardian:BronzeArmor","Guardian:TimeBomb"],"picked":"Guardian:PiercingHide","floor":12},{"not_picked":["Guardian:DecasProtection","Guardian:TemporalShield"],"picked":"Guardian:Emergency","floor":13},{"not_picked":["Guardian:RefractedBeam","Guardian:Repulse"],"picked":"Guardian:PrismaticBarrier","floor":14},{"not_picked":["Guardian:Gem_Red","Guardian:PrimingBeam"],"picked":"Guardian:Preprogram","floor":15}],"player_experience":201502,"relics_obtained":[{"floor":8,"key":"reliquary:PrincelyHelmet"}],"event_choices":[{"damage_healed":0,"gold_gain":0,"player_choice":"Box","damage_taken":0,"relics_obtained":["Guardian:SackOfGems"],"max_hp_gain":0,"max_hp_loss":0,"event_name":"Big Fish","floor":6,"gold_loss":0,"cards_obtained":["Regret"]},{"damage_healed":0,"gold_gain":0,"player_choice":"Success","damage_taken":7,"relics_obtained":["StrikeDummy"],"max_hp_gain":0,"max_hp_loss":0,"event_name":"Scrap Ooze","floor":9,"gold_loss":0}],"is_beta":false,"boss_relics":[],"items_purged_floors":[],"is_endless":false,"potions_floor_spawned":[5,11,13],"killed_by":"SI_SHIV_ARCHETYPE","ascension_level":0}}