{"host":"l8j2eaviddq1qvzn","time":1612273757,"event":{"mods":["BaseMod","Infinite Spire","Minty Spire (QoL Compilation)","Practice Mode","Replay The Spire","StSLib"],"gold_per_floor":[112,112,112,135,149,149,149,162,162,175,236,236,24,44,44,141,141,152,152,165,179,192,192,205,230,230,246,246,296,306,17,17,116,116,127,197,208,228,278,278,292,292,371,371,421,434,143,193,193,193],"floor_reached":51,"language":"ENG","playtime":8844,"items_purged":[],"score":563,"play_id":"8a83780c-c14a-4308-b0c9-95ed4c5babb6","local_time":"20210202144917","is_ascension_mode":false,"campfire_choices":[{"data":"Leap","floor":6,"key":"SMITH"},{"floor":12,"key":"REST"},{"floor":15,"key":"REST"},{"floor":23,"key":"REST"},{"floor":28,"key":"REST"},{"floor":32,"key":"REST"},{"floor":40,"key":"REST"},{"floor":42,"key":"REST"},{"floor":44,"key":"REST"},{"data":"Rainbow","floor":49,"key":"SMITH"}],"circlet_count":0,"master_deck":["Strike_B","Strike_B","Strike_B+1","Strike_B+1","Defend_B+1","Defend_B","Defend_B","Defend_B","Zap","Dualcast","Go for the Eyes","Leap+1","Fusion","ReplayTheSpireMod:Omega Cannon","Hello World","ReplaySort+1","Go for the Eyes+1","Cold Snap","Capacitor+1","Hologram","Genetic Algorithm","Machine Learning","Skim","Beam Cell+1","Defragment","Rainbow+1","Injury","Seek","Jack Of All Trades","Time Bomb+1","Hologram+1","BasicCrystalCard+1","ReplayTheSpireMod:Calculation Training+1","Discovery","Chrysalis","Panacea","Self Repair","Redo"],"relics":["Cracked Core","Orichalcum","SsserpentHead","infinitespire:Eraser","infinitespire:SolderingIron","Philosopher\u0027s Stone","SacredBark","Lee\u0027s Waffle","infinitespire:Joker Card","Snack Pack","Gremlin Food","ReplayTheSpireMod:SealedPack","Mirror","HornCleat"],"acts_visited":["Exordium","TheCity","TheBeyond"],"potions_floor_usage":[16,16,24,25,27,27,33,33],"damage_taken":[{"damage":2,"enemies":"Small Slimes","floor":1,"turns":3},{"damage":0,"enemies":"2 Louse","floor":5,"turns":2},{"damage":3,"enemies":"Jaw Worm","floor":8,"turns":4},{"damage":32,"enemies":"Exordium Thugs","floor":10,"turns":6},{"damage":5,"enemies":"Looter","floor":11,"turns":3},{"damage":3,"enemies":"Red Slaver","floor":14,"turns":4},{"damage":65,"enemies":"Hexaghost","floor":16,"turns":12},{"damage":23,"enemies":"Spheric Guardian","floor":18,"turns":6},{"damage":19,"enemies":"Shell Parasite","floor":20,"turns":7},{"damage":24,"enemies":"Sentry and Sphere","floor":21,"turns":6},{"damage":20,"enemies":"Centurion and Healer","floor":22,"turns":6},{"damage":25,"enemies":"Snake Plant","floor":24,"turns":4},{"damage":28,"enemies":"Gremlin Leader","floor":25,"turns":8},{"damage":8,"enemies":"Chosen and Byrds","floor":27,"turns":7},{"damage":15,"enemies":"Snecko","floor":30,"turns":8},{"damage":8,"enemies":"Collector","floor":33,"turns":10},{"damage":7,"enemies":"3 Shapes","floor":35,"turns":4},{"damage":9,"enemies":"Orb Walker","floor":36,"turns":5},{"damage":51,"enemies":"Spire Growth","floor":37,"turns":6},{"damage":47,"enemies":"Sphere and 2 Shapes","floor":38,"turns":11},{"damage":36,"enemies":"Transient","floor":41,"turns":5},{"damage":53,"enemies":"4 Shapes","floor":46,"turns":6},{"damage":0,"enemies":"infinitespire:MassOfShapes","floor":50,"turns":1}],"seed_played":"5054664390205743106","potions_obtained":[{"floor":5,"key":"PowerPotion"},{"floor":8,"key":"Doom Potion"},{"floor":16,"key":"LiquidBronze"},{"floor":20,"key":"FocusPotion"},{"floor":22,"key":"BlessingOfTheForge"},{"floor":27,"key":"Fruit Juice"},{"floor":33,"key":"Weak Potion"},{"floor":36,"key":"SteroidPotion"},{"floor":46,"key":"SteroidPotion"}],"is_trial":false,"path_per_floor":["M","?","?","T","M","R","?","M","T","M","M","R","$","M","R","B",null,"M","AVR","M","M","M","R","M","E","T","M","R","?","M","$","R","B",null,"M","M","M","M","?","R","M","R","T","R","?","M","$","?","R","B",null],"character_chosen":"DEFECT","items_purchased":["infinitespire:SolderingIron","Defragment","Gremlin Food","EssenceOfSteel","Block Potion","HornCleat","Redo"],"campfire_rested":8,"item_purchase_floors":[13,31,31,31,31,47,47],"current_hp_per_floor":[80,80,85,85,85,85,85,82,82,50,45,71,71,68,87,22,87,64,94,75,51,31,59,34,6,6,12,43,43,30,30,61,61,104,99,90,41,86,86,104,70,101,101,104,94,43,43,43,43,43],"gold":193,"neow_bonus":"TEN_PERCENT_HP_BONUS","is_daily":false,"chose_seed":false,"campfire_upgraded":2,"win_rate":0.0,"timestamp":1612273757,"path_taken":["M","?","?","?","?","R","?","M","T","M","?","R","?","M","R","BOSS","M","AVR","M","M","M","R","M","E","T","M","R","?","M","?","R","BOSS","M","?","M","M","?","R","M","R","T","R","?","M","$","?","R","BOSS"],"items_purchased_type":["Relic","Card","Relic","Potion","Potion","Relic","Card"],"build_version":"2020-12-22","purchased_purges":0,"victory":true,"max_hp_per_floor":[82,82,87,87,87,87,87,87,87,87,87,87,87,87,87,87,87,87,94,94,94,94,94,94,94,94,104,104,104,104,104,104,104,104,104,104,104,104,104,104,104,104,104,104,104,104,104,104,104,104],"card_choices":[{"not_picked":["Compile Driver","Barrage"],"picked":"Go for the Eyes","floor":1},{"not_picked":["Compile Driver","Barrage"],"picked":"Leap","floor":5},{"not_picked":["Hologram","Stack"],"picked":"Fusion","floor":8},{"not_picked":["Lockon","Gash"],"picked":"ReplayTheSpireMod:Omega Cannon","floor":10},{"not_picked":["Auto Shields","Leap"],"picked":"Hello World","floor":11},{"not_picked":["White Noise","Conserve Battery"],"picked":"ReplaySort","floor":14},{"not_picked":["Buffer","Reboot"],"picked":"Creative AI","floor":16},{"not_picked":["Ball Lightning+1","Darkness"],"picked":"Go for the Eyes+1","floor":18},{"not_picked":["Conserve Battery+1","Redo"],"picked":"Cold Snap","floor":20},{"not_picked":["BasicCrystalCard","Ball Lightning"],"picked":"Capacitor","floor":21},{"not_picked":["Redo+1","Go for the Eyes"],"picked":"Hologram","floor":22},{"not_picked":["ReplayTheSpireMod:System Scan+1","Redo"],"picked":"Genetic Algorithm","floor":24},{"not_picked":["Redo","Panic Button"],"picked":"Machine Learning","floor":25},{"not_picked":["Heatsinks+1","Streamline"],"picked":"Skim","floor":27},{"not_picked":["Scrape+1","Fusion"],"picked":"Beam Cell+1","floor":30},{"not_picked":["Seek","Machine Learning"],"picked":"Rainbow","floor":33},{"not_picked":["Reboot","Fission"],"picked":"Seek","floor":34},{"not_picked":["PanicButton","ReplayTheSpireMod:Uncanny Aura"],"picked":"Jack Of All Trades","floor":34},{"not_picked":["Replay:Fractal Strike","ReplayTheSpireMod:Haul"],"picked":"infinitespire:SealOfDarkness+","floor":34},{"not_picked":["Streamline","ReplayGash+1"],"picked":"Time Bomb+1","floor":35},{"not_picked":["Steam+1","Go for the Eyes"],"picked":"Hologram+1","floor":36},{"not_picked":["Hologram+1","Go for the Eyes+1","Cold Snap"],"picked":"SKIP","floor":37},{"not_picked":["Barrage","Coolheaded"],"picked":"BasicCrystalCard+1","floor":38},{"not_picked":["Crystallizer","All For One"],"picked":"ReplayTheSpireMod:Calculation Training+1","floor":41},{"not_picked":["ReplayTheSpireMod:Private Reserves","Mind Blast"],"picked":"Discovery","floor":45},{"not_picked":["Midas Touch","Secret Technique"],"picked":"Chrysalis","floor":45},{"not_picked":["Replay:Sssssssssshield","HandOfGreed"],"picked":"Panacea","floor":45},{"not_picked":["Streamline","Stack+1"],"picked":"Self Repair","floor":46}],"player_experience":39245,"relics_obtained":[{"floor":4,"key":"Orichalcum"},{"floor":9,"key":"infinitespire:Eraser"},{"floor":25,"key":"infinitespire:Joker Card"},{"floor":26,"key":"Snack Pack"},{"floor":43,"key":"Mirror"}],"event_choices":[{"damage_healed":0,"gold_gain":0,"player_choice":"Ignored","damage_taken":0,"max_hp_gain":0,"max_hp_loss":0,"event_name":"Liars Game","floor":2,"gold_loss":0},{"damage_healed":0,"gold_gain":0,"player_choice":"Donut","damage_taken":0,"max_hp_gain":5,"max_hp_loss":0,"event_name":"Big Fish","floor":3,"gold_loss":0},{"damage_healed":0,"gold_gain":0,"player_choice":"Trade","damage_taken":0,"relics_obtained":["SsserpentHead"],"max_hp_gain":0,"max_hp_loss":0,"event_name":"FaceTrader","floor":7,"gold_loss":0},{"damage_healed":0,"gold_gain":0,"player_choice":"Upgraded","damage_taken":0,"max_hp_gain":0,"max_hp_loss":0,"event_name":"Upgrade Shrine","floor":29,"gold_loss":0,"cards_upgraded":["Capacitor"]},{"damage_healed":0,"gold_gain":0,"player_choice":"Memory 3","damage_taken":10,"max_hp_gain":0,"max_hp_loss":0,"event_name":"SensoryStone","floor":45,"gold_loss":0},{"cards_removed":["Creative AI"],"damage_healed":0,"gold_gain":0,"player_choice":"Purged","damage_taken":0,"max_hp_gain":0,"max_hp_loss":0,"event_name":"Purifier","floor":48,"gold_loss":0}],"is_beta":false,"boss_relics":[{"not_picked":["Painkiller Herb","Runic Dome"],"picked":"Philosopher\u0027s Stone"},{"not_picked":["Coffee Dripper","Replay:Ancient Bell"],"picked":"ReplayTheSpireMod:SealedPack"}],"items_purged_floors":[],"is_endless":false,"potions_floor_spawned":[5,8,16,20,22,27,33,36,46],"ascension_level":0}}