{"host":"dvpvhz1t6etneyb3","time":1612309331,"event":{"mods":["AchievementEnabler","BaseMod","Colored Map","Highlight Path","Minty Spire (QoL Compilation)","Permanent Neow","Quick Restart"],"gold_per_floor":[114,114,129,142,67,93,38,68,68,68,83,108,108,122,122,199,199,211,211,226,226,243,243,269,269,269,31,31,31,31,43,43,43,43],"floor_reached":33,"language":"ENG","playtime":1181,"items_purged":["Strike_R"],"score":566,"play_id":"55f835f3-2e8c-4076-8c04-62ed6ccfdec9","local_time":"20210202184211","is_ascension_mode":true,"campfire_choices":[{"data":"Bash","floor":10.0,"key":"SMITH"},{"floor":13.0,"key":"REST"},{"data":"Immolate","floor":15.0,"key":"SMITH"},{"data":"Fiend Fire","floor":23,"key":"SMITH"},{"data":"Fire Breathing","floor":25,"key":"SMITH"},{"data":"Shockwave","floor":29,"key":"SMITH"},{"data":"Rage","floor":32,"key":"SMITH"}],"circlet_count":0,"master_deck":["AscendersBane","Strike_R+1","Strike_R","Strike_R","Defend_R","Defend_R","Defend_R","Defend_R","Bash+1","Twin Strike","Perfected Strike","Wild Strike","Pommel Strike+1","Rage+1","Immolate+1","Fiend Fire+1","Fire Breathing+1","Shockwave+1"],"relics":["Burning Blood","Lantern","Potion Belt","Gremlin Horn","Pen Nib","Toy Ornithopter","Coffee Dripper","Whetstone","Kunai","Blood Vial","Ornamental Fan"],"acts_visited":["Exordium","TheCity"],"potions_floor_usage":[18,24,33,33],"damage_taken":[{"damage":4.0,"enemies":"Small Slimes","floor":1.0,"turns":4.0},{"damage":11.0,"enemies":"2 Louse","floor":3.0,"turns":3.0},{"damage":1.0,"enemies":"Cultist","floor":4.0,"turns":3.0},{"damage":30.0,"enemies":"3 Sentries","floor":6.0,"turns":9.0},{"damage":8.0,"enemies":"Gremlin Nob","floor":8.0,"turns":3.0},{"damage":7.0,"enemies":"3 Louse","floor":11.0,"turns":2.0},{"damage":35.0,"enemies":"3 Sentries","floor":12.0,"turns":8.0},{"damage":3.0,"enemies":"Blue Slaver","floor":14.0,"turns":2.0},{"damage":44.0,"enemies":"Hexaghost","floor":16.0,"turns":8.0},{"damage":1,"enemies":"Spheric Guardian","floor":18,"turns":3},{"damage":3,"enemies":"3 Byrds","floor":20,"turns":3},{"damage":11,"enemies":"Centurion and Healer","floor":22,"turns":4},{"damage":11,"enemies":"Slavers","floor":24,"turns":5},{"damage":9,"enemies":"Chosen and Byrds","floor":31,"turns":4},{"damage":73,"enemies":"Automaton","floor":33,"turns":8}],"seed_played":"-4014876391415647432","potions_obtained":[{"floor":4.0,"key":"Energy Potion"},{"floor":6.0,"key":"ElixirPotion"},{"floor":12.0,"key":"Fire Potion"},{"floor":14.0,"key":"Dexterity Potion"},{"floor":16.0,"key":"SkillPotion"},{"floor":22,"key":"Block Potion"},{"floor":24,"key":"FearPotion"},{"floor":31,"key":"BloodPotion"}],"is_trial":false,"path_per_floor":["M","?","M","M","?","E","$","E","T","R","M","E","R","M","R","B",null,"M","?","M","?","M","R","E","R","T","$","?","R","T","M","R","B"],"character_chosen":"IRONCLAD","items_purchased":["AttackPotion","Blood Vial"],"campfire_rested":1,"item_purchase_floors":[7,27],"current_hp_per_floor":[70,70,65,70,70,46,46,44,44,44,43,14,36,39,39,11,59,69,69,72,51,46,46,46,46,46,46,46,46,46,45,45,0,0],"gold":43,"neow_bonus":"RANDOM_COMMON_RELIC","is_daily":false,"chose_seed":false,"campfire_upgraded":6,"win_rate":0.0,"timestamp":1612309331,"path_taken":["M","?","M","M","?","E","$","E","T","R","M","E","R","M","R","BOSS","M","?","M","?","M","R","E","R","T","$","?","R","?","M","R","BOSS"],"items_purchased_type":["Potion","Relic"],"build_version":"2020-12-22","purchased_purges":1,"victory":false,"max_hp_per_floor":[75,75,75,75,75,75,75,75,75,75,75,75,75,75,75,75,75,75,75,75,80,80,80,80,80,80,80,80,80,80,80,80,80,80],"card_choices":[{"not_picked":["Body Slam","Sentinel"],"picked":"Twin Strike","floor":1.0},{"not_picked":["Warcry","Clash","Barricade"],"picked":"SKIP","floor":3.0},{"not_picked":["Heavy Blade","Armaments"],"picked":"Perfected Strike","floor":4.0},{"not_picked":["Dual Wield","Exhume"],"picked":"Wild Strike","floor":6.0},{"not_picked":["Intimidate","Wild Strike"],"picked":"Pommel Strike","floor":8.0},{"not_picked":["Ghostly Armor","Headbutt"],"picked":"Rage","floor":11.0},{"not_picked":["Shrug It Off","Anger"],"picked":"Immolate","floor":12.0},{"not_picked":["Body Slam","Clash","Iron Wave"],"picked":"SKIP","floor":14.0},{"not_picked":["Body Slam","Clash","Iron Wave"],"picked":"SKIP","floor":14.0},{"not_picked":["Bludgeon","Brutality"],"picked":"Fiend Fire","floor":16.0},{"not_picked":["Perfected Strike","Cleave","Rampage"],"picked":"SKIP","floor":18},{"not_picked":["Intimidate","Cleave","Searing Blow"],"picked":"SKIP","floor":20},{"not_picked":["Cleave","Flex","Pommel Strike"],"picked":"SKIP","floor":22},{"not_picked":["Feel No Pain","Shrug It Off"],"picked":"Fire Breathing","floor":24},{"not_picked":["Pommel Strike","Fire Breathing","Anger"],"picked":"SKIP","floor":31}],"player_experience":2124904,"relics_obtained":[{"floor":6.0,"key":"Potion Belt"},{"floor":8.0,"key":"Gremlin Horn"},{"floor":9.0,"key":"Pen Nib"},{"floor":12.0,"key":"Toy Ornithopter"},{"floor":24,"key":"Whetstone"},{"floor":26,"key":"Kunai"},{"floor":30,"key":"Ornamental Fan"}],"event_choices":[{"damage_healed":0.0,"max_hp_gain":0.0,"max_hp_loss":0.0,"gold_gain":0.0,"event_name":"Liars Game","player_choice":"Ignored","floor":2.0,"gold_loss":0.0,"damage_taken":0.0},{"cards_removed":["Strike_R"],"damage_healed":0.0,"max_hp_gain":0.0,"max_hp_loss":0.0,"gold_gain":0.0,"event_name":"The Cleric","player_choice":"Card Removal","floor":5.0,"gold_loss":75.0,"damage_taken":0.0},{"damage_healed":0,"gold_gain":0,"player_choice":"Ignored","damage_taken":0,"max_hp_gain":0,"max_hp_loss":0,"event_name":"Ghosts","floor":19,"gold_loss":0},{"damage_healed":0,"gold_gain":0,"player_choice":"Shed Blood","damage_taken":26,"max_hp_gain":5,"max_hp_loss":0,"event_name":"Forgotten Altar","floor":21,"gold_loss":0},{"damage_healed":0,"gold_gain":0,"player_choice":"Read","damage_taken":0,"max_hp_gain":0,"max_hp_loss":0,"event_name":"The Library","floor":28,"gold_loss":0,"cards_obtained":["Shockwave"]}],"is_beta":false,"boss_relics":[{"not_picked":["Runic Cube","Sozu"],"picked":"Coffee Dripper"}],"items_purged_floors":[27],"is_endless":false,"potions_floor_spawned":[4,6,12,14,16,22,24,31],"killed_by":"Automaton","ascension_level":20}}