{"host":"27wa8ufp4ryspt1p","time":1612236419,"event":{"mods":["2.2 Compatiblity","A Penny For Your Troubles","Abigail Mod","Act Like it!","Aspiration","BaseMod","Better Altar","Better Match","Better Note","Better Skull","Better Third Choice","Colored Map","Conspire","Curses Come First","Dota2Spire","Downfall-Rebalance","Elementarium","Energized Spire","Fox Events","Friendly Minions","Gensokyo","GifTheSpireLib","Gold Saver","Halation","Hallownest","HololiveMod","Hubris","Humility","Infinite Spire","Keyboard Shortcuts","Menagerie","Mimic Mod","Minty Spire (QoL Compilation)","Pale of the Ancients","Poor People Problems","Quarter Circle Forward PUNCH!","Reimu??????","Relic Filter Mod","Relic Sorter","Relic Stats","Reliquary","Replay The Spire","Reworked Bosses","Shop Mod","Spicy Shops","Spikes Relics","Spire Arcade","StSLib","Stuff the Spire","SuperFastMode","The Cursed","The Exalted","The Judge","The Necromancer","Trackpad","Waifu the Spire","Wandering Minibosses","[IsaacMod]????","??????REMEMod","????"],"gold_per_floor":[3351,3366,3366,3366,3366,3366,3410,2228,2264,1698,1538,1554,1554,1584,1584,1589,1589],"floor_reached":16,"language":"SPA","playtime":783,"items_purged":[],"score":192,"play_id":"03fe7a62-26ed-485c-ac82-559d571aade1","local_time":"20210201212659","daily_mods":["SealedDeck","Colorless Cards","Heirloom","Elite Swarm","Lethality"],"is_ascension_mode":true,"campfire_choices":[{"floor":6,"key":"RECALL"},{"data":"ReplayTheSpireMod:Calculation Training","floor":15,"key":"SMITH"}],"circlet_count":0,"master_deck":["AscendersBane","BasicCrystalCard","Panic Button","Barrage","Conserve Battery","Replay:Bootleg Shield Generator","StuffTheSpire:Plugnplay","Bandage Up","Sharp Hide","StuffTheSpire:FreeRealEstate","Ragnarok","Steam Power+1","Doubt","ReplayTheSpireMod:Omega Cannon","Crystallizer","StuffTheSpire:Synthwave","ReplayTheSpireMod:Calculation Training+1","Poisoned Strike"],"relics":["Cracked Core","HushsDoor","REME_ComplimentaryCards","StuffTheSpire:Wildfire","Void","hubris:Icosahedron","halation:WeightlessCrab","halation:LettersToHer","TentaclePot:ReiMu","MerchantsRug","Dota2Spire:CrimsonGuard","reliquary:RoseTintedGlasses","reliquary:OuijaBoard","qcfpunch:Not_Strongest_Fighting_Style_Guidebook","StuffTheSpire:Experiment12","reliquary:Aerogel","hubris:BallOfYels","Hallownest:DreamNailRelic","Dota2Spire:MaskOfMadness"],"acts_visited":["Hallownest:Greenpath"],"potions_floor_usage":[7],"damage_taken":[{"damage":14,"enemies":"Hallownest:2_MossCreeps","floor":1,"turns":4},{"damage":0,"enemies":"Hallownest:2_Tiktiks_and_1_Crawlid","floor":2,"turns":3},{"damage":37,"enemies":"Hallownest:eliteCrystalGuardian","floor":7,"turns":4},{"damage":6,"enemies":"2_ Uuma","floor":9,"turns":3},{"damage":0,"enemies":"2_ Uuma","floor":12,"turns":1},{"damage":8,"enemies":"Hallownest:eliteMossKnight","floor":14,"turns":4},{"damage":100,"enemies":"Hallownest:BossHornet","floor":16,"turns":3}],"seed_played":"6327581756452042206","potions_obtained":[{"floor":2,"key":"Explosive Potion"},{"floor":12,"key":"Energy Potion"}],"is_trial":true,"path_per_floor":["M","M","?","?","?","R","E","R","MIM","R","$","M","?","E","R","B"],"character_chosen":"DEFECT","items_purchased":["Crystallizer","halation:LettersToHer","TentaclePot:ReiMu","MerchantsRug","Dota2Spire:CrimsonGuard","reliquary:RoseTintedGlasses","reliquary:OuijaBoard","StuffTheSpire:Synthwave","qcfpunch:Not_Strongest_Fighting_Style_Guidebook","StuffTheSpire:Experiment12","ReplayTheSpireMod:Calculation Training","reliquary:Aerogel","hubris:BallOfYels"],"campfire_rested":0,"item_purchase_floors":[8,8,8,8,8,8,8,10,10,10,10,10,11],"current_hp_per_floor":[54,58,58,58,58,58,34,34,32,32,32,32,32,28,28,0,0],"gold":1589,"neow_bonus":"","is_daily":false,"chose_seed":false,"campfire_upgraded":1,"win_rate":0.0,"timestamp":1612236419,"path_taken":["?","M","?","?","?","R","E","R","MIM","R","$","?","?","E","R","BOSS"],"items_purchased_type":["Card","Relic","Relic","Relic","Relic","Relic","Relic","Card","Relic","Relic","Card","Relic","Relic"],"build_version":"2020-12-22","purchased_purges":0,"victory":false,"max_hp_per_floor":[71,71,71,71,71,71,71,71,71,71,71,71,71,71,71,71,71],"relic_stats":{"counters":[7,21],"obtain_stats":[{"KeepersGift":0,"reliquary:OuijaBoard":8,"MerchantsRug":8,"hubris:BallOfYels":11,"Dota2Spire:MaskOfMadness":14,"reliquary:Aerogel":10,"TentaclePot:ReiMu":8,"qcfpunch:Not_Strongest_Fighting_Style_Guidebook":10,"StuffTheSpire:Wildfire":0,"halation:WeightlessCrab":7,"Hallownest:DreamNailRelic":13,"StuffTheSpire:Experiment12":10,"hubris:Icosahedron":4,"Dota2Spire:CrimsonGuard":8,"reliquary:RoseTintedGlasses":8,"Void":1,"Cracked Core":0,"HushsDoor":0,"halation:LettersToHer":8,"REME_ComplimentaryCards":0},{"KeepersGift":0,"reliquary:OuijaBoard":3,"MerchantsRug":3,"hubris:BallOfYels":4,"Dota2Spire:MaskOfMadness":6,"reliquary:Aerogel":4,"TentaclePot:ReiMu":3,"qcfpunch:Not_Strongest_Fighting_Style_Guidebook":4,"StuffTheSpire:Wildfire":0,"halation:WeightlessCrab":3,"Hallownest:DreamNailRelic":5,"StuffTheSpire:Experiment12":4,"hubris:Icosahedron":2,"Dota2Spire:CrimsonGuard":3,"reliquary:RoseTintedGlasses":3,"Void":1,"Cracked Core":0,"HushsDoor":0,"halation:LettersToHer":3,"REME_ComplimentaryCards":0},{"KeepersGift":0,"reliquary:OuijaBoard":10,"MerchantsRug":10,"hubris:BallOfYels":13,"Dota2Spire:MaskOfMadness":18,"reliquary:Aerogel":13,"TentaclePot:ReiMu":10,"qcfpunch:Not_Strongest_Fighting_Style_Guidebook":13,"StuffTheSpire:Wildfire":0,"halation:WeightlessCrab":10,"Hallownest:DreamNailRelic":14,"StuffTheSpire:Experiment12":13,"hubris:Icosahedron":6,"Dota2Spire:CrimsonGuard":10,"reliquary:RoseTintedGlasses":10,"Void":1,"Cracked Core":0,"HushsDoor":0,"halation:LettersToHer":10,"REME_ComplimentaryCards":0}]},"card_choices":[{"not_picked":["Compile Driver","Auto Shields","BasicCrystalCard"],"picked":"SKIP","floor":1},{"not_picked":["Fan","Forethought","Steam"],"picked":"SKIP","floor":2},{"not_picked":["All For One","Seek"],"picked":"ReplayTheSpireMod:Omega Cannon","floor":7},{"not_picked":["expansioncontent:FaceSlap","Degenerate","Steam Power"],"picked":"SKIP","floor":12},{"not_picked":["Core Surge","Meteor Strike"],"picked":"Poisoned Strike","floor":14}],"player_experience":3987425,"relics_obtained":[{"floor":7,"key":"halation:WeightlessCrab"},{"floor":9,"key":"halation:LettersToHer"},{"floor":14,"key":"Dota2Spire:MaskOfMadness"}],"event_choices":[],"is_beta":false,"boss_relics":[],"items_purged_floors":[],"is_endless":false,"potions_floor_spawned":[2,12],"killed_by":"Hallownest:BossHornet","ascension_level":20,"is_humility":true}}