{"host":"p18kkmcwkg7r0lq8","time":1612258695,"event":{"mods":["BaseMod","Custom Start","Minty Spire (QoL Compilation)"],"gold_per_floor":[118,129,148,223,103,103,129,139,164,192,203,203,222,237,237,340,340,352,371,20,20,39,86,36,61,61,98,129,25,25,64,64,64,64],"floor_reached":33,"language":"ENG","playtime":2108,"items_purged":["Strike_P","Strike_P"],"score":387,"play_id":"42e14423-fa2e-4957-ab75-a0ec9d17d2cf","local_time":"20210202033815","is_ascension_mode":true,"campfire_choices":[{"data":"Eruption","floor":6,"key":"SMITH"},{"floor":12,"key":"REST"},{"data":"Vault","floor":15,"key":"SMITH"},{"floor":30,"key":"REST"},{"floor":32,"key":"REST"}],"circlet_count":0,"master_deck":["Strike_P","Strike_P","Defend_P","Defend_P","Defend_P","Defend_P","Eruption+1","Vigilance","JustLucky","FlyingSleeves","FlurryOfBlows","FollowUp","FlurryOfBlows","Vault+1","Consecrate","ConjureBlade","CrushJoints","Devotion","SashWhip","CrushJoints+1","HandOfGreed","Establishment","ThirdEye","Prostrate","Prostrate","CutThroughFate"],"relics":["PureWater","NeowsBlessing","Nunchaku","Bag of Preparation","Smiling Mask","VioletLotus","Bag of Marbles","Enchiridion","Toy Ornithopter","Ginger","Ancient Tea Set","Centennial Puzzle"],"acts_visited":["Exordium","TheCity"],"potions_floor_usage":[7,16,25,28,33,33],"damage_taken":[{"damage":0,"enemies":"Cultist","floor":1,"turns":1},{"damage":0,"enemies":"Small Slimes","floor":2,"turns":1},{"damage":0,"enemies":"2 Louse","floor":3,"turns":1},{"damage":20,"enemies":"3 Sentries","floor":7,"turns":8},{"damage":0,"enemies":"Large Slime","floor":8,"turns":3},{"damage":26,"enemies":"Gremlin Nob","floor":10,"turns":4},{"damage":7,"enemies":"Exordium Thugs","floor":11,"turns":4},{"damage":0,"enemies":"Lots of Slimes","floor":13,"turns":2},{"damage":0,"enemies":"Blue Slaver","floor":14,"turns":2},{"damage":0,"enemies":"Slime Boss","floor":16,"turns":4},{"damage":10,"enemies":"Chosen","floor":18,"turns":4},{"damage":7,"enemies":"2 Thieves","floor":19,"turns":3},{"damage":0,"enemies":"Centurion and Healer","floor":22,"turns":1},{"damage":17,"enemies":"Slavers","floor":23,"turns":4},{"damage":12,"enemies":"Book of Stabbing","floor":25,"turns":5},{"damage":0,"enemies":"Snake Plant","floor":27,"turns":4},{"damage":18,"enemies":"Gremlin Leader","floor":28,"turns":6},{"damage":0,"enemies":"Snecko","floor":31,"turns":2},{"damage":66,"enemies":"Collector","floor":33,"turns":6}],"seed_played":"4932507016982299044","potions_obtained":[{"floor":1,"key":"Swift Potion"},{"floor":3,"key":"BottledMiracle"},{"floor":10,"key":"FearPotion"},{"floor":13,"key":"Ancient Potion"},{"floor":16,"key":"Energy Potion"},{"floor":22,"key":"Dexterity Potion"},{"floor":25,"key":"ColorlessPotion"}],"is_trial":false,"path_per_floor":["M","M","M","?","$","R","E","M","T","E","M","R","M","M","R","B",null,"M","M","$","?","M","E","?","E","T","M","E","$","R","M","R","B"],"character_chosen":"WATCHER","items_purchased":["FlurryOfBlows","HandOfGreed","Bag of Marbles","Prostrate"],"campfire_rested":3,"item_purchase_floors":[5,20,20,29],"current_hp_per_floor":[72,72,72,65,65,65,45,45,45,19,12,33,33,33,33,33,72,62,55,55,39,39,22,22,15,15,15,2,2,23,23,44,0,0],"gold":64,"neow_bonus":"THREE_ENEMY_KILL","is_daily":false,"chose_seed":false,"campfire_upgraded":2,"win_rate":0.0,"timestamp":1612258695,"path_taken":["M","M","?","?","$","R","E","M","T","E","M","R","M","?","R","BOSS","M","M","$","?","M","E","?","E","T","M","E","$","R","?","R","BOSS"],"items_purchased_type":["Card","Card","Relic","Card"],"build_version":"2020-12-22","purchased_purges":2,"victory":false,"max_hp_per_floor":[72,72,72,72,72,72,72,72,72,72,72,72,72,72,72,72,72,72,72,72,72,72,72,72,72,72,72,72,72,72,72,72,72,72],"card_choices":[{"not_picked":["BattleHymn","SandsOfTime"],"picked":"JustLucky","floor":1},{"not_picked":["BattleHymn","ClearTheMind","Meditate"],"picked":"SKIP","floor":2},{"not_picked":["SashWhip","Evaluate"],"picked":"FlyingSleeves","floor":3},{"not_picked":["SandsOfTime","BowlingBash"],"picked":"FollowUp","floor":7},{"not_picked":["Perseverance","CrushJoints"],"picked":"FlurryOfBlows","floor":8},{"not_picked":["FlurryOfBlows","Evaluate"],"picked":"Vault","floor":10},{"not_picked":["BowlingBash","EmptyFist"],"picked":"Consecrate","floor":11},{"not_picked":["FearNoEvil","PathToVictory"],"picked":"ConjureBlade","floor":13},{"not_picked":["Fasting2","FlurryOfBlows"],"picked":"CrushJoints","floor":14},{"not_picked":["Brilliance","Scrawl"],"picked":"Devotion","floor":16},{"not_picked":["Vengeance+1","FlyingSleeves"],"picked":"SashWhip","floor":18},{"not_picked":["InnerPeace+1","EmptyFist"],"picked":"CrushJoints+1","floor":19},{"not_picked":["EmptyFist+1","Crescendo+1","CrushJoints"],"picked":"SKIP","floor":22},{"not_picked":["Evaluate","Crescendo"],"picked":"Establishment","floor":23},{"not_picked":["Nirvana","SandsOfTime","Conclude"],"picked":"SKIP","floor":25},{"not_picked":["EmptyFist+1","SignatureMove"],"picked":"ThirdEye","floor":27},{"not_picked":["Consecrate","CutThroughFate"],"picked":"Prostrate","floor":28},{"not_picked":["FollowUp+1","Crescendo"],"picked":"CutThroughFate","floor":31}],"player_experience":115655,"relics_obtained":[{"floor":7,"key":"Nunchaku"},{"floor":9,"key":"Bag of Preparation"},{"floor":10,"key":"Smiling Mask"},{"floor":21,"key":"Enchiridion"},{"floor":23,"key":"Toy Ornithopter"},{"floor":25,"key":"Ginger"},{"floor":26,"key":"Ancient Tea Set"},{"floor":28,"key":"Centennial Puzzle"}],"event_choices":[{"damage_healed":0,"gold_gain":75,"player_choice":"Touch","damage_taken":7,"max_hp_gain":0,"max_hp_loss":0,"event_name":"FaceTrader","floor":4,"gold_loss":0},{"damage_healed":0,"gold_gain":0,"player_choice":"Obtained Book","damage_taken":16,"max_hp_gain":0,"max_hp_loss":0,"event_name":"Cursed Tome","floor":21,"gold_loss":0},{"damage_healed":0,"gold_gain":0,"player_choice":"Bet on Murderer","damage_taken":0,"max_hp_gain":0,"max_hp_loss":0,"event_name":"The Joust","floor":24,"gold_loss":50}],"is_beta":false,"boss_relics":[{"not_picked":["Snecko Eye","Ectoplasm"],"picked":"VioletLotus"}],"items_purged_floors":[5,29],"is_endless":false,"potions_floor_spawned":[1,3,10,13,16,22,25,27],"killed_by":"Collector","ascension_level":1}}