{"host":"5inz41fcnifmg6v2","time":1612269526,"event":{"mods":["BaseMod","Minty Spire (QoL Compilation)","Replay The Spire","StSLib"],"gold_per_floor":[111,111,20,40,58,87,107,107,107,107,124,144,144,177,177,275,275,286,131,159,159,170,199,211,211,211,229,229,229,229,229,45,56,56,154,154,172,172,222,76,76,76,102,116,116,41,72,72,72,172,172,1,1,1],"floor_reached":55,"language":"ZHS","playtime":6452,"items_purged":["Amnesia"],"score":701,"play_id":"a7396b80-059d-47b5-a303-c5fa7b2d441d","local_time":"20210202203846","is_ascension_mode":false,"campfire_choices":[{"floor":13,"key":"REST"},{"data":"Mind Blast","floor":15,"key":"SMITH"},{"floor":25,"key":"REST"},{"data":"FlurryOfBlows","floor":28,"key":"SMITH"},{"data":"Study","floor":34,"key":"SMITH"},{"data":"FollowUp","floor":42,"key":"SMITH"},{"data":"Panache","floor":51,"key":"SMITH"},{"data":"FollowUp","floor":51,"key":"SMITH"},{"data":"FlurryOfBlows","floor":53,"key":"SMITH"},{"data":"Conclude","floor":53,"key":"SMITH"}],"circlet_count":0,"master_deck":["Strike_P","Strike_P","Strike_P","Defend_P","Defend_P","Defend_P","Eruption+1","Vigilance","EmptyFist","Mind Blast+1","Wallop","Adaptation","ForeignInfluence+1","FlurryOfBlows+1","MentalFortress","FollowUp+1","DeusExMachina+1","WreathOfFlame+1","Replay:LoomingThreat+1","Tantrum+1","SashWhip+1","Replay:BluntJabs+1","LikeWater+1","Swivel+1","Study+1","Consecrate","DeusExMachina+1","Ghostly+1","Ghostly+1","Ghostly+1","Ghostly+1","Ghostly+1","Panache+1","Halt+1","Scrawl+1","FlyingSleeves+1","FollowUp+1","Conclude+1","WaveOfTheHand+1","SandsOfTime","FlurryOfBlows+1","Omniscience+1","CrushJoints","Indignation+1","FollowUp+1"],"relics":["PureWater","NeowsBlessing","Replay:Ringing Soul","Replay:Rubber Ducky","Eternal Feather","Replay:Kaleidoscope","Astrolabe","Pet Ghost","Red Mask","ReplayTheSpireMod:TigerMarble","Toxic Egg 2","Runic Pyramid","Pondfish Scales","Replay:Baseball","Pocketwatch","TungstenRod","Replay:Arrowhead","Orrery"],"acts_visited":["Exordium","TheCity","TheBeyond"],"potions_floor_usage":[6,12,16,16,35],"damage_taken":[{"damage":0,"enemies":"Cultist","floor":1,"turns":1},{"damage":0,"enemies":"2 Louse","floor":4,"turns":1},{"damage":0,"enemies":"Small Slimes","floor":5,"turns":1},{"damage":22,"enemies":"Replay:BlueRogue","floor":6,"turns":9},{"damage":2,"enemies":"Exordium Thugs","floor":7,"turns":3},{"damage":1,"enemies":"Looter","floor":11,"turns":3},{"damage":0,"enemies":"Large Slime","floor":12,"turns":5},{"damage":0,"enemies":"Gremlin Nob","floor":14,"turns":2},{"damage":30,"enemies":"Fading Forest","floor":16,"turns":11},{"damage":7,"enemies":"Shell Parasite","floor":18,"turns":3},{"damage":5,"enemies":"Masked Bandits","floor":20,"turns":3},{"damage":0,"enemies":"Chosen","floor":22,"turns":2},{"damage":24,"enemies":"Book of Stabbing","floor":23,"turns":4},{"damage":21,"enemies":"Shelled Parasite and Fungi","floor":24,"turns":4},{"damage":0,"enemies":"Snake Plant","floor":27,"turns":1},{"damage":0,"enemies":"Centurion and Healer","floor":33,"turns":3},{"damage":41,"enemies":"Automaton","floor":35,"turns":7},{"damage":5,"enemies":"3 Shapes","floor":37,"turns":4},{"damage":7,"enemies":"2 Orb Walkers","floor":39,"turns":4},{"damage":0,"enemies":"Nemesis","floor":43,"turns":3},{"damage":0,"enemies":"Orb Walker","floor":44,"turns":2},{"damage":0,"enemies":"Reptomancer","floor":47,"turns":3},{"damage":45,"enemies":"Replay:Hell Engine","floor":54,"turns":10}],"seed_played":"6470624364971367996","potions_obtained":[{"floor":4,"key":"PowerPotion"},{"floor":5,"key":"Strength Potion"},{"floor":7,"key":"Swift Potion"},{"floor":12,"key":"BlessingOfTheForge"},{"floor":14,"key":"CultistPotion"},{"floor":22,"key":"Reflective Coating"},{"floor":23,"key":"Languid Potion"},{"floor":33,"key":"Adrenaline Potion"},{"floor":37,"key":"Milkshake"},{"floor":39,"key":"Swift Potion"},{"floor":43,"key":"DuplicationPotion"}],"is_trial":false,"path_per_floor":["M","T","$","M","M","E","M","?","T","?","M","M","R","E","R","B",null,"M","$","?","?","M","E","M","R","T","M","R","?","PTL","PTL","$","M","R","B",null,"M","?","?","$","?","R","E","M","T","$","E","PTL","PTL","?","R","$","R","B",null],"character_chosen":"WATCHER","items_purchased":["Mind Blast","Pet Ghost","Panache","Replay:Baseball","FlurryOfBlows","Orrery"],"campfire_rested":2,"item_purchase_floors":[3,19,32,40,52,52],"current_hp_per_floor":[72,72,75,78,81,62,63,63,63,63,65,68,93,96,96,83,102,98,98,96,99,102,81,63,114,114,117,123,64,64,64,67,70,70,32,73,71,74,70,70,70,82,85,88,88,88,91,91,91,91,91,94,94,49],"gold":1,"neow_bonus":"THREE_ENEMY_KILL","is_daily":false,"chose_seed":false,"campfire_upgraded":8,"win_rate":0.0,"timestamp":1612269526,"path_taken":["M","?","$","?","M","E","M","?","T","?","?","M","R","E","R","BOSS","M","$","?","?","M","E","M","R","T","M","R","?","PTL","PTL","$","M","R","BOSS","M","?","?","$","?","R","E","?","T","?","E","PTL","PTL","?","R","$","R","BOSS"],"items_purchased_type":["Card","Relic","Card","Relic","Card","Relic"],"build_version":"2020-12-22","purchased_purges":1,"victory":true,"max_hp_per_floor":[72,72,75,78,81,84,87,87,87,87,90,93,93,96,96,99,102,105,105,108,111,114,117,120,120,120,123,123,64,64,64,67,70,70,73,73,76,79,82,82,82,82,85,88,88,88,91,91,91,91,91,94,94,94],"card_choices":[{"not_picked":["Replay:ManipulateFuture","ClearTheMind"],"picked":"EmptyFist","floor":1},{"not_picked":["Replay:BluntJabs","Perseverance"],"picked":"Wallop","floor":4},{"not_picked":["Sanctity","WindmillStrike"],"picked":"Adaptation","floor":5},{"not_picked":["Prostrate","ThirdEye"],"picked":"ForeignInfluence","floor":6},{"not_picked":["EmptyMind","Crescendo"],"picked":"FlurryOfBlows","floor":7},{"not_picked":["ForeignInfluence","FlyingSleeves"],"picked":"MentalFortress","floor":11},{"not_picked":["PathToVictory","Replay:Battleflow"],"picked":"LessonLearned","floor":12},{"not_picked":["Evaluate","Replay:Vibes"],"picked":"FollowUp","floor":14},{"not_picked":["Ragnarok","ConjureBlade"],"picked":"DeusExMachina","floor":16},{"not_picked":["ThirdEye+1","Indignation"],"picked":"SashWhip+1","floor":18},{"not_picked":["PathToVictory","InnerPeace+1"],"picked":"Replay:BluntJabs+1","floor":20},{"not_picked":["FollowUp","Nirvana"],"picked":"Swivel+1","floor":22},{"not_picked":["EmptyBody","CrushJoints"],"picked":"Study","floor":23},{"not_picked":["Worship","EmptyBody"],"picked":"Consecrate","floor":24},{"not_picked":["TalkToTheHand","SignatureMove"],"picked":"DeusExMachina+1","floor":27},{"not_picked":["Fasting2","ClearTheMind+1"],"picked":"Halt+1","floor":33},{"not_picked":["Replay:AllIn+1","Brilliance"],"picked":"Scrawl+1","floor":35},{"not_picked":["WindmillStrike+1","Prostrate+1"],"picked":"FlyingSleeves+1","floor":37},{"not_picked":["Wallop","LikeWater+1"],"picked":"FollowUp","floor":39},{"not_picked":["CrushJoints","EmptyBody+1"],"picked":"Conclude","floor":43},{"not_picked":["PathToVictory+1","CutThroughFate+1"],"picked":"WaveOfTheHand+1","floor":44},{"not_picked":["CutThroughFate","ThirdEye+1"],"picked":"SandsOfTime","floor":47},{"not_picked":["Sanctity+1","Study"],"picked":"Omniscience+1","floor":52},{"not_picked":["EmptyFist","LikeWater"],"picked":"CrushJoints","floor":52},{"not_picked":["Crescendo+1","CrushJoints"],"picked":"Indignation+1","floor":52},{"not_picked":["CutThroughFate+1","Weave"],"picked":"FollowUp+1","floor":52}],"player_experience":28517,"relics_obtained":[{"floor":2,"key":"Replay:Ringing Soul"},{"floor":6,"key":"Replay:Rubber Ducky"},{"floor":9,"key":"Eternal Feather"},{"floor":14,"key":"Replay:Kaleidoscope"},{"floor":20,"key":"Red Mask"},{"floor":23,"key":"ReplayTheSpireMod:TigerMarble"},{"floor":26,"key":"Toxic Egg 2"},{"floor":39,"key":"Pondfish Scales"},{"floor":43,"key":"Pocketwatch"},{"floor":45,"key":"TungstenRod"},{"floor":47,"key":"Replay:Arrowhead"}],"event_choices":[{"damage_healed":0,"gold_gain":0,"player_choice":"Grow","damage_taken":0,"max_hp_gain":0,"max_hp_loss":0,"event_name":"Living Wall","floor":8,"gold_loss":0,"cards_upgraded":["Eruption"]},{"damage_healed":0,"gold_gain":0,"player_choice":"Upgraded","damage_taken":0,"max_hp_gain":0,"max_hp_loss":0,"event_name":"Upgrade Shrine","floor":10,"gold_loss":0,"cards_upgraded":["ForeignInfluence"]},{"damage_healed":0,"gold_gain":0,"player_choice":"Fought Bandits","damage_taken":0,"max_hp_gain":0,"max_hp_loss":0,"event_name":"Masked Bandits","floor":20,"gold_loss":0},{"damage_healed":0,"gold_gain":0,"player_choice":"Read","damage_taken":0,"max_hp_gain":0,"max_hp_loss":0,"event_name":"The Library","floor":21,"gold_loss":0,"cards_obtained":["LikeWater"]},{"damage_healed":0,"gold_gain":0,"player_choice":"Became a Ghost","damage_taken":0,"max_hp_gain":0,"max_hp_loss":62,"event_name":"Ghosts","floor":29,"gold_loss":0,"cards_obtained":["Ghostly","Ghostly","Ghostly","Ghostly","Ghostly"]},{"damage_healed":0,"gold_gain":0,"player_choice":"Fight","damage_taken":0,"max_hp_gain":0,"max_hp_loss":0,"event_name":"Mysterious Sphere","floor":39,"gold_loss":0},{"damage_healed":0,"gold_gain":0,"player_choice":"Upgraded","damage_taken":0,"max_hp_gain":0,"max_hp_loss":0,"event_name":"Upgrade Shrine","floor":41,"gold_loss":0,"cards_upgraded":["DeusExMachina"]},{"damage_healed":0,"gold_gain":100,"player_choice":"Pray","damage_taken":0,"max_hp_gain":0,"max_hp_loss":0,"event_name":"Golden Shrine","floor":50,"gold_loss":0}],"is_beta":false,"boss_relics":[{"not_picked":["Black Star","ReplayTheSpireMod:DimensionalGlitch"],"picked":"Astrolabe"},{"not_picked":["Ring of Chaos","Abe\u0027s Treasure"],"picked":"Runic Pyramid"}],"items_purged_floors":[46],"is_endless":false,"potions_floor_spawned":[4,5,7,12,14,22,23,33,37,39,43,44],"ascension_level":0}}