{"host":"r5cycnjhcbwgkpkf","time":1612285464,"event":{"mods":["2.2 Compatiblity","AchievementEnabler","BaseMod","Bestiary","Better Altar","Better Match","Better Note","Better Skull","Better Third Choice","BetterRewards","Colored Map","Colored Powertips","Infinite Spire","Minty Spire (QoL Compilation)","Reliquary","Replay The Spire","Spicy Shops","StSLib"],"gold_per_floor":[117,129,142,61,61,93,93,93,93,125,125,0,0,10,10,10,10],"floor_reached":16,"language":"ENG","playtime":668,"items_purged":["Strike_R","Strike_R","Strike_R"],"score":316,"play_id":"f82149d3-aa36-4dcb-a931-6806db16da17","local_time":"20210202090424","is_ascension_mode":true,"campfire_choices":[{"floor":8,"key":"REST"},{"floor":13,"key":"REST"},{"floor":15,"key":"REST"}],"circlet_count":0,"master_deck":["AscendersBane","Strike_R","Strike_R","Defend_R","Defend_R","Defend_R","Defend_R+1","Bash","Twin Strike","Wild Strike+1","Infernal Blade","Fire Breathing","Cleave","Headbutt","Wild Strike","Flex"],"relics":["Burning Blood","reliquary:Bookmark","Art of War","Question Card","Replay:Ringing Soul"],"acts_visited":["Exordium"],"potions_floor_usage":[16],"damage_taken":[{"damage":7.0,"enemies":"Jaw Worm","floor":1.0,"turns":3.0},{"damage":9.0,"enemies":"2 Louse","floor":2.0,"turns":2.0},{"damage":0.0,"enemies":"Small Slimes","floor":3.0,"turns":2.0},{"damage":26.0,"enemies":"Replay:BlueRogue","floor":6.0,"turns":7.0},{"damage":36,"enemies":"Gremlin Nob","floor":10,"turns":4},{"damage":7,"enemies":"3 Louse","floor":14,"turns":3},{"damage":78,"enemies":"Hexaghost","floor":16,"turns":9}],"seed_played":"-6586728977875038215","potions_obtained":[{"floor":2.0,"key":"SpeedPotion"},{"floor":14,"key":"ColorlessPotion"}],"is_trial":false,"path_per_floor":["M","M","M","$","?","E","?","R","T","E","?","$","R","M","R","B"],"character_chosen":"IRONCLAD","items_purchased":["Twin Strike","Wild Strike+1","Infernal Blade","Fire Breathing","reliquary:Bookmark"],"campfire_rested":3,"item_purchase_floors":[0,0,0,0,4],"current_hp_per_floor":[47,44,50,50,50,30,30,52,52,25,25,25,48,50,74,0,0],"gold":10,"neow_bonus":"","is_daily":false,"chose_seed":false,"campfire_upgraded":0,"win_rate":0.0,"timestamp":1612285464,"path_taken":["M","M","M","$","?","E","?","R","T","E","?","?","R","M","R","BOSS"],"items_purchased_type":["Card","Card","Card","Card","Relic"],"build_version":"2020-12-22","purchased_purges":3,"victory":false,"max_hp_per_floor":[75,75,75,75,75,75,75,75,75,78,78,78,78,81,81,81,81],"card_choices":[{"not_picked":["Shrug It Off","ReplayTheSpireMod:Corrosion Curse"],"picked":"Cleave","floor":1.0},{"not_picked":["ReplayTheSpireMod:Corrosion Curse","Body Slam","Seeing Red"],"picked":"SKIP","floor":2.0},{"not_picked":["Life Link","Anger","Abandon"],"picked":"SKIP","floor":3.0},{"not_picked":["Run Through","True Grit"],"picked":"Headbutt","floor":6.0},{"not_picked":["Clothesline","Burning Pact","Replay:Many Hands"],"picked":"Wild Strike","floor":10},{"not_picked":["Sentinel","Twin Strike","Heavy Blade"],"picked":"Flex","floor":14}],"player_experience":398017,"relics_obtained":[{"floor":6.0,"key":"Art of War"},{"floor":9,"key":"Question Card"},{"floor":10,"key":"Replay:Ringing Soul"}],"event_choices":[{"damage_healed":0,"gold_gain":0,"player_choice":"Searched \u00270\u0027 times","damage_taken":0,"max_hp_gain":0,"max_hp_loss":0,"event_name":"Dead Adventurer","floor":7,"gold_loss":0}],"is_beta":false,"boss_relics":[],"items_purged_floors":[0,0,12],"is_endless":false,"potions_floor_spawned":[2,14],"killed_by":"Hexaghost","ascension_level":20}}