{"host":"1hzg86ju9fvxh562","time":1612301691,"event":{"mods":["AchievementEnabler","Act Like it!","AlwaysNeverKeys","BaseMod","Bestiary","Better Altar","Better Match","Better Note","Better Sensory Stone","Better Skull","Better Third Choice","Colored Map","Colored Powertips","Curses Come First","Displayed Cursed Tome","Filter the Spire","Highlight Path","Keyboard Shortcuts","Minty Spire (QoL Compilation)","Rare Cards Sparkle","Relic Sorter","Relic Stats","ShortenTheSpire","Spicy Shops","StSLib","everything is the same but u backflip on backflip","slay the spire mod where everything is the same but ironclad has a cowboy hat"],"gold_per_floor":[119,119,139,158,178,211,272,272,317,317,351,182,193,227,227,327,327,343,22,22,22,38,63,63,86,86,106,67,97,16,29,29,126,126,146,146,162,19,37,67,67,82,82,107,126,141,241,252,252,252,252,252,9,36,36],"floor_reached":56,"language":"ENG","playtime":7614,"items_purged":["Alpha+1","Defend_P+1"],"score":2006,"play_id":"23b4f427-f566-4820-95f2-a0c9f248d0fc","local_time":"20210202193451","is_ascension_mode":true,"campfire_choices":[{"floor":8.0,"key":"REST"},{"floor":15.0,"key":"RECALL"},{"data":"MentalFortress","floor":32.0,"key":"SMITH"},{"data":"TalkToTheHand","floor":41.0,"key":"SMITH"},{"data":"Ragnarok","floor":49.0,"key":"SMITH"},{"floor":52.0,"key":"REST"}],"circlet_count":0,"master_deck":["AscendersBane","Defend_P+1","Defend_P+1","Defend_P+1","Eruption+1","Vigilance+1","FollowUp+1","Pray+1","LessonLearned+1","CutThroughFate+1","ThirdEye+1","Weave+1","Vault+1","Crescendo+1","JustLucky+1","EmptyFist+1","Sanctity+1","CutThroughFate+1","EmptyMind+1","MentalFortress+1","CutThroughFate+1","Omniscience+1","FlurryOfBlows+1","MentalFortress+1","FearNoEvil+1","Devotion+1","TalkToTheHand+1","BattleHymn","Omniscience+1","Ragnarok+1","Omniscience+1","TalkToTheHand+1"],"relics":["GremlinMask","Toxic Egg 2","Happy Flower","Bag of Marbles","Vajra","Letter Opener","SlaversCollar","Melange","Bloody Idol","Nloth\u0027s Gift","Shuriken","Lantern","Singing Bowl","Potion Belt","FossilizedHelix","Runic Dome","Yang","OrangePellets","Ornamental Fan","Nunchaku","DollysMirror"],"acts_visited":["Exordium","TheCity","TheBeyond","TheEnding"],"potions_floor_usage":[55],"damage_taken":[{"damage":11.0,"enemies":"Small Slimes","floor":1.0,"turns":4.0},{"damage":0.0,"enemies":"Cultist","floor":3.0,"turns":3.0},{"damage":4.0,"enemies":"Jaw Worm","floor":4.0,"turns":3.0},{"damage":5.0,"enemies":"Blue Slaver","floor":5.0,"turns":6.0},{"damage":0.0,"enemies":"Lagavulin","floor":6.0,"turns":4.0},{"damage":19.0,"enemies":"3 Sentries","floor":7.0,"turns":7.0},{"damage":3.0,"enemies":"3 Sentries","floor":11.0,"turns":6.0},{"damage":0.0,"enemies":"Exordium Wildlife","floor":13.0,"turns":2.0},{"damage":0.0,"enemies":"Lagavulin","floor":14.0,"turns":5.0},{"damage":6.0,"enemies":"Hexaghost","floor":16.0,"turns":10.0},{"damage":4.0,"enemies":"3 Byrds","floor":18.0,"turns":5.0},{"damage":0.0,"enemies":"Spheric Guardian","floor":22.0,"turns":3.0},{"damage":3.0,"enemies":"Gremlin Leader","floor":23.0,"turns":3.0},{"damage":12.0,"enemies":"Snecko","floor":27.0,"turns":6.0},{"damage":5.0,"enemies":"Slavers","floor":29.0,"turns":4.0},{"damage":1.0,"enemies":"Shelled Parasite and Fungi","floor":31.0,"turns":5.0},{"damage":0.0,"enemies":"Collector","floor":33.0,"turns":6.0},{"damage":0.0,"enemies":"Orb Walker","floor":35.0,"turns":2.0},{"damage":0.0,"enemies":"3 Darklings","floor":37.0,"turns":4.0},{"damage":0.0,"enemies":"Jaw Worm Horde","floor":39.0,"turns":3.0},{"damage":0.0,"enemies":"Reptomancer","floor":40.0,"turns":4.0},{"damage":0.0,"enemies":"Maw","floor":42.0,"turns":5.0},{"damage":0.0,"enemies":"Giant Head","floor":44.0,"turns":3.0},{"damage":0.0,"enemies":"Writhing Mass","floor":45.0,"turns":4.0},{"damage":8.0,"enemies":"Jaw Worm Horde","floor":46.0,"turns":3.0},{"damage":0.0,"enemies":"4 Shapes","floor":48.0,"turns":3.0},{"damage":12.0,"enemies":"Time Eater","floor":50.0,"turns":4.0},{"damage":0.0,"enemies":"Shield and Spear","floor":54.0,"turns":2.0},{"damage":9,"enemies":"The Heart","floor":55,"turns":5}],"seed_played":"6516236719155407254","potions_obtained":[{"floor":3.0,"key":"LiquidMemories"},{"floor":5.0,"key":"Strength Potion"},{"floor":7.0,"key":"Fire Potion"},{"floor":11.0,"key":"Energy Potion"},{"floor":13.0,"key":"GamblersBrew"},{"floor":16.0,"key":"Swift Potion"},{"floor":23.0,"key":"Regen Potion"},{"floor":29.0,"key":"Swift Potion"},{"floor":31.0,"key":"Explosive Potion"},{"floor":33.0,"key":"FairyPotion"},{"floor":35.0,"key":"LiquidBronze"},{"floor":42.0,"key":"Block Potion"},{"floor":44.0,"key":"Fire Potion"},{"floor":48.0,"key":"StancePotion"}],"is_trial":false,"path_per_floor":["M","?","M","M","M","E","?","R","T","?","E","$","M","E","R","B",null,"M","$","?","?","M","E","?","T","T","M","$","E","$","M","R","B",null,"M","?","M","$","M","E","R","M","T","E","M","M","?","M","R","B",null,"R","$","E","B",null],"character_chosen":"WATCHER","items_purchased":["EmptyFist","Sanctity+1","Melange","MentalFortress","MentalFortress","FossilizedHelix","OrangePellets","DollysMirror","Swift Potion"],"campfire_rested":2,"item_purchase_floors":[12,12,19,19,28,30,38,53,53],"current_hp_per_floor":[54,54,54,50,45,45,26,47,47,47,44,44,44,44,44,38,64,60,60,24,24,29,31,31,36,36,44,44,44,44,50,50,55,69,74,74,76,76,76,78,78,80,80,80,82,81,84,84,84,72,81,84,84,84,75],"gold":36,"neow_bonus":"BOSS_RELIC","is_daily":false,"chose_seed":false,"campfire_upgraded":3,"win_rate":0.0,"timestamp":1612301691,"path_taken":["M","?","M","M","?","E","?","R","T","?","E","?","M","E","R","BOSS","M","$","?","?","?","E","?","?","T","M","?","E","$","?","R","BOSS","M","?","?","$","M","E","R","M","T","E","?","M","?","M","R","BOSS","R","$","E","BOSS"],"items_purchased_type":["Card","Card","Relic","Card","Card","Relic","Relic","Relic","Potion"],"build_version":"2020-12-22","purchased_purges":2,"victory":true,"max_hp_per_floor":[72,72,72,72,72,72,72,72,72,72,72,72,72,72,72,72,72,72,72,72,72,72,72,72,72,72,72,72,72,72,74,74,74,74,74,74,76,76,76,78,78,80,80,80,82,84,84,84,84,84,84,84,84,84,84],"relic_stats":{"Happy Flower":[34],"Singing Bowl":12,"counters":[29,124],"Melange":[48],"Yang":[172],"Letter Opener":[176],"OrangePellets":[32],"Nunchaku":[10],"Shuriken":[58],"Ornamental Fan":[148],"Bloody Idol":48,"Nloth\u0027s Gift":3,"obtain_stats":[{"Potion Belt":29,"Lantern":25,"Happy Flower":7,"Singing Bowl":26,"Astrolabe":0,"Vajra":11,"Melange":19,"GremlinMask":2,"Yang":36,"Letter Opener":14,"SlaversCollar":17,"Runic Dome":34,"OrangePellets":38,"Nunchaku":44,"Shuriken":23,"Ornamental Fan":40,"DollysMirror":53,"Bloody Idol":20,"Bag of Marbles":9,"Nloth\u0027s Gift":21,"PureWater":0,"Toxic Egg 2":6,"FossilizedHelix":30},{"Potion Belt":15,"Lantern":13,"Happy Flower":5,"Singing Bowl":13,"Astrolabe":0,"Vajra":7,"Melange":11,"GremlinMask":1,"Yang":18,"Letter Opener":9,"SlaversCollar":10,"Runic Dome":17,"OrangePellets":19,"Nunchaku":23,"Shuriken":13,"Ornamental Fan":21,"DollysMirror":27,"Bloody Idol":11,"Bag of Marbles":6,"Nloth\u0027s Gift":11,"PureWater":0,"Toxic Egg 2":5,"FossilizedHelix":15},{"Potion Belt":71,"Lantern":61,"Happy Flower":20,"Singing Bowl":61,"Astrolabe":0,"Vajra":33,"Melange":55,"GremlinMask":4,"Yang":84,"Letter Opener":40,"SlaversCollar":50,"Runic Dome":82,"OrangePellets":88,"Nunchaku":103,"Shuriken":61,"Ornamental Fan":95,"DollysMirror":117,"Bloody Idol":55,"Bag of Marbles":27,"Nloth\u0027s Gift":55,"PureWater":0,"Toxic Egg 2":20,"FossilizedHelix":71}]},"card_choices":[{"not_picked":["Protect","Consecrate"],"picked":"CutThroughFate","floor":1.0},{"not_picked":["Evaluate","BowlingBash"],"picked":"ThirdEye","floor":3.0},{"not_picked":["FollowUp","EmptyBody"],"picked":"Weave","floor":4.0},{"not_picked":["Prostrate","CutThroughFate"],"picked":"Vault","floor":5.0},{"not_picked":["SandsOfTime","Halt+1"],"picked":"Crescendo+1","floor":6.0},{"not_picked":["Halt+1","Protect+1"],"picked":"JustLucky","floor":11.0},{"not_picked":["Vengeance+1","EmptyBody+1"],"picked":"CutThroughFate","floor":13.0},{"not_picked":["Study","EmptyBody+1"],"picked":"EmptyMind+1","floor":14.0},{"not_picked":["SignatureMove+1","FlyingSleeves","Crescendo+1"],"picked":"SKIP","floor":18.0},{"not_picked":["EmptyBody+1","EmptyFist"],"picked":"CutThroughFate","floor":22.0},{"not_picked":["SpiritShield+1","FlurryOfBlows+1"],"picked":"Omniscience+1","floor":23.0},{"not_picked":["Sanctity+1","WindmillStrike"],"picked":"FlurryOfBlows","floor":27.0},{"not_picked":["Pray+1","LikeWater"],"picked":"FearNoEvil","floor":29.0},{"not_picked":["EmptyFist+1","Evaluate+1","Protect+1"],"picked":"Singing Bowl","floor":31.0},{"not_picked":["Judgement+1","SpiritShield+1"],"picked":"Devotion","floor":33.0},{"not_picked":["EmptyFist+1","FearNoEvil"],"picked":"TalkToTheHand","floor":35.0},{"not_picked":["Collect+1","FlyingSleeves+1","EmptyFist"],"picked":"Singing Bowl","floor":37.0},{"not_picked":["FlyingSleeves+1","Halt+1"],"picked":"BattleHymn","floor":39.0},{"not_picked":["Crescendo+1","DeceiveReality+1","Collect+1"],"picked":"Singing Bowl","floor":40.0},{"not_picked":["Protect+1","FollowUp+1","ClearTheMind+1"],"picked":"Singing Bowl","floor":42.0},{"not_picked":["FlurryOfBlows","Halt+1"],"picked":"Omniscience+1","floor":44.0},{"not_picked":["Crescendo+1","BowlingBash","CrushJoints+1"],"picked":"Singing Bowl","floor":45.0},{"not_picked":["Consecrate+1","EmptyFist","EmptyBody+1"],"picked":"Singing Bowl","floor":46.0},{"not_picked":["Protect+1","Crescendo+1"],"picked":"Ragnarok","floor":48.0},{"not_picked":["Sanctity+1","Protect+1"],"picked":"TalkToTheHand+1","floor":54.0}],"player_experience":509334,"relics_obtained":[{"floor":6.0,"key":"Toxic Egg 2"},{"floor":9.0,"key":"Bag of Marbles"},{"floor":11.0,"key":"Vajra"},{"floor":14.0,"key":"Letter Opener"},{"floor":23.0,"key":"Shuriken"},{"floor":25.0,"key":"Lantern"},{"floor":26.0,"key":"Singing Bowl"},{"floor":29.0,"key":"Potion Belt"},{"floor":40.0,"key":"Ornamental Fan"},{"floor":44.0,"key":"Nunchaku"}],"event_choices":[{"damage_healed":0.0,"max_hp_gain":0.0,"max_hp_loss":0.0,"gold_gain":0.0,"event_name":"FaceTrader","player_choice":"Trade","floor":2.0,"gold_loss":0.0,"damage_taken":0.0,"relics_obtained":["GremlinMask"]},{"damage_healed":0.0,"max_hp_gain":0.0,"max_hp_loss":0.0,"gold_gain":30.0,"event_name":"Dead Adventurer","player_choice":"Searched \u00273\u0027 times","floor":7.0,"gold_loss":0.0,"damage_taken":0.0,"relics_obtained":["Happy Flower"]},{"damage_healed":0.0,"max_hp_gain":0.0,"max_hp_loss":0.0,"gold_gain":0.0,"cards_transformed":["Strike_P"],"event_name":"Living Wall","player_choice":"Change","floor":10.0,"gold_loss":0.0,"damage_taken":0.0,"cards_obtained":["Alpha"]},{"damage_healed":0.0,"max_hp_gain":60.0,"max_hp_loss":24.0,"gold_gain":0.0,"event_name":"betterAltar:BetterAltar","player_choice":" Idol ","floor":20.0,"potions_obtained":[],"relics_lost":[],"gold_loss":0.0,"damage_taken":36.0,"relics_obtained":["Bloody Idol"]},{"damage_healed":0.0,"max_hp_gain":0.0,"max_hp_loss":0.0,"gold_gain":0.0,"event_name":"N\u0027loth","player_choice":"Traded Relic","floor":21.0,"relics_lost":["Astrolabe"],"gold_loss":0.0,"damage_taken":0.0,"relics_obtained":["Nloth\u0027s Gift"]},{"damage_healed":0.0,"max_hp_gain":0.0,"max_hp_loss":0.0,"gold_gain":0.0,"event_name":"Vampires","player_choice":"Ignored","floor":24.0,"gold_loss":0.0,"damage_taken":0.0},{"damage_healed":0.0,"max_hp_gain":0.0,"max_hp_loss":0.0,"gold_gain":0.0,"event_name":"WeMeetAgain","player_choice":"Gave Potion","floor":36.0,"gold_loss":0.0,"damage_taken":0.0,"relics_obtained":["Yang"]},{"damage_healed":0.0,"max_hp_gain":0.0,"max_hp_loss":0.0,"gold_gain":100.0,"event_name":"Golden Shrine","player_choice":"Pray","floor":47.0,"gold_loss":0.0,"damage_taken":0.0}],"is_beta":false,"boss_relics":[{"not_picked":["Cursed Key","Ectoplasm"],"picked":"SlaversCollar"},{"not_picked":["SacredBark","Calling Bell"],"picked":"Runic Dome"}],"items_purged_floors":[12,19],"is_endless":false,"potions_floor_spawned":[3,5,7,11,13,16,23,29,31,33,35,42,44,48],"ascension_level":11}}