{"host":"p62uqwu04pp7leh9","time":1612231071,"event":{"mods":["BaseMod","Block Reminder","Colored Map","Colored Powertips","Minty Spire (QoL Compilation)","Relic Stats"],"gold_per_floor":[110,110,124,148,148,148,148,148],"floor_reached":7,"language":"ENG","playtime":187,"items_purged":[],"score":51,"play_id":"d6c81437-1d63-411d-bea5-ae55a9ad57b1","local_time":"20210201205751","is_ascension_mode":true,"campfire_choices":[{"data":"Fire Breathing","floor":6,"key":"SMITH"}],"circlet_count":0,"master_deck":["Strike_R","Strike_R","Strike_R","Strike_R","Defend_R","Defend_R","Defend_R","Defend_R","Bash","Sword Boomerang","Fire Breathing+1","Metallicize"],"relics":["Burning Blood","NeowsBlessing","Golden Idol"],"acts_visited":["Exordium"],"potions_floor_usage":[],"damage_taken":[{"damage":0,"enemies":"2 Louse","floor":1,"turns":1},{"damage":0,"enemies":"Jaw Worm","floor":3,"turns":1},{"damage":0,"enemies":"Cultist","floor":4,"turns":1},{"damage":72,"enemies":"Lagavulin","floor":7,"turns":10}],"seed_played":"7115172681584736816","potions_obtained":[],"is_trial":false,"path_per_floor":["M","?","M","M","?","R","E"],"character_chosen":"IRONCLAD","items_purchased":[],"campfire_rested":0,"item_purchase_floors":[],"current_hp_per_floor":[80,60,66,72,72,72,0,0],"gold":148,"neow_bonus":"THREE_ENEMY_KILL","is_daily":false,"chose_seed":false,"campfire_upgraded":1,"win_rate":0.0,"timestamp":1612231071,"path_taken":["M","?","M","M","?","R","E"],"items_purchased_type":[],"build_version":"2020-12-22","purchased_purges":0,"victory":false,"max_hp_per_floor":[80,80,80,80,80,80,80,80],"relic_stats":{"counters":[4,13],"Golden Idol":8,"obtain_stats":[{"NeowsBlessing":0,"Golden Idol":2,"Burning Blood":0},{"NeowsBlessing":0,"Golden Idol":1,"Burning Blood":0},{"NeowsBlessing":0,"Golden Idol":1,"Burning Blood":0}],"Burning Blood":12},"card_choices":[{"not_picked":["Headbutt","Clothesline"],"picked":"Sword Boomerang","floor":1},{"not_picked":["True Grit","Shrug It Off"],"picked":"Fire Breathing","floor":3},{"not_picked":["Thunderclap","Iron Wave"],"picked":"Metallicize","floor":4}],"player_experience":396468,"relics_obtained":[],"event_choices":[{"damage_healed":0,"gold_gain":0,"player_choice":"Take Damage","damage_taken":20,"relics_obtained":["Golden Idol"],"max_hp_gain":0,"max_hp_loss":0,"event_name":"Golden Idol","floor":2,"gold_loss":0},{"cards_removed":["Strike_R"],"damage_healed":0,"gold_gain":0,"player_choice":"Offered Basic","damage_taken":0,"max_hp_gain":0,"max_hp_loss":0,"event_name":"Bonfire Elementals","floor":5,"gold_loss":0}],"is_beta":false,"boss_relics":[],"items_purged_floors":[],"is_endless":false,"potions_floor_spawned":[],"killed_by":"Lagavulin","ascension_level":5}}