{"host":"oxttf2o6jwqrmkaz","time":1612247236,"event":{"mods":["100% Spire Juice","Act Like it!","BaseMod","CapriCore","Colored Map","Minty Spire (QoL Compilation)","StSLib","SuperFastMode","The Immortal"],"gold_per_floor":[117,13,32,32,32,32,57,57,57,84,96,108,108,5,5,103,33,45,61,76,87,87,87,101,101,101,117,132,132,165,185,65,161,41,56,56,73,0,0,0,0,12,39,39,66,66,116,41,41,41],"floor_reached":51,"language":"KOR","playtime":1660,"items_purged":["Clumsy"],"score":909,"play_id":"7ccdddc7-b5db-4126-9064-4c1048cf5009","local_time":"20210202152716","is_ascension_mode":false,"campfire_choices":[{"data":"Moonworks:IndiscriminateFireSupport","floor":6,"key":"SMITH"},{"data":"Moonworks:MiracleRedBeanIceCream","floor":8,"key":"SMITH"},{"data":"Moonworks:NicePresent","floor":13,"key":"SMITH"},{"data":"Moonworks:Ambush","floor":15,"key":"SMITH"},{"data":"Moonworks:MetallicMonocoque","floor":23,"key":"SMITH"},{"data":"Moonworks:BigMagnum","floor":25,"key":"SMITH"},{"data":"Moonworks:LongDistanceShot","floor":29,"key":"SMITH"},{"floor":32,"key":"REST"},{"data":"Moonworks:AnotherUltimateWeapon","floor":40,"key":"SMITH"},{"data":"Moonworks:SinkOrSwim","floor":41,"key":"SMITH"},{"data":"Moonworks:FinalSurgery","floor":44,"key":"SMITH"},{"floor":46,"key":"REST"},{"floor":49,"key":"REST"}],"circlet_count":0,"master_deck":["Moonworks:Strike","Moonworks:Strike","Moonworks:Strike","Moonworks:Strike+1","Moonworks:Defend","Moonworks:Defend","Moonworks:Defend","Moonworks:Defend","Moonworks:Ambush+1","Moonworks:LongDistanceShot+1","Moonworks:IndiscriminateFireSupport+1","Moonworks:BigMagnum+1","Moonworks:MiracleWalker+1","Moonworks:RedAndBlue+1","Moonworks:FinalSurgery+1","Moonworks:MiracleRedBeanIceCream+1","Moonworks:SinkOrSwim+1","Moonworks:NicePresent+1","Moonworks:MetallicMonocoque+1","Moonworks:SealedMemories+1","Moonworks:WeAreWaruda+1","Moonworks:NicePresent+1","Moonworks:AnotherUltimateWeapon+1","Moonworks:ImOnFire+1","Moonworks:BindingChains+1","Moonworks:NicePresent+1"],"relics":["Moonworks:BrokenBomb","Moonworks:Homemark","WingedGreaves","CaptainsWheel","Singing Bowl","Tiny House","Toxic Egg 2","Question Card","Regal Pillow","Cursed Key","Red Mask","Juzu Bracelet","Nunchaku","StoneCalendar"],"acts_visited":["Exordium","TheCity","TheBeyond"],"potions_floor_usage":[7,10,16,21,50,50,50],"damage_taken":[{"damage":2,"enemies":"Small Slimes","floor":1,"turns":4},{"damage":0,"enemies":"2 Louse","floor":2,"turns":1},{"damage":5,"enemies":"Cultist","floor":3,"turns":2},{"damage":5,"enemies":"Gremlin Nob","floor":7,"turns":2},{"damage":5,"enemies":"Lagavulin","floor":10,"turns":2},{"damage":0,"enemies":"Large Slime","floor":11,"turns":3},{"damage":0,"enemies":"Exordium Thugs","floor":12,"turns":1},{"damage":0,"enemies":"2 Fungi Beasts","floor":14,"turns":2},{"damage":11,"enemies":"Hexaghost","floor":16,"turns":5},{"damage":5,"enemies":"Spheric Guardian","floor":18,"turns":1},{"damage":6,"enemies":"Shell Parasite","floor":19,"turns":1},{"damage":3,"enemies":"Shelled Parasite and Fungi","floor":20,"turns":3},{"damage":5,"enemies":"Snake Plant","floor":21,"turns":2},{"damage":0,"enemies":"3 Cultists","floor":24,"turns":1},{"damage":0,"enemies":"Shelled Parasite and Fungi","floor":27,"turns":4},{"damage":19,"enemies":"Centurion and Healer","floor":28,"turns":2},{"damage":6,"enemies":"Gremlin Leader","floor":30,"turns":3},{"damage":13,"enemies":"Chosen and Byrds","floor":31,"turns":5},{"damage":77,"enemies":"Automaton","floor":33,"turns":9},{"damage":3,"enemies":"Orb Walker","floor":35,"turns":4},{"damage":0,"enemies":"3 Shapes","floor":37,"turns":1},{"damage":24,"enemies":"Transient","floor":42,"turns":5},{"damage":43,"enemies":"Nemesis","floor":45,"turns":6},{"damage":6,"enemies":"Mind Bloom Boss Battle","floor":47,"turns":4},{"damage":25,"enemies":"Donu and Deca","floor":50,"turns":3}],"seed_played":"4596029268495533104","potions_obtained":[{"floor":0,"key":"Fire Potion"},{"floor":0,"key":"AttackPotion"},{"floor":0,"key":"AttackPotion"},{"floor":10,"key":"Energy Potion"},{"floor":11,"key":"Weak Potion"},{"floor":16,"key":"Explosive Potion"},{"floor":20,"key":"Swift Potion"},{"floor":21,"key":"Weak Potion"},{"floor":33,"key":"SteroidPotion"},{"floor":35,"key":"SteroidPotion"}],"is_trial":false,"path_per_floor":["M","M","M","?","?","R","E","R","T","E","M","M","R","M","R","B",null,"M","M","M","M","?","R","M","R","T","M","M","R","E","M","R","B",null,"M","?","M","?","?","R","R","M","T","R","E","R","?","$","R","B",null],"character_chosen":"THE_STARBREAKER","items_purchased":[],"campfire_rested":3,"item_purchase_floors":[],"current_hp_per_floor":[58,58,53,41,41,41,36,36,36,33,33,33,33,35,35,29,71,68,64,63,60,60,60,60,60,60,65,46,46,47,41,80,8,83,82,78,78,78,78,78,78,54,54,54,16,58,57,57,91,71],"gold":41,"neow_bonus":"THREE_SMALL_POTIONS","is_daily":false,"chose_seed":false,"campfire_upgraded":10,"win_rate":0.0,"timestamp":1612247236,"path_taken":["M","M","M","?","?","R","E","R","T","E","M","M","R","M","R","BOSS","M","M","M","?","?","R","M","R","T","M","M","R","E","M","R","BOSS","M","?","M","?","?","R","R","M","T","R","E","R","?","$","R","BOSS"],"items_purchased_type":[],"build_version":"2020-12-22","purchased_purges":1,"victory":true,"max_hp_per_floor":[60,60,60,60,60,60,60,60,60,62,62,62,62,64,64,64,71,73,75,77,79,79,79,79,79,79,79,79,79,81,83,83,83,83,85,91,91,91,91,91,91,91,91,91,91,91,91,91,91,91],"card_choices":[{"not_picked":["Moonworks:ImOnFire","Moonworks:NicePresent"],"picked":"Moonworks:IndiscriminateFireSupport","floor":1},{"not_picked":["Moonworks:SelfDestruct","Moonworks:NicePresent"],"picked":"Moonworks:BigMagnum","floor":2},{"not_picked":["Moonworks:BigMagnum","Moonworks:CloudOfSeagulls"],"picked":"Moonworks:MiracleWalker","floor":3},{"not_picked":["Moonworks:LulusLuckyEgg","Moonworks:ImOnFire"],"picked":"Moonworks:MiracleRedBeanIceCream","floor":7},{"not_picked":["Moonworks:TacticalRetreat","Moonworks:TreasureThief","Moonworks:AwakeningOfTalent"],"picked":"Singing Bowl","floor":10},{"not_picked":["Moonworks:BeyondHell","Moonworks:LulusLuckyEgg"],"picked":"Moonworks:SinkOrSwim","floor":11},{"not_picked":["Moonworks:BigMagnum","Moonworks:SakisCookie"],"picked":"Moonworks:NicePresent","floor":12},{"not_picked":["Moonworks:CloudOfSeagulls","Moonworks:SweetBattle","Moonworks:UnpaidWork"],"picked":"Singing Bowl","floor":14},{"not_picked":["Moonworks:AccelHyper","Moonworks:SinkOrSwim"],"picked":"Moonworks:MetallicMonocoque","floor":16},{"not_picked":["Moonworks:DeployBits","Moonworks:JonathanRush","Moonworks:Assault"],"picked":"Singing Bowl","floor":17},{"not_picked":["Moonworks:x16BigRocket","Moonworks:DevilHand","Moonworks:JonathanRush"],"picked":"Singing Bowl","floor":18},{"not_picked":["Moonworks:EvilSpyWorkPreparation","Moonworks:LuckyCharm","Moonworks:BigMagnum"],"picked":"Singing Bowl","floor":19},{"not_picked":["Moonworks:CompletionReward","Moonworks:BigMagnum","Moonworks:RagingMadness"],"picked":"Singing Bowl","floor":20},{"not_picked":["Moonworks:IndiscriminateFireSupport","Moonworks:CompletionReward","Moonworks:Assault"],"picked":"Singing Bowl","floor":21},{"not_picked":["Moonworks:StiffCrystal+1","Moonworks:JonathanRush"],"picked":"Moonworks:SealedMemories+1","floor":24},{"not_picked":["Moonworks:SakisCookie+1","Moonworks:StiffCrystal+1","Moonworks:NicePresent+1"],"picked":"Moonworks:WeAreWaruda+1","floor":27},{"not_picked":["Moonworks:BigMagnum+1","Moonworks:CloudOfSeagulls","Moonworks:ImOnFire+1"],"picked":"Moonworks:NicePresent+1","floor":28},{"not_picked":["Moonworks:RedAndBlue+1","Moonworks:BigMagnum+1","Moonworks:UnpaidWork+1","Moonworks:CloudOfSeagulls"],"picked":"Singing Bowl","floor":30},{"not_picked":["Moonworks:Poppoformation+1","Moonworks:BigMagnum+1","Moonworks:Heat300Percent+1","Moonworks:FinalSurgery"],"picked":"Singing Bowl","floor":31},{"not_picked":["Moonworks:MeltingMemories","Moonworks:WeAreWaruda+1","Moonworks:EvilMastermind+1"],"picked":"Moonworks:AnotherUltimateWeapon","floor":33},{"not_picked":["Moonworks:JonathanRush","Moonworks:FinalSurgery","Moonworks:MixPhenomenon+1","Moonworks:CloudOfSeagulls"],"picked":"Singing Bowl","floor":35},{"not_picked":["Chrysalis+1","Madness+1","The Bomb+1","Swift Strike"],"picked":"Singing Bowl","floor":36},{"not_picked":["Thinking Ahead+1","Good Instincts+1","Bandage Up+1","Mind Blast"],"picked":"Singing Bowl","floor":36},{"not_picked":["Dramatic Entrance","Purity+1","Mind Blast","PanicButton+1"],"picked":"Singing Bowl","floor":36},{"not_picked":["Moonworks:Flamethrower+1","Moonworks:StiffCrystal+1","Moonworks:AwakeningOfTalent+1"],"picked":"Moonworks:ReproductionOfRecords+1","floor":37},{"not_picked":["Moonworks:IndiscriminateFireSupport+1","Moonworks:AngelHand+1","Moonworks:BigMagnum+1"],"picked":"Moonworks:ImOnFire+1","floor":42},{"not_picked":["Moonworks:BigMagnum+1","Moonworks:CompletionReward","Moonworks:ReproductionOfRecords+1"],"picked":"Moonworks:BindingChains+1","floor":45},{"not_picked":["Moonworks:EvilSpyWorkPreparation+1","Moonworks:IndiscriminateFireSupport+1","Moonworks:JonathanRush"],"picked":"Moonworks:NicePresent+1","floor":47}],"player_experience":891476,"relics_obtained":[{"floor":7,"key":"WingedGreaves"},{"floor":9,"key":"CaptainsWheel"},{"floor":10,"key":"Singing Bowl"},{"floor":22,"key":"Toxic Egg 2"},{"floor":26,"key":"Question Card"},{"floor":30,"key":"Regal Pillow"},{"floor":43,"key":"Juzu Bracelet"},{"floor":45,"key":"Nunchaku"},{"floor":47,"key":"StoneCalendar"}],"event_choices":[{"damage_healed":0,"gold_gain":0,"player_choice":"Entered Light","damage_taken":12,"max_hp_gain":0,"max_hp_loss":0,"event_name":"Shining Light","floor":4,"gold_loss":0,"cards_upgraded":["Moonworks:Strike","Moonworks:MiracleWalker"]},{"damage_healed":0,"gold_gain":0,"player_choice":"2 cards matched","damage_taken":0,"max_hp_gain":0,"max_hp_loss":0,"event_name":"Match and Keep!","floor":5,"gold_loss":0,"cards_obtained":["Moonworks:RedAndBlue","Moonworks:FinalSurgery"]},{"damage_healed":0,"gold_gain":0,"player_choice":"Relic","damage_taken":0,"max_hp_gain":0,"max_hp_loss":0,"event_name":"Wheel of Change","floor":22,"gold_loss":0},{"damage_healed":0,"gold_gain":0,"player_choice":"Memory 3","damage_taken":10,"max_hp_gain":0,"max_hp_loss":0,"event_name":"SensoryStone","floor":36,"gold_loss":0},{"damage_healed":0,"gold_gain":0,"player_choice":"Paid","damage_taken":0,"relics_obtained":["Red Mask"],"max_hp_gain":0,"max_hp_loss":0,"event_name":"Tomb of Lord Red Mask","floor":38,"gold_loss":73},{"cards_removed":["Moonworks:ReproductionOfRecords"],"damage_healed":0,"gold_gain":0,"player_choice":"Removed Skill","damage_taken":0,"max_hp_gain":0,"max_hp_loss":0,"event_name":"Falling","floor":39,"gold_loss":0},{"damage_healed":0,"gold_gain":0,"player_choice":"Fight","damage_taken":0,"max_hp_gain":0,"max_hp_loss":0,"event_name":"MindBloom","floor":47,"gold_loss":0}],"is_beta":false,"boss_relics":[{"not_picked":["Pandora\u0027s Box","Ectoplasm"],"picked":"Tiny House"},{"not_picked":["Runic Pyramid","Empty Cage"],"picked":"Cursed Key"}],"items_purged_floors":[48],"is_endless":false,"potions_floor_spawned":[10,11,16,20,21,24,28,33,35,37,42],"ascension_level":0}}