{"host":"eou1lapfs4ybncd8","time":1612295446,"event":{"mods":["BaseMod","Hubris","Infinite Spire","Minty Spire (QoL Compilation)","StSLib","The Clintock","The Cursed","The Druid","The Juggle","The Jungle"],"gold_per_floor":[110,120,134,84,84,84,99,99,99,99,114,66,66,93,93,196,196,214,214,214,248,261,261,261],"floor_reached":23,"language":"DEU","playtime":2064,"items_purged":[],"score":217,"play_id":"f788c3ef-a718-420f-b36d-97b079d84e28","local_time":"20210202205046","is_ascension_mode":true,"campfire_choices":[{"floor":6,"key":"REST"},{"data":"Prostrate","floor":8,"key":"SMITH"},{"floor":10,"key":"REST"},{"floor":15,"key":"REST"}],"circlet_count":0,"master_deck":["Strike_P","Strike_P","Strike_P","Strike_P","Defend_P","Defend_P","Defend_P","Eruption","Vigilance","Pray","Collect","Prostrate+1","Prostrate","Consecrate","Protect","Establishment","Prostrate","infinitespire:UltimateForm","hubris:InfiniteBlow+8","LikeWater","Protect"],"relics":["PureWater","NeowsBlessing","Bottled Lightning","hubris:SlimyHat","hubris:ScarierMask","Red Mask"],"acts_visited":["Exordium","TheCity"],"potions_floor_usage":[16,21,23,23],"damage_taken":[{"damage":0,"enemies":"Cultist","floor":1,"turns":1},{"damage":0,"enemies":"2 Louse","floor":2,"turns":1},{"damage":0,"enemies":"Small Slimes","floor":3,"turns":2},{"damage":29,"enemies":"Blue Slaver","floor":7,"turns":6},{"damage":0,"enemies":"Large Slime","floor":11,"turns":4},{"damage":52,"enemies":"3 Sentries","floor":14,"turns":13},{"damage":27,"enemies":"The Guardian","floor":16,"turns":15},{"damage":9,"enemies":"2 Thieves","floor":18,"turns":4},{"damage":35,"enemies":"Masked Bandits","floor":21,"turns":4},{"damage":1,"enemies":"Shell Parasite","floor":22,"turns":3},{"damage":15,"enemies":"Gremlin Leader","floor":23,"turns":5}],"seed_played":"6075622422927865188","potions_obtained":[{"floor":11,"key":"EssenceOfSteel"},{"floor":16,"key":"SkillPotion"},{"floor":21,"key":"LiquidBronze"},{"floor":22,"key":"BlessingOfTheForge"}],"is_trial":false,"path_per_floor":["M","M","M","?","?","R","M","R","T","R","M","$","?","E","R","B",null,"M","?","AVR","?","M","E"],"character_chosen":"WATCHER","items_purchased":["Consecrate"],"campfire_rested":3,"item_purchase_floors":[12],"current_hp_per_floor":[72,72,72,72,72,72,43,43,43,64,64,64,69,17,40,13,77,68,49,49,14,13,0,0],"gold":261,"neow_bonus":"THREE_ENEMY_KILL","is_daily":false,"chose_seed":false,"campfire_upgraded":1,"win_rate":0.0,"timestamp":1612295446,"path_taken":["M","M","M","?","?","R","?","R","T","R","M","$","?","E","R","BOSS","M","?","AVR","?","M","E"],"items_purchased_type":["Card"],"build_version":"2020-12-22","purchased_purges":0,"victory":false,"max_hp_per_floor":[72,72,72,72,72,72,72,72,72,72,72,72,77,77,77,77,77,77,77,77,77,77,77,77],"card_choices":[{"not_picked":["JustLucky","Halt"],"picked":"FlyingSleeves","floor":1},{"not_picked":["BowlingBash","InnerPeace"],"picked":"Pray","floor":2},{"not_picked":["ThirdEye","EmptyBody"],"picked":"Collect","floor":3},{"not_picked":["EmptyBody","FlurryOfBlows"],"picked":"Prostrate","floor":7},{"not_picked":["Halt","Meditate"],"picked":"Prostrate","floor":11},{"not_picked":["ForeignInfluence","EmptyBody"],"picked":"Protect","floor":14},{"not_picked":["DeusExMachina","LessonLearned"],"picked":"Establishment","floor":16},{"not_picked":["EmptyFist","JustLucky"],"picked":"Prostrate","floor":18},{"not_picked":["infinitespire:FinalStrike","infinitespire:Gouge"],"picked":"infinitespire:UltimateForm","floor":19},{"not_picked":["CrushJoints+1","Consecrate+1"],"picked":"LikeWater","floor":21},{"not_picked":["Evaluate+1","Meditate"],"picked":"Protect","floor":22}],"player_experience":391811,"relics_obtained":[{"floor":9,"key":"Bottled Lightning"},{"floor":14,"key":"hubris:SlimyHat"},{"floor":21,"key":"Red Mask"}],"event_choices":[{"cards_removed":["FlyingSleeves"],"damage_healed":0,"gold_gain":0,"player_choice":"Card Removal","damage_taken":0,"max_hp_gain":0,"max_hp_loss":0,"event_name":"The Cleric","floor":4,"gold_loss":50},{"cards_removed":["Defend_P"],"damage_healed":0,"gold_gain":0,"player_choice":"Purged","damage_taken":0,"max_hp_gain":0,"max_hp_loss":0,"event_name":"Purifier","floor":5,"gold_loss":0},{"damage_healed":0,"gold_gain":0,"player_choice":"Donut","damage_taken":0,"max_hp_gain":5,"max_hp_loss":0,"event_name":"Big Fish","floor":13,"gold_loss":0},{"damage_healed":0,"gold_gain":0,"player_choice":"Fought Bandits","damage_taken":0,"max_hp_gain":0,"max_hp_loss":0,"event_name":"Masked Bandits","floor":21,"gold_loss":0}],"is_beta":false,"boss_relics":[{"not_picked":["hubris:VirtuousBlindfold","hubris:CrackedHourglass"],"picked":"hubris:ScarierMask"}],"items_purged_floors":[],"is_endless":false,"potions_floor_spawned":[11,16,21,22],"killed_by":"Gremlin Leader","ascension_level":3}}