{"host":"ez9lh5a3k31ytd04","time":1612254592,"event":{"mods":["Act Like it!","Arknights","Aspiration","BaseMod","Conspire","Downfall","Energized Spire","Jedi Mod","Minty Spire (QoL Compilation)","Quarter Circle Forward PUNCH!","Quick Restart","Relic Filter Mod","Reliquary","Replay The Spire","Spicy Shops","StSLib","TestMod","¡¾ÒÅÎï¿¨ÅÆ¡¿REMEMod"],"gold_per_floor":[112,112,128,98,114,139,64,64,91,120,132,150,150,160,160,262,262,273,283,283,28,46,70,70,89,89,122,131,162,162,174,174,278,278,287,287,287,287,162,188,204,235,283,314,314,347,347,359,359,359],"floor_reached":51,"language":"ZHS","playtime":2837,"items_purged":["Defend_R","Strike_R","conspire:Purge"],"score":1389,"play_id":"94045fe0-7361-4b7c-8fc0-e08dc4113224","local_time":"20210202162952","is_ascension_mode":true,"campfire_choices":[{"data":"Searing Blow","floor":8,"key":"SMITH"},{"data":"Searing Blow+1","floor":13,"key":"SMITH"},{"data":"Searing Blow+2","floor":15,"key":"SMITH"},{"data":"Searing Blow+3","floor":24,"key":"SMITH"},{"data":"Searing Blow+5","floor":30,"key":"SMITH"},{"data":"Searing Blow+7","floor":32,"key":"SMITH"},{"data":"Searing Blow+9","floor":45,"key":"SMITH"},{"data":"Searing Blow+10","floor":47,"key":"SMITH"},{"data":"Searing Blow+11","floor":49,"key":"SMITH"}],"circlet_count":0,"master_deck":["Bash","DeusExMachina","Searing Blow+12","Pommel Strike","Shrug It Off","Armaments+1","Clash","Twin Strike+1","Clash","ReplayTheSpireMod:Corrosion Curse+1","Shrug It Off+1","Clash+1","ReplayTheSpireMod:Corrosion Curse+1","REME_Scribble"],"relics":["Burning Blood","testmod-TestBox","REME_ComplimentaryCards","testmod-PortableAltar","Potion Belt","Boot","qcfpunch:Broken_Tusk","energizedSpire:DeadBattery","aspiration:RitualStick","testmod-Charity","Gambling Chip","Divine Protection","reliquary:Buckler","qcfpunch:Necklace_of_Skulls","reliquary:RedCape","Strawberry","Question Card","reliquary:Boomerang","reliquary:PrincelyHelmet","InkBottle"],"acts_visited":["Exordium","TheCity","TheBeyond"],"potions_floor_usage":[5,6,12,16,22,22,33,33,33,50,50,50,50],"damage_taken":[{"damage":12,"enemies":"conspire:RoseBush","floor":1,"turns":3},{"damage":4,"enemies":"Cultist","floor":3,"turns":3},{"damage":2,"enemies":"Small Slimes","floor":5,"turns":3},{"damage":39,"enemies":"Lagavulin","floor":6,"turns":6},{"damage":2,"enemies":"Replay:BlueRogue","floor":10,"turns":4},{"damage":1,"enemies":"Exordium Wildlife","floor":11,"turns":3},{"damage":1,"enemies":"2 Fungi Beasts","floor":12,"turns":3},{"damage":1,"enemies":"Blue Slaver","floor":14,"turns":3},{"damage":39,"enemies":"Fading Forest","floor":16,"turns":11},{"damage":5,"enemies":"2 Thieves","floor":18,"turns":3},{"damage":5,"enemies":"Chosen","floor":19,"turns":2},{"damage":0,"enemies":"3 Cultists","floor":22,"turns":2},{"damage":5,"enemies":"Gremlin Leader","floor":23,"turns":4},{"damage":0,"enemies":"Centurion and Healer","floor":25,"turns":2},{"damage":4,"enemies":"Replay:Snechameleon","floor":27,"turns":6},{"damage":0,"enemies":"Snake Plant","floor":28,"turns":2},{"damage":0,"enemies":"conspire:Head Lice","floor":29,"turns":2},{"damage":0,"enemies":"Shelled Parasite and Fungi","floor":31,"turns":2},{"damage":10,"enemies":"Champ","floor":33,"turns":4},{"damage":0,"enemies":"3 Shapes","floor":35,"turns":1},{"damage":0,"enemies":"R_Hoarder","floor":40,"turns":4},{"damage":0,"enemies":"Orb Walker","floor":41,"turns":1},{"damage":0,"enemies":"Nemesis","floor":42,"turns":1},{"damage":0,"enemies":"Reptomancer","floor":44,"turns":2},{"damage":0,"enemies":"Giant Head","floor":46,"turns":3},{"damage":0,"enemies":"Maw","floor":48,"turns":3},{"damage":42,"enemies":"conspire:OrnateMirror","floor":50,"turns":3}],"seed_played":"-4194246666855450480","potions_obtained":[{"floor":1,"key":"Explosive Potion"},{"floor":4,"key":"jedi:StrikingPotion"},{"floor":4,"key":"EssenceOfSteel"},{"floor":10,"key":"Flashbang"},{"floor":12,"key":"testmod-SpacePotion"},{"floor":14,"key":"champ:CounterPotion"},{"floor":16,"key":"Explosive Potion"},{"floor":18,"key":"Toxic Potion"},{"floor":23,"key":"Weak Potion"},{"floor":25,"key":"FairyPotion"},{"floor":29,"key":"Venom Potion"},{"floor":31,"key":"ElixirPotion"},{"floor":35,"key":"ColorlessPotion"},{"floor":40,"key":"Explosive Potion"},{"floor":42,"key":"Languid Potion"},{"floor":48,"key":"Languid Potion"}],"is_trial":false,"path_per_floor":["M","?","M","?","M","E","$","R","T","E","M","M","R","M","R","B",null,"M","M","?","$","M","E","R","M","T","E","M","E","R","M","R","B",null,"M","?","?","?","$","E","M","E","T","E","R","E","R","M","R","B",null],"character_chosen":"IRONCLAD","items_purchased":["testmod-Charity"],"campfire_rested":0,"item_purchase_floors":[21],"current_hp_per_floor":[74,74,76,76,80,47,47,47,47,51,56,61,61,66,66,41,64,65,66,52,52,59,61,61,66,65,65,65,65,64,64,63,59,61,62,61,57,56,55,62,62,62,62,64,63,65,64,66,65,31],"gold":359,"neow_bonus":"TEN_PERCENT_HP_BONUS","is_daily":false,"chose_seed":false,"campfire_upgraded":9,"win_rate":0.0,"timestamp":1612254592,"path_taken":["M","?","M","?","M","E","$","R","T","E","M","M","R","M","R","BOSS","M","?","?","$","M","E","R","M","T","E","M","E","R","M","R","BOSS","M","?","?","?","$","E","M","E","T","E","R","E","R","M","R","BOSS"],"items_purchased_type":["Relic"],"build_version":"2020-12-22","purchased_purges":3,"victory":true,"max_hp_per_floor":[87,86,85,84,83,82,81,80,79,78,77,76,75,74,73,72,71,70,69,68,67,67,67,66,66,65,65,65,65,64,64,63,63,62,62,61,57,56,55,62,62,62,62,64,63,65,64,66,65,67],"card_choices":[{"not_picked":["True Grit","Perfected Strike","Havoc"],"picked":"SKIP","floor":1},{"not_picked":["Clothesline","Flex"],"picked":"Searing Blow","floor":3},{"not_picked":["Bloodletting","Cleave","Dual Wield"],"picked":"SKIP","floor":5},{"not_picked":["REME_FearOfPain","Rupture"],"picked":"Pommel Strike","floor":6},{"not_picked":["Clothesline","Replay:Undeath\u0027s Touch"],"picked":"Shrug It Off","floor":10},{"not_picked":["Burning Pact","Replay:Many Hands"],"picked":"Armaments","floor":11},{"not_picked":["Anger","True Grit","Dark Embrace"],"picked":"SKIP","floor":12},{"not_picked":["Heavy Blade","Warcry"],"picked":"Clash","floor":14},{"not_picked":["Juggernaut","Bludgeon"],"picked":"conspire:Purge","floor":16},{"not_picked":["Replay:Undeath\u0027s Touch","Wild Strike"],"picked":"Twin Strike+1","floor":18},{"not_picked":["Intimidate","Warcry"],"picked":"Clash","floor":19},{"not_picked":["Cleave+1","Perfected Strike","Shrug It Off"],"picked":"SKIP","floor":22},{"not_picked":["Whirlwind","Searing Blow","Exhume"],"picked":"SKIP","floor":23},{"not_picked":["Carnage+1","Havoc","Rage"],"picked":"SKIP","floor":25},{"not_picked":["Rupture","Wild Strike+1"],"picked":"ReplayTheSpireMod:Corrosion Curse+1","floor":27},{"not_picked":["Uppercut","conspire:ExplosiveBarrier+1","True Grit+1"],"picked":"SKIP","floor":28},{"not_picked":["jedi:fear","Pommel Strike"],"picked":"Shrug It Off+1","floor":29},{"not_picked":["Fire Breathing","REME_FearOfPain"],"picked":"Clash+1","floor":31},{"not_picked":["Bloodletting+1","Flex"],"picked":"ReplayTheSpireMod:Corrosion Curse+1","floor":35},{"not_picked":["Perfected Strike+1","ReplayTheSpireMod:Stacked+1","ReplayReversal+1"],"picked":"SKIP","floor":40},{"not_picked":["Hemokinesis","ReplayTheSpireMod:Strike From Hell+1","Heavy Blade"],"picked":"SKIP","floor":41},{"not_picked":["Entrench+1","Heavy Blade"],"picked":"REME_Scribble","floor":42},{"not_picked":["jedi:collectorstrike","Fire Breathing","conspire:ExplosiveBarrier","Shrug It Off+1"],"picked":"SKIP","floor":44},{"not_picked":["Havoc+1","Heavy Blade+1","jedi:fear","Twin Strike+1"],"picked":"SKIP","floor":46},{"not_picked":["Evolve","Twin Strike","Ghostly Armor","Inflame"],"picked":"SKIP","floor":48}],"player_experience":53566,"relics_obtained":[{"floor":6,"key":"Potion Belt"},{"floor":9,"key":"Boot"},{"floor":10,"key":"qcfpunch:Broken_Tusk"},{"floor":23,"key":"Gambling Chip"},{"floor":26,"key":"Divine Protection"},{"floor":27,"key":"reliquary:Buckler"},{"floor":29,"key":"qcfpunch:Necklace_of_Skulls"},{"floor":40,"key":"Strawberry"},{"floor":42,"key":"Question Card"},{"floor":43,"key":"reliquary:Boomerang"},{"floor":44,"key":"reliquary:PrincelyHelmet"},{"floor":46,"key":"InkBottle"}],"event_choices":[{"cards_removed":["Strike_R"],"damage_healed":0,"gold_gain":0,"player_choice":"Forget","damage_taken":0,"max_hp_gain":0,"max_hp_loss":0,"event_name":"Living Wall","floor":2,"gold_loss":0},{"damage_healed":0,"gold_gain":0,"player_choice":"Bought 2 Potions","damage_taken":0,"max_hp_gain":0,"max_hp_loss":0,"event_name":"The Woman in Blue","floor":4,"gold_loss":0},{"damage_healed":0,"gold_gain":0,"player_choice":"Ignored","damage_taken":0,"max_hp_gain":0,"max_hp_loss":0,"event_name":"Tomb of Lord Red Mask","floor":36,"gold_loss":0},{"damage_healed":0,"gold_gain":0,"player_choice":"Max HP","damage_taken":0,"max_hp_gain":0,"max_hp_loss":3,"event_name":"Winding Halls","floor":37,"gold_loss":0},{"damage_healed":0,"gold_gain":0,"player_choice":"Leave","damage_taken":0,"max_hp_gain":0,"max_hp_loss":0,"event_name":"conspire:Investor","floor":38,"gold_loss":0}],"is_beta":false,"boss_relics":[{"not_picked":["aspiration:WatcherSkillbook","Fusion Hammer"],"picked":"energizedSpire:DeadBattery"},{"not_picked":["Replay:Wanted Poster","energizedSpire:TabascoSauce"],"picked":"reliquary:RedCape"}],"items_purged_floors":[7,21,39],"is_endless":false,"potions_floor_spawned":[1,10,12,14,16,18,23,25,29,31,35,40,42,48],"ascension_level":7}}