{"host":"sup1rd0ujr5jgopq","time":1612233481,"event":{"mods":["BaseMod","Colored Map","Minty Spire (QoL Compilation)","StSLib"],"gold_per_floor":[111,122,47,57,71,71,101,112,137,150,150,150,163,16,16,16,16],"floor_reached":16,"playtime":701,"items_purged":["Shame"],"score":104,"play_id":"747ac558-5b0f-4f21-ac14-385abfd961d5","local_time":"20210201213801","is_ascension_mode":false,"campfire_choices":[{"data":"Entrench","floor":6,"key":"SMITH"},{"data":"Dark Embrace","floor":11,"key":"SMITH"},{"data":"Body Slam","floor":15,"key":"SMITH"}],"circlet_count":0,"master_deck":["Strike_R","Strike_R","Strike_R","Strike_R","Defend_R","Defend_R","Defend_R","Defend_R","Bash","Shockwave","Dark Embrace+1","Twin Strike","Entrench+1","Headbutt","Body Slam+1","True Grit","True Grit","Battle Trance"],"relics":["Burning Blood","StoneCalendar","Juzu Bracelet","Nunchaku"],"acts_visited":["Exordium"],"potions_floor_usage":[13,16,16],"damage_taken":[{"damage":1,"enemies":"Cultist","floor":1,"turns":3},{"damage":6,"enemies":"Small Slimes","floor":2,"turns":4},{"damage":2,"enemies":"2 Louse","floor":4,"turns":3},{"damage":4,"enemies":"Looter","floor":5,"turns":3},{"damage":29,"enemies":"Lagavulin","floor":7,"turns":7},{"damage":26,"enemies":"Exordium Thugs","floor":8,"turns":5},{"damage":16,"enemies":"2 Fungi Beasts","floor":10,"turns":4},{"damage":1,"enemies":"Lots of Slimes","floor":13,"turns":6},{"damage":33,"enemies":"The Guardian","floor":16,"turns":11}],"seed_played":"-539047375457077097","potions_obtained":[{"floor":4,"key":"ElixirPotion"},{"floor":10,"key":"AttackPotion"}],"is_trial":false,"path_per_floor":["M","M","$","M","M","R","E","M","T","M","R","?","M","$","R","B"],"character_chosen":"IRONCLAD","items_purchased":["DistilledChaos","Battle Trance"],"campfire_rested":0,"item_purchase_floors":[14,14],"current_hp_per_floor":[80,80,80,80,80,80,57,37,37,27,27,20,25,25,25,0,0],"gold":16,"neow_bonus":"ONE_RARE_RELIC","is_daily":false,"chose_seed":false,"campfire_upgraded":3,"win_rate":0.0,"timestamp":1612233481,"path_taken":["M","?","$","M","M","R","E","M","T","M","R","?","M","$","R","BOSS"],"items_purchased_type":["Potion","Card"],"build_version":"2020-12-13","purchased_purges":1,"victory":false,"max_hp_per_floor":[80,80,80,80,80,80,80,80,80,80,80,80,80,80,80,80,80],"card_choices":[{"not_picked":["Cleave","Thunderclap"],"picked":"Shockwave","floor":1},{"not_picked":["Clothesline","Cleave"],"picked":"Dark Embrace","floor":2},{"not_picked":["Perfected Strike","Anger"],"picked":"Twin Strike","floor":4},{"not_picked":["Flex","Reckless Charge"],"picked":"Entrench","floor":5},{"not_picked":["Shrug It Off","Pommel Strike"],"picked":"Headbutt","floor":7},{"not_picked":["Corruption","Warcry"],"picked":"Body Slam","floor":8},{"not_picked":["Anger","Headbutt"],"picked":"True Grit","floor":10},{"not_picked":["Thunderclap","Flex"],"picked":"True Grit","floor":13}],"player_experience":1716,"relics_obtained":[{"floor":7,"key":"Juzu Bracelet"},{"floor":9,"key":"Nunchaku"}],"event_choices":[{"cards_removed":["Strike_R"],"damage_healed":0,"gold_gain":0,"player_choice":"Card Removal","damage_taken":7,"max_hp_gain":0,"max_hp_loss":0,"event_name":"Golden Wing","floor":12,"gold_loss":0}],"is_beta":false,"boss_relics":[],"items_purged_floors":[3],"is_endless":false,"potions_floor_spawned":[4,10],"killed_by":"The Guardian","ascension_level":0}}