{"host":"362zhnvmfmhc3u7b","time":1612243496,"event":{"mods":["BaseMod","Colored Powertips","Downfall","Minty Spire (QoL Compilation)","Quick Restart","Rare Cards Sparkle","StSLib"],"gold_per_floor":[114,129,129,144,159,159,159,174,174,204,204,54,69,84,84,184,184,199,199,199,214,229,259,259,274,274,374,374,389,404,132,132,232,232,267,267,282,317,332,362,362,397,397,397,122,137,137,0,0,0],"floor_reached":51,"language":"ENG","playtime":2381,"items_purged":["Decay","Writhe","Regret"],"score":903,"play_id":"98601e00-accc-4762-a15b-f748b5a616db","local_time":"20210202002456","daily_mods":["SealedDeck","Uncertain Future","Lethality"],"is_ascension_mode":false,"campfire_choices":[{"data":"Body Slam","floor":6,"key":"SMITH"},{"data":"True Grit","floor":11,"key":"SMITH"},{"data":"Heavy Blade","floor":15,"key":"SMITH"},{"data":"Limit Break","floor":24,"key":"SMITH"},{"data":"True Grit","floor":28,"key":"SMITH"},{"data":"Whirlwind","floor":32,"key":"SMITH"},{"data":"Deep Breath","floor":41,"key":"SMITH"},{"data":"Immolate","floor":44,"key":"SMITH"},{"data":"Demon Form","floor":49,"key":"SMITH"}],"circlet_count":0,"master_deck":["Heavy Blade+1","Cleave","Pommel Strike","Wild Strike","Hemokinesis","True Grit+1","Ghostly Armor","Armaments+1","Body Slam+1","Shrug It Off","Power Through","Battle Trance","Clothesline","Pommel Strike","Impervious","True Grit+1","Inflame","Thunderclap","Whirlwind+1","Immolate+1","Body Slam+1","Necronomicurse","Metallicize","Limit Break+1","Shrug It Off","Clumsy","Clumsy","Heavy Blade+1","HandOfGreed","Feed","Flex+1","Violence","Deep Breath+1","Parasite","Ghostly Armor+1","Shockwave+1","Demon Form+1","Parasite","Limit Break+1","Fire Breathing"],"relics":["Burning Blood","downfall:ExtraCursedKey","Paper Frog","Ornamental Fan","Black Star","Necronomicon","Shuriken","Strawberry","champ:DeflectingBracers","SlaversCollar","Torii","Pen Nib","Lizard Tail","DollysMirror","Red Mask"],"acts_visited":["Exordium","TheCity","TheBeyond"],"potions_floor_usage":[16,22,25,50],"damage_taken":[{"damage":0,"enemies":"Cultist","floor":1,"turns":2},{"damage":0,"enemies":"Small Slimes","floor":2,"turns":2},{"damage":2,"enemies":"2 Louse","floor":4,"turns":1},{"damage":0,"enemies":"Blue Slaver","floor":5,"turns":3},{"damage":0,"enemies":"Looter","floor":8,"turns":2},{"damage":3,"enemies":"Lagavulin","floor":10,"turns":4},{"damage":4,"enemies":"Exordium Thugs","floor":13,"turns":3},{"damage":0,"enemies":"Exordium Wildlife","floor":14,"turns":2},{"damage":0,"enemies":"Slime Boss","floor":16,"turns":3},{"damage":2,"enemies":"Chosen","floor":18,"turns":3},{"damage":4,"enemies":"Shell Parasite","floor":21,"turns":2},{"damage":7,"enemies":"Snake Plant","floor":22,"turns":3},{"damage":0,"enemies":"Gremlin Leader","floor":23,"turns":3},{"damage":13,"enemies":"Snecko","floor":25,"turns":3},{"damage":5,"enemies":"Cultist and Chosen","floor":29,"turns":3},{"damage":0,"enemies":"Shelled Parasite and Fungi","floor":30,"turns":2},{"damage":23,"enemies":"Automaton","floor":33,"turns":5},{"damage":0,"enemies":"Orb Walker","floor":35,"turns":2},{"damage":5,"enemies":"3 Shapes","floor":37,"turns":2},{"damage":3,"enemies":"Writhing Mass","floor":38,"turns":3},{"damage":22,"enemies":"Spire Growth","floor":39,"turns":5},{"damage":12,"enemies":"Giant Head","floor":40,"turns":5},{"damage":22,"enemies":"Jaw Worm Horde","floor":42,"turns":3},{"damage":0,"enemies":"4 Shapes","floor":46,"turns":5},{"damage":20,"enemies":"Donu and Deca","floor":50,"turns":4}],"seed_played":"-9070903199233054170","potions_obtained":[{"floor":1,"key":"Ancient Potion"},{"floor":5,"key":"CultistPotion"},{"floor":10,"key":"BloodPotion"},{"floor":18,"key":"SteroidPotion"},{"floor":25,"key":"FearPotion"},{"floor":29,"key":"bronze:BurnAndBuffPotion"},{"floor":35,"key":"FairyPotion"}],"is_trial":false,"path_per_floor":["M","M","?","M","M","R","?","M","T","E","R","$","M","M","R","B",null,"M","?","?","M","M","E","R","M","T","?","R","M","M","$","R","B",null,"M","?","M","M","M","E","R","M","T","R","$","M","?","?","R","B",null],"character_chosen":"IRONCLAD","items_purchased":["Inflame","HandOfGreed","DollysMirror"],"campfire_rested":0,"item_purchase_floors":[12,31,45],"current_hp_per_floor":[80,80,80,80,80,80,80,80,80,80,80,80,80,80,80,80,80,80,65,49,51,67,80,80,73,73,73,73,74,80,80,80,63,92,92,87,88,91,75,69,69,56,56,56,56,65,65,65,65,51],"gold":0,"neow_bonus":"","is_daily":true,"chose_seed":false,"campfire_upgraded":9,"win_rate":0.0,"timestamp":1612243496,"path_taken":["M","?","?","M","M","R","?","M","T","E","R","$","M","M","R","BOSS","M","?","?","M","M","E","R","M","T","?","R","M","M","$","R","BOSS","M","?","M","M","M","E","R","M","T","R","$","M","?","?","R","BOSS"],"items_purchased_type":["Card","Card","Relic"],"build_version":"2020-12-22","purchased_purges":3,"victory":true,"max_hp_per_floor":[80,80,80,80,80,80,80,80,80,80,80,80,80,80,80,80,80,80,85,85,85,85,92,92,92,92,92,92,92,92,92,92,92,92,92,92,92,92,92,92,92,95,95,95,95,98,93,93,93,93],"card_choices":[{"not_picked":["Carnage","Iron Wave"],"picked":"Power Through","floor":1},{"not_picked":["Combust","Sever Soul"],"picked":"Battle Trance","floor":2},{"not_picked":["Ghostly Armor","Armaments"],"picked":"Clothesline","floor":4},{"not_picked":["Reckless Charge","Perfected Strike"],"picked":"Pommel Strike","floor":5},{"not_picked":["Pommel Strike","Heavy Blade"],"picked":"Impervious","floor":8},{"not_picked":["Iron Wave","Perfected Strike"],"picked":"True Grit","floor":10},{"not_picked":["Heavy Blade","Entrench"],"picked":"Thunderclap","floor":13},{"not_picked":["Pummel","Sentinel"],"picked":"Whirlwind","floor":14},{"not_picked":["Double Tap","Feed"],"picked":"Immolate","floor":16},{"not_picked":["Wild Strike+1","Sword Boomerang"],"picked":"Body Slam+1","floor":18},{"not_picked":["Havoc","Blood for Blood"],"picked":"Metallicize","floor":21},{"not_picked":["Pummel","Cleave","Battle Trance"],"picked":"SKIP","floor":22},{"not_picked":["Cleave","Bloodletting"],"picked":"Limit Break","floor":23},{"not_picked":["Reckless Charge+1","Headbutt"],"picked":"Shrug It Off","floor":25},{"not_picked":["Hemokinesis","Pommel Strike+1","Anger"],"picked":"SKIP","floor":29},{"not_picked":["Thunderclap","Shrug It Off"],"picked":"Heavy Blade+1","floor":30},{"not_picked":["Corruption","Immolate"],"picked":"Feed","floor":33},{"not_picked":["Iron Wave+1","Blood for Blood"],"picked":"Flex+1","floor":35},{"not_picked":["PanicButton","Flash of Steel"],"picked":"Violence","floor":36},{"not_picked":["Thinking Ahead","HandOfGreed"],"picked":"Deep Breath","floor":36},{"not_picked":["Rage","Flex","Iron Wave"],"picked":"SKIP","floor":37},{"not_picked":["Body Slam","Rupture"],"picked":"Ghostly Armor+1","floor":38},{"not_picked":["Headbutt","Heavy Blade+1"],"picked":"Shockwave+1","floor":39},{"not_picked":["Body Slam+1","Warcry+1"],"picked":"Demon Form","floor":40},{"not_picked":["Combust","Flex","Thunderclap"],"picked":"SKIP","floor":42},{"not_picked":["Battle Trance+1","Headbutt+1"],"picked":"Fire Breathing","floor":46}],"player_experience":1822505,"relics_obtained":[{"floor":9,"key":"Paper Frog"},{"floor":10,"key":"Ornamental Fan"},{"floor":20,"key":"Necronomicon"},{"floor":23,"key":"Shuriken"},{"floor":23,"key":"Strawberry"},{"floor":26,"key":"champ:DeflectingBracers"},{"floor":40,"key":"Torii"},{"floor":40,"key":"Pen Nib"},{"floor":43,"key":"Lizard Tail"}],"event_choices":[{"damage_healed":0,"gold_gain":0,"player_choice":"Grow","damage_taken":0,"max_hp_gain":0,"max_hp_loss":0,"event_name":"Living Wall","floor":3,"gold_loss":0,"cards_upgraded":["Armaments"]},{"damage_healed":0,"gold_gain":0,"player_choice":"Shed Blood","damage_taken":20,"max_hp_gain":5,"max_hp_loss":0,"event_name":"Forgotten Altar","floor":19,"gold_loss":0},{"damage_healed":0,"gold_gain":0,"player_choice":"Obtained Book","damage_taken":16,"max_hp_gain":0,"max_hp_loss":0,"event_name":"Cursed Tome","floor":20,"gold_loss":0},{"damage_healed":0,"gold_gain":100,"player_choice":"Pray","damage_taken":0,"max_hp_gain":0,"max_hp_loss":0,"event_name":"Golden Shrine","floor":27,"gold_loss":0},{"damage_healed":0,"gold_gain":0,"player_choice":"Memory 2","damage_taken":5,"max_hp_gain":0,"max_hp_loss":0,"event_name":"SensoryStone","floor":36,"gold_loss":0},{"damage_healed":0,"gold_gain":0,"player_choice":"Max HP","damage_taken":0,"max_hp_gain":0,"max_hp_loss":5,"event_name":"Winding Halls","floor":47,"gold_loss":0},{"damage_healed":0,"gold_gain":0,"player_choice":"Paid","damage_taken":0,"relics_obtained":["Red Mask"],"max_hp_gain":0,"max_hp_loss":0,"event_name":"Tomb of Lord Red Mask","floor":48,"gold_loss":137}],"is_beta":false,"boss_relics":[{"not_picked":["Snecko Eye","bronze:MakeshiftBattery"],"picked":"Black Star"},{"not_picked":["Velvet Choker","sneckomod:SneckoTalon"],"picked":"SlaversCollar"}],"items_purged_floors":[12,31,45],"is_endless":false,"potions_floor_spawned":[1,5,10,18,25,29,35,37,46],"ascension_level":0}}