{"host":"wn5psrz55l2vtftw","time":1612254746,"event":{"mods":["BaseMod","Colored Powertips","Good Game Mod","Minty Spire (QoL Compilation)","Relic Filter Mod","Spicy Shops","StSLib","UnlockEverythingMod"],"gold_per_floor":[117,67,79,154,166,166,185,211,211,55,55,5,280,306,306,411,411,423,423,114,134,147,147,164,193,220,235,260,260,88,101,101,202,202,214,55,105,121,396,424,166,166,166,166,198,215,215,225,225,225],"floor_reached":51,"language":"ZHS","playtime":2162,"items_purged":["Injury","Defend_R","Regret","Strike_R","Defend_R","Defend_R","Regret"],"score":858,"play_id":"24fbef84-befb-45a3-a1f9-be13f163799c","local_time":"20210202163226","is_ascension_mode":false,"campfire_choices":[{"data":"Shrug It Off","floor":6,"key":"SMITH"},{"data":"Bash","floor":15,"key":"SMITH"},{"data":"Mayhem","floor":23,"key":"SMITH"},{"data":"1","floor":29,"key":"LIFT"},{"data":"2","floor":32,"key":"LIFT"},{"data":"3","floor":42,"key":"LIFT"},{"data":"Finesse","floor":44,"key":"SMITH"},{"data":"Heavy Blade","floor":47,"key":"SMITH"},{"floor":49,"key":"RECALL"}],"circlet_count":0,"master_deck":["Strike_R","Strike_R","Strike_R","Defend_R+1","Bash+1","Hyperbeam+1","Warcry","Thunderclap","Shrug It Off+1","Clash","Spot Weakness","Limit Break+1","Mayhem+1","Shockwave","Shrug It Off","Uppercut+1","Flash of Steel","Shrug It Off+1","Finesse+1","Inflame+1","Entrench+1","Heavy Blade+1","Heavy Blade"],"relics":["Burning Blood","REME:ComplimentaryCards","NeowsBlessing","Gremlin Horn","Membership Card","Bottled Flame","Philosopher\u0027s Stone","War Paint","Red Mask","Oddly Smooth Stone","Girya","Centennial Puzzle","SlaversCollar","Incense Burner","Pocketwatch","Anchor","Vajra","Shuriken","Toy Ornithopter"],"acts_visited":["Exordium","TheCity","TheBeyond"],"potions_floor_usage":[16,16],"damage_taken":[{"damage":0,"enemies":"2 Louse","floor":1,"turns":1},{"damage":0,"enemies":"Small Slimes","floor":3,"turns":1},{"damage":0,"enemies":"Jaw Worm","floor":5,"turns":1},{"damage":0,"enemies":"3 Louse","floor":7,"turns":1},{"damage":21,"enemies":"Lagavulin","floor":8,"turns":5},{"damage":22,"enemies":"Gremlin Nob","floor":14,"turns":4},{"damage":35,"enemies":"The Guardian","floor":16,"turns":6},{"damage":13,"enemies":"Spheric Guardian","floor":18,"turns":3},{"damage":6,"enemies":"2 Thieves","floor":21,"turns":2},{"damage":9,"enemies":"3 Cultists","floor":22,"turns":3},{"damage":4,"enemies":"Snake Plant","floor":24,"turns":4},{"damage":0,"enemies":"Masked Bandits","floor":25,"turns":1},{"damage":10,"enemies":"Snecko","floor":27,"turns":4},{"damage":0,"enemies":"Slavers","floor":28,"turns":1},{"damage":0,"enemies":"Centurion and Healer","floor":31,"turns":2},{"damage":23,"enemies":"Champ","floor":33,"turns":7},{"damage":3,"enemies":"Orb Walker","floor":35,"turns":3},{"damage":27,"enemies":"2 Orb Walkers","floor":37,"turns":5},{"damage":0,"enemies":"3 Shapes","floor":38,"turns":1},{"damage":1,"enemies":"Reptomancer","floor":40,"turns":3},{"damage":0,"enemies":"Giant Head","floor":45,"turns":5},{"damage":0,"enemies":"3 Darklings","floor":46,"turns":1},{"damage":0,"enemies":"Jaw Worm Horde","floor":48,"turns":2},{"damage":11,"enemies":"Awakened One","floor":50,"turns":4}],"seed_played":"-8895587452615819191","potions_obtained":[{"floor":1,"key":"SkillPotion"},{"floor":14,"key":"SpeedPotion"},{"floor":16,"key":"CultistPotion"},{"floor":18,"key":"GamblersBrew"},{"floor":22,"key":"ColorlessPotion"},{"floor":25,"key":"DuplicationPotion"}],"is_trial":false,"path_per_floor":["M","?","M","?","M","R","M","E","T","$","?","$","?","E","R","B",null,"M","?","$","M","M","R","M","?","T","M","E","R","$","M","R","B",null,"M","$","?","M","?","E","$","R","T","R","E","M","R","M","R","B",null],"character_chosen":"IRONCLAD","items_purchased":["Membership Card","Spot Weakness","War Paint","Mayhem","Centennial Puzzle","Flash of Steel","Finesse","Anchor","Vajra"],"campfire_rested":0,"item_purchase_floors":[10,10,20,20,30,30,36,41,41],"current_hp_per_floor":[80,80,80,69,75,75,80,65,65,65,65,65,65,49,49,20,80,73,73,73,73,70,70,72,78,78,74,80,80,80,80,80,63,80,80,80,59,65,65,70,70,70,70,70,76,80,80,80,80,75],"gold":225,"neow_bonus":"THREE_ENEMY_KILL","is_daily":false,"chose_seed":false,"campfire_upgraded":5,"win_rate":0.0,"timestamp":1612254746,"path_taken":["M","?","M","?","M","R","M","E","T","$","?","?","?","E","R","BOSS","M","?","$","?","M","R","M","?","T","M","E","R","$","M","R","BOSS","M","$","?","M","?","E","$","R","T","R","E","M","R","M","R","BOSS"],"items_purchased_type":["Relic","Card","Relic","Card","Relic","Card","Card","Relic","Relic"],"build_version":"2020-12-22","purchased_purges":7,"victory":true,"max_hp_per_floor":[80,80,80,80,80,80,80,80,80,80,80,80,80,80,80,80,80,80,80,80,80,80,80,80,80,80,80,80,80,80,80,80,80,80,80,80,80,80,80,80,80,80,80,80,80,80,80,80,80,80],"card_choices":[{"not_picked":["Sentinel","Iron Wave"],"picked":"Warcry","floor":1},{"not_picked":["Perfected Strike","Armaments"],"picked":"Thunderclap","floor":3},{"not_picked":["Seeing Red","Thunderclap"],"picked":"Shrug It Off","floor":5},{"not_picked":["Sentinel","Dark Embrace"],"picked":"Clash","floor":7},{"not_picked":["Iron Wave","Exhume","Anger"],"picked":"SKIP","floor":8},{"not_picked":["Iron Wave","Dual Wield","Havoc"],"picked":"SKIP","floor":14},{"not_picked":["Feed","Barricade"],"picked":"Limit Break","floor":16},{"not_picked":["Spot Weakness","Wild Strike+1","Thunderclap"],"picked":"SKIP","floor":18},{"not_picked":["Armaments","Wild Strike"],"picked":"Shockwave","floor":21},{"not_picked":["Havoc","Body Slam"],"picked":"Shrug It Off","floor":22},{"not_picked":["Armaments","Flex","True Grit"],"picked":"SKIP","floor":24},{"not_picked":["Brutality","Reckless Charge"],"picked":"Uppercut+1","floor":25},{"not_picked":["Searing Blow","Shrug It Off","Cleave+1"],"picked":"SKIP","floor":27},{"not_picked":["Uppercut+1","Bludgeon","Hemokinesis"],"picked":"SKIP","floor":28},{"not_picked":["Disarm","Wild Strike","Cleave+1"],"picked":"SKIP","floor":31},{"not_picked":["Armaments+1","Warcry+1"],"picked":"Shrug It Off+1","floor":35},{"not_picked":["Armaments","Cleave+1"],"picked":"Inflame+1","floor":37},{"not_picked":["Havoc","Dark Embrace+1","Power Through+1"],"picked":"SKIP","floor":38},{"not_picked":["Exhume","Anger+1"],"picked":"Entrench+1","floor":40},{"not_picked":["Carnage+1","Iron Wave"],"picked":"Heavy Blade","floor":45},{"not_picked":["Sword Boomerang","Thunderclap","Clothesline"],"picked":"SKIP","floor":46},{"not_picked":["Cleave+1","Spot Weakness+1"],"picked":"Heavy Blade","floor":48}],"player_experience":94202,"relics_obtained":[{"floor":8,"key":"Gremlin Horn"},{"floor":14,"key":"Bottled Flame"},{"floor":25,"key":"Red Mask"},{"floor":26,"key":"Oddly Smooth Stone"},{"floor":28,"key":"Girya"},{"floor":37,"key":"Incense Burner"},{"floor":40,"key":"Pocketwatch"},{"floor":43,"key":"Shuriken"},{"floor":45,"key":"Toy Ornithopter"}],"event_choices":[{"cards_removed":["Strike_R"],"damage_healed":0,"gold_gain":0,"player_choice":"Card Removal","damage_taken":0,"max_hp_gain":0,"max_hp_loss":0,"event_name":"The Cleric","floor":2,"gold_loss":50},{"damage_healed":0,"gold_gain":75,"player_choice":"Gather Gold","damage_taken":11,"max_hp_gain":0,"max_hp_loss":0,"event_name":"World of Goop","floor":4,"gold_loss":0},{"damage_healed":0,"gold_gain":0,"player_choice":"Grow","damage_taken":0,"max_hp_gain":0,"max_hp_loss":0,"event_name":"Living Wall","floor":11,"gold_loss":0,"cards_upgraded":["Hyperbeam"]},{"damage_healed":0,"gold_gain":275,"player_choice":"Desecrate","damage_taken":0,"max_hp_gain":0,"max_hp_loss":0,"event_name":"Golden Shrine","floor":13,"gold_loss":0,"cards_obtained":["Regret"]},{"damage_healed":0,"gold_gain":0,"player_choice":"0 cards matched","damage_taken":0,"max_hp_gain":0,"max_hp_loss":0,"event_name":"Match and Keep!","floor":19,"gold_loss":0,"cards_obtained":[]},{"damage_healed":0,"gold_gain":0,"player_choice":"Fought Bandits","damage_taken":0,"max_hp_gain":0,"max_hp_loss":0,"event_name":"Masked Bandits","floor":25,"gold_loss":0},{"damage_healed":0,"gold_gain":0,"player_choice":"Fight","damage_taken":0,"max_hp_gain":0,"max_hp_loss":0,"event_name":"Mysterious Sphere","floor":37,"gold_loss":0},{"damage_healed":0,"gold_gain":275,"player_choice":"Desecrate","damage_taken":0,"max_hp_gain":0,"max_hp_loss":0,"event_name":"Golden Shrine","floor":39,"gold_loss":0,"cards_obtained":["Regret"]}],"is_beta":false,"boss_relics":[{"not_picked":["Snecko Eye","Velvet Choker"],"picked":"Philosopher\u0027s Stone"},{"not_picked":["Sozu","Tiny House"],"picked":"SlaversCollar"}],"items_purged_floors":[10,12,20,20,30,36,41],"is_endless":false,"potions_floor_spawned":[1,14,16,18,22,25,33,37,38,40],"ascension_level":0}}