{"host":"k7udt7atmcuzf6l0","time":1612242784,"event":{"mods":["AchievementEnabler","BaseMod","BetterRewards","Colored Map","Colored Powertips","Highlight Path","Minty Spire (QoL Compilation)","Quick Restart","Rare Cards Sparkle","Relic Stats","StSLib","UnlockEverythingMod"],"gold_per_floor":[118,130,2,28,28,28,67,67,67,67,81,81,102,102,102,221,221,246,246,262,276,551,551,582,133,156,176,219,232,232,246,246,246,246],"floor_reached":33,"language":"ZHS","playtime":730,"items_purged":[],"score":335,"play_id":"8b16b25a-7e8b-45e7-a54f-24b319f50d2c","local_time":"20210202131304","is_ascension_mode":false,"campfire_choices":[{"data":"Armaments","floor":6.0,"key":"SMITH"},{"data":"Infernal Blade","floor":8,"key":"SMITH"},{"data":"Battle Trance","floor":10,"key":"SMITH"},{"data":"Bash","floor":15,"key":"SMITH"},{"data":"Berserk","floor":23,"key":"SMITH"},{"data":"Flex","floor":30,"key":"SMITH"},{"data":"Whirlwind","floor":32,"key":"SMITH"}],"circlet_count":0,"master_deck":["Strike_R","Strike_R","Strike_R","Strike_R","Strike_R","Defend_R","Defend_R","Defend_R","Bash+1","Battle Trance+1","Thunderclap","Infernal Blade+1","Armaments+1","Hemokinesis","Spot Weakness+1","Berserk+1","Headbutt","Clash","Regret","Flex+1","Pummel+1","Dropkick+1","Whirlwind+1","Spot Weakness+1"],"relics":["Burning Blood","NeowsBlessing","Pen Nib","Golden Idol","Bottled Lightning","Du-Vu Doll","Philosopher\u0027s Stone","Mango","Lee\u0027s Waffle","White Beast Statue","Boot","TungstenRod"],"acts_visited":["Exordium","TheCity"],"potions_floor_usage":[16,24,27,29,33,33],"damage_taken":[{"damage":0.0,"enemies":"Cultist","floor":1.0,"turns":1.0},{"damage":0.0,"enemies":"Jaw Worm","floor":2.0,"turns":1.0},{"damage":0.0,"enemies":"Gremlin Nob","floor":7.0,"turns":1.0},{"damage":0,"enemies":"Small Slimes","floor":11,"turns":2},{"damage":6,"enemies":"Blue Slaver","floor":13,"turns":2},{"damage":45,"enemies":"The Guardian","floor":16,"turns":6},{"damage":11,"enemies":"2 Thieves","floor":18,"turns":2},{"damage":16,"enemies":"Shell Parasite","floor":20,"turns":2},{"damage":23,"enemies":"Snake Plant","floor":21,"turns":3},{"damage":34,"enemies":"Gremlin Leader","floor":24,"turns":4},{"damage":23,"enemies":"Centurion and Healer","floor":27,"turns":3},{"damage":32,"enemies":"Book of Stabbing","floor":28,"turns":3},{"damage":2,"enemies":"Snecko","floor":29,"turns":2},{"damage":15,"enemies":"Cultist and Chosen","floor":31,"turns":3},{"damage":74,"enemies":"Collector","floor":33,"turns":4}],"seed_played":"8076554208324039133","potions_obtained":[{"floor":11,"key":"BloodPotion"},{"floor":13,"key":"AttackPotion"},{"floor":21,"key":"Ancient Potion"},{"floor":24,"key":"ColorlessPotion"},{"floor":27,"key":"LiquidBronze"},{"floor":28,"key":"SkillPotion"},{"floor":29,"key":"BloodPotion"},{"floor":31,"key":"GamblersBrew"}],"is_trial":false,"path_per_floor":["M","M","$","T","?","R","E","R","T","R","M","?","M","?","R","B",null,"M","?","M","M","?","R","E","$","T","M","E","M","R","M","R","B"],"character_chosen":"IRONCLAD","items_purchased":["Infernal Blade","Armaments","Lee\u0027s Waffle","White Beast Statue","Flex"],"campfire_rested":0,"item_purchase_floors":[3,3,25,25,25],"current_hp_per_floor":[80,80,80,80,60,60,66,66,66,66,72,72,72,72,72,33,80,75,75,65,48,48,48,50,101,101,84,58,62,62,53,53,0,0],"gold":246,"neow_bonus":"THREE_ENEMY_KILL","is_daily":false,"chose_seed":false,"campfire_upgraded":7,"win_rate":0.0,"timestamp":1612242784,"path_taken":["M","M","$","?","?","R","E","R","T","R","M","?","M","?","R","BOSS","M","?","?","M","?","R","E","$","T","M","E","M","R","M","R","BOSS"],"items_purchased_type":["Card","Card","Relic","Relic","Card"],"build_version":"2020-12-22","purchased_purges":0,"victory":false,"max_hp_per_floor":[80,80,80,80,80,80,80,80,80,80,80,80,80,80,80,80,80,80,80,80,80,80,80,94,101,101,101,101,101,101,101,101,101,101],"relic_stats":{"Lee\u0027s Waffle":51,"counters":[15,39],"Golden Idol":83,"Pen Nib":[9],"Boot":[9],"obtain_stats":[{"Du-Vu Doll":9,"Lee\u0027s Waffle":25,"NeowsBlessing":0,"Golden Idol":5,"Philosopher\u0027s Stone":17,"Mango":24,"Pen Nib":4,"Bottled Lightning":7,"Boot":26,"Burning Blood":0,"White Beast Statue":25,"TungstenRod":28},{"Du-Vu Doll":3,"Lee\u0027s Waffle":10,"NeowsBlessing":0,"Golden Idol":2,"Philosopher\u0027s Stone":6,"Mango":10,"Pen Nib":2,"Bottled Lightning":3,"Boot":10,"Burning Blood":0,"White Beast Statue":10,"TungstenRod":12},{"Du-Vu Doll":3,"Lee\u0027s Waffle":24,"NeowsBlessing":0,"Golden Idol":2,"Philosopher\u0027s Stone":13,"Mango":24,"Pen Nib":2,"Bottled Lightning":3,"Boot":24,"Burning Blood":0,"White Beast Statue":24,"TungstenRod":30}],"Burning Blood":72,"TungstenRod":16},"card_choices":[{"not_picked":["Anger","Fire Breathing"],"picked":"Battle Trance","floor":1.0},{"not_picked":["Clothesline","Pommel Strike"],"picked":"Thunderclap","floor":2.0},{"not_picked":["Battle Trance","Second Wind","Fire Breathing"],"picked":"SKIP","floor":7},{"not_picked":["Warcry","Havoc"],"picked":"Hemokinesis","floor":11},{"not_picked":["Thunderclap","Sword Boomerang"],"picked":"Spot Weakness","floor":13},{"not_picked":["Exhume","Juggernaut"],"picked":"Berserk","floor":16},{"not_picked":["Havoc","Shrug It Off"],"picked":"Headbutt","floor":18},{"not_picked":["Intimidate","Spot Weakness"],"picked":"Clash","floor":20},{"not_picked":["Demon Form","Clash","Warcry"],"picked":"SKIP","floor":21},{"not_picked":["Thunderclap","Metallicize+1","Searing Blow+1"],"picked":"SKIP","floor":24},{"not_picked":["Thunderclap","Metallicize+1","Searing Blow+1"],"picked":"SKIP","floor":24},{"not_picked":["Dropkick","Flame Barrier"],"picked":"Pummel+1","floor":27},{"not_picked":["Warcry","Perfected Strike"],"picked":"Dropkick+1","floor":28},{"not_picked":["Impervious","Perfected Strike"],"picked":"Whirlwind","floor":29},{"not_picked":["Hemokinesis","Pommel Strike+1"],"picked":"Spot Weakness+1","floor":31}],"player_experience":35397,"relics_obtained":[{"floor":4.0,"key":"Pen Nib"},{"floor":7,"key":"Bottled Lightning"},{"floor":9,"key":"Du-Vu Doll"},{"floor":24,"key":"Mango"},{"floor":26,"key":"Boot"},{"floor":28,"key":"TungstenRod"}],"event_choices":[{"damage_healed":0.0,"max_hp_gain":0.0,"max_hp_loss":0.0,"gold_gain":0.0,"event_name":"Golden Idol","player_choice":"Take Damage","floor":5.0,"gold_loss":0.0,"damage_taken":20.0,"relics_obtained":["Golden Idol"]},{"damage_healed":0,"gold_gain":0,"player_choice":"Leave","damage_taken":0,"max_hp_gain":0,"max_hp_loss":0,"event_name":"The Cleric","floor":12,"gold_loss":0},{"damage_healed":0,"gold_gain":0,"player_choice":"Grow","damage_taken":0,"max_hp_gain":0,"max_hp_loss":0,"event_name":"Living Wall","floor":14,"gold_loss":0,"cards_upgraded":["Spot Weakness"]},{"cards_removed":["Defend_R"],"damage_healed":0,"gold_gain":0,"player_choice":"Offered Basic","damage_taken":0,"max_hp_gain":0,"max_hp_loss":0,"event_name":"Bonfire Elementals","floor":19,"gold_loss":0},{"damage_healed":0,"gold_gain":275,"player_choice":"Desecrate","damage_taken":0,"max_hp_gain":0,"max_hp_loss":0,"event_name":"Golden Shrine","floor":22,"gold_loss":0,"cards_obtained":["Regret"]}],"is_beta":false,"boss_relics":[{"not_picked":["Busted Crown","Snecko Eye"],"picked":"Philosopher\u0027s Stone"}],"items_purged_floors":[],"is_endless":false,"potions_floor_spawned":[11,13,21,24,27,28,29,31],"killed_by":"Collector","ascension_level":0}}