{"host":"nug5xkek4sujf8as","time":1612287137,"event":{"mods":["Act Like it!","Aspiration","BaseMod","Booster Modes","CapriCore","Colored Powertips","Conspire","Energized Spire","Gensokyo","Minty Spire (QoL Compilation)","Permanent Neow","Quick Restart","Replay The Spire","Shop Mod","Spicy Shops","StSLib","¡¾¹¦ÄÜMod¡¿»ìãçÖ®»·ÐÞ¸´²¹¶¡","¡¾ÒÅÎï¿¨ÅÆ¡¿REMEMod","óô»ðÖ¸ÄÏ"],"gold_per_floor":[113,113,131,150,170,170,200,211,284,284,296,328,278,307,207,280,280,293,293,293,53,65,92,107,137,137,152,227,4,30,40,40,40,40],"floor_reached":33,"language":"ZHS","playtime":1802,"items_purged":["Pain","Strike_B"],"score":755,"play_id":"ed168697-f8fe-4d06-b4b9-545c40a740ca","local_time":"20210203013217","is_ascension_mode":true,"campfire_choices":[{"data":"Buffer","floor":6.0,"key":"SMITH"},{"floor":32.0,"key":"RECALL"}],"circlet_count":0,"master_deck":["AscendersBane","Strike_B","Strike_B","Defend_B","Defend_B","Defend_B","Defend_B","Zap","Dualcast","MasterReality","BootSequence","Buffer+1","Zap","Discovery","Streamline","Conserve Battery","Scrape","Clash","Creative AI","Hello World","Static Discharge","Ghostly","Meteor Strike","Ghostly","Ghostly","Ghostly","Ghostly","Ghostly","Turbo","Hologram","aspiration:Polymerization","Chill","Coolheaded","Biased Cognition","Consume","Fission","ReplayTheSpireMod:Fabricate Wheel"],"relics":["Cracked Core","REME_ComplimentaryCards","Replay:M_SmolderingBlood","Prayer Wheel","ReplayTheSpireMod:Shallot","Replay:Ringing Soul","Iron Hammer","CaptainsWheel","SlaversCollar","aspiration:RitualStick","Calipers","Replay:Frozen Program","DataDisk","ReplayTheSpireMod:CursedCoin","Membership Card","MerchantsRug","Nunchaku","Prayer Wheel"],"acts_visited":["Exordium","TheCity"],"potions_floor_usage":[33],"damage_taken":[{"damage":7.0,"enemies":"2 Louse","floor":1.0,"turns":2.0},{"damage":0.0,"enemies":"conspire:RoseBush","floor":3.0,"turns":3.0},{"damage":6.0,"enemies":"Cultist","floor":4.0,"turns":3.0},{"damage":0.0,"enemies":"Large Slime","floor":5.0,"turns":6.0},{"damage":10.0,"enemies":"Gremlin Nob","floor":7.0,"turns":4.0},{"damage":0.0,"enemies":"2 Fungi Beasts","floor":8.0,"turns":2.0},{"damage":0.0,"enemies":"Exordium Thugs","floor":11.0,"turns":4.0},{"damage":0.0,"enemies":"3 Sentries","floor":12.0,"turns":4.0},{"damage":12.0,"enemies":"Gremlin Nob","floor":14.0,"turns":1.0},{"damage":10.0,"enemies":"Hexaghost","floor":16.0,"turns":9.0},{"damage":0.0,"enemies":"Shell Parasite","floor":18.0,"turns":8.0},{"damage":5.0,"enemies":"conspire:FuzzyDice","floor":22.0,"turns":10.0},{"damage":0.0,"enemies":"conspire:Head Lice","floor":23.0,"turns":12.0},{"damage":0.0,"enemies":"Centurion and Healer","floor":24.0,"turns":6.0},{"damage":1.0,"enemies":"conspire:SneckoGhost","floor":25.0,"turns":9.0},{"damage":1.0,"enemies":"Shelled Parasite and Fungi","floor":27.0,"turns":7.0},{"damage":0.0,"enemies":"conspire:Head Lice","floor":30.0,"turns":12.0},{"damage":18.0,"enemies":"Sentry and Sphere","floor":31.0,"turns":12.0},{"damage":41,"enemies":"conspire:MysteriousRune","floor":33,"turns":9}],"seed_played":"5874147067778165089","potions_obtained":[{"floor":4.0,"key":"LifebloodPotion"},{"floor":7.0,"key":"Death Potion"},{"floor":12.0,"key":"SpeedPotion"},{"floor":14.0,"key":"LiquidBronze"},{"floor":16.0,"key":"EssenceOfSteel"},{"floor":22.0,"key":"EntropicBrew"},{"floor":31.0,"key":"Block Potion"}],"is_trial":false,"path_per_floor":["M","?","M","M","M","R","E","M","T","?","M","E","?","E","R","B",null,"M","?","?","$","M","E","M","E","T","M","$","$","E","M","R","B"],"character_chosen":"DEFECT","items_purchased":["Calipers","Replay:Frozen Program","ReplayTheSpireMod:CursedCoin","Membership Card","MerchantsRug","Biased Cognition","Consume"],"campfire_rested":0,"item_purchase_floors":[21,21,28,29,29,29,29],"current_hp_per_floor":[61,61,61,55,55,55,45,45,45,27,30,30,30,18,21,14,67,67,45,36,36,34,34,37,43,43,45,48,51,51,36,36,0,0],"gold":40,"neow_bonus":"NOSTALGIA","is_daily":false,"chose_seed":false,"campfire_upgraded":1,"win_rate":0.0,"timestamp":1612287137,"path_taken":["M","?","M","?","?","R","E","M","T","?","M","E","?","E","R","BOSS","M","?","?","$","M","E","M","E","T","M","?","$","E","M","R","BOSS"],"items_purchased_type":["Relic","Relic","Relic","Relic","Relic","Card","Card"],"build_version":"2020-12-22","purchased_purges":2,"victory":false,"max_hp_per_floor":[75,75,75,75,75,75,75,75,75,75,78,78,78,78,81,84,84,84,45,45,45,48,48,51,58,58,61,64,67,67,70,70,73,73],"card_choices":[{"not_picked":["Headbutt","Steam"],"picked":"BootSequence","floor":1.0},{"not_picked":["CrushJoints","BootSequence"],"picked":"Streamline","floor":3.0},{"not_picked":["Leap","Barrage"],"picked":"Conserve Battery","floor":4.0},{"not_picked":["Compile Driver","BowlingBash"],"picked":"Scrape","floor":5.0},{"not_picked":["Redo","Headbutt"],"picked":"Clash","floor":5.0},{"not_picked":["Echo Form","Force Field"],"picked":"Creative AI","floor":7.0},{"not_picked":["EmptyFist","BasicCrystalCard"],"picked":"Hello World","floor":8.0},{"not_picked":["REME_Compress","Lockon","BowlingBash"],"picked":"SKIP","floor":8.0},{"not_picked":["Hologram","FTL"],"picked":"Static Discharge","floor":11.0},{"not_picked":["Cold Snap","Ball Lightning","Swivel"],"picked":"SKIP","floor":11.0},{"not_picked":["Go for the Eyes","Coolheaded","ForeignInfluence"],"picked":"SKIP","floor":12.0},{"not_picked":["REME_Compress","All For One","Time Bomb"],"picked":"SKIP","floor":14.0},{"not_picked":["Machine Learning","Hyperbeam"],"picked":"Meteor Strike","floor":16.0},{"not_picked":["Coolheaded","Rebound","Hello World"],"picked":"SKIP","floor":18.0},{"not_picked":["Beam Cell","conspire:Rain","Coolheaded"],"picked":"SKIP","floor":18.0},{"not_picked":["Rebound","All For One"],"picked":"Turbo","floor":22.0},{"not_picked":["Streamline","Genetic Algorithm"],"picked":"Hologram","floor":22.0},{"not_picked":["Blizzard","Hologram","Compile Driver+1","Stack","Streamline+1"],"picked":"SKIP","floor":23.0},{"not_picked":["Blizzard","Hologram","Compile Driver+1","Stack","Streamline+1"],"picked":"SKIP","floor":23.0},{"not_picked":["Coolheaded","Reprogram"],"picked":"aspiration:Polymerization","floor":24.0},{"not_picked":["Redo","Sweeping Beam","ReplayTheSpireMod:Dual Polarity"],"picked":"SKIP","floor":24.0},{"not_picked":["Compile Driver","Beam Cell+1","Scrape","REME_SelfUpgrade","Stack"],"picked":"SKIP","floor":25.0},{"not_picked":["Compile Driver","Beam Cell+1","Scrape","REME_SelfUpgrade","Stack"],"picked":"SKIP","floor":25.0},{"not_picked":["Hyperbeam","ReplayTheSpireMod:Repulse+1","Gash","Rip and Tear"],"picked":"Chill","floor":27.0},{"not_picked":["Coolheaded","Cold Snap","Gash+1","BootSequence","Stack+1"],"picked":"SKIP","floor":27.0},{"not_picked":["Cold Snap","Gash+1","BootSequence","Stack+1"],"picked":"Coolheaded","floor":27.0},{"not_picked":["Sweeping Beam","Gash","Go for the Eyes","Stack","Double Energy","Panic Button","Cold Snap"],"picked":"SKIP","floor":30.0},{"not_picked":["Cold Snap","ReplayTheSpireMod:Repulse"],"picked":"Fission","floor":31.0},{"not_picked":["Ball Lightning","Steam Power","Chaos"],"picked":"SKIP","floor":31.0}],"player_experience":764520,"relics_obtained":[{"floor":7.0,"key":"ReplayTheSpireMod:Shallot"},{"floor":9.0,"key":"Replay:Ringing Soul"},{"floor":12.0,"key":"Iron Hammer"},{"floor":14.0,"key":"CaptainsWheel"},{"floor":23.0,"key":"DataDisk"},{"floor":25.0,"key":"Strawberry"},{"floor":30.0,"key":"Nunchaku"}],"event_choices":[{"damage_healed":0.0,"max_hp_gain":0.0,"max_hp_loss":0.0,"gold_gain":0.0,"event_name":"Match and Keep!","player_choice":"3 cards matched","floor":2.0,"gold_loss":0.0,"damage_taken":0.0,"cards_obtained":["Buffer","Zap","Discovery"]},{"damage_healed":0.0,"max_hp_gain":0.0,"max_hp_loss":0.0,"gold_gain":0.0,"event_name":"Scrap Ooze","player_choice":"Success","floor":10.0,"gold_loss":0.0,"damage_taken":18.0,"relics_obtained":["StrikeDummy"]},{"cards_removed":["Strike_B"],"damage_healed":0.0,"max_hp_gain":0.0,"max_hp_loss":0.0,"gold_gain":0.0,"event_name":"The Cleric","player_choice":"Card Removal","floor":13.0,"gold_loss":50.0,"damage_taken":0.0},{"damage_healed":0.0,"max_hp_gain":0.0,"max_hp_loss":0.0,"gold_gain":0.0,"event_name":"conspire:LoneGhost","player_choice":"Argue","floor":15.0,"gold_loss":0.0,"damage_taken":0.0},{"damage_healed":0.0,"max_hp_gain":0.0,"max_hp_loss":42.0,"gold_gain":0.0,"event_name":"Ghosts","player_choice":"Became a Ghost","floor":19.0,"gold_loss":0.0,"damage_taken":0.0,"cards_obtained":["Ghostly","Ghostly","Ghostly","Ghostly","Ghostly"]}],"is_beta":false,"boss_relics":[{"not_picked":["conspire:RoyalGoblet","REME_DuelDisc"],"picked":"SlaversCollar"}],"items_purged_floors":[28,29],"is_endless":false,"potions_floor_spawned":[4,7,12,14,16,22,31],"killed_by":"conspire:MysteriousRune","ascension_level":13}}