{"host":"h5jb1yx7cmevn5rr","time":1612254875,"event":{"mods":["BaseMod","Minty Spire (QoL Compilation)","StSLib","SuperFastMode"],"gold_per_floor":[117,135,155,170,187,214,214,289,315,315,315,328,398,81,81,177,177,192,192,192,209,209,209,209,209,209,109,127,143,66,76,76,180,180,192,67,83,83,101,101,127,141,166,166,177,177,193,207,207,207],"floor_reached":51,"language":"KOR","playtime":1288,"items_purged":["Strike_R","Strike_R","Rampage"],"score":856,"play_id":"b04e9ba2-f250-4d87-b296-2c996217c38e","local_time":"20210202173435","is_ascension_mode":false,"campfire_choices":[{"data":"Body Slam","floor":7.0,"key":"SMITH"},{"data":"Body Slam","floor":10.0,"key":"SMITH"},{"data":"Uppercut","floor":15,"key":"SMITH"},{"data":"Barricade","floor":23,"key":"SMITH"},{"data":"Body Slam","floor":25,"key":"SMITH"},{"data":"Entrench","floor":32,"key":"SMITH"},{"data":"Dual Wield","floor":40,"key":"SMITH"},{"data":"Body Slam","floor":46,"key":"SMITH"},{"data":"Seeing Red","floor":49,"key":"SMITH"}],"circlet_count":0,"master_deck":["Defend_R","Defend_R","Defend_R","Defend_R","Bash","Body Slam+1","Body Slam+1","Shrug It Off","Clothesline","Pommel Strike","Intimidate","Dropkick","Body Slam+1","Shockwave","Uppercut+1","Rage+1","Shrug It Off+1","Barricade+1","Pommel Strike+1","Impervious","Body Slam+1","Warcry+1","Bloodletting","Metallicize","Entrench+1","Juggernaut","Shockwave+1","Entrench+1","Dual Wield+1","Dual Wield+1","Impervious","Seeing Red+1"],"relics":["Burning Blood","NeowsBlessing","Pantograph","Bag of Preparation","Eternal Feather","Orrery","Coffee Dripper","MutagenicStrength","Pear","Bottled Tornado","Empty Cage","Nunchaku","War Paint"],"acts_visited":["Exordium","TheCity","TheBeyond"],"potions_floor_usage":[],"damage_taken":[{"damage":0.0,"enemies":"Cultist","floor":1.0,"turns":1.0},{"damage":0.0,"enemies":"2 Louse","floor":2.0,"turns":1.0},{"damage":0.0,"enemies":"Jaw Worm","floor":3.0,"turns":1.0},{"damage":12.0,"enemies":"Exordium Wildlife","floor":4.0,"turns":7.0},{"damage":0.0,"enemies":"Red Slaver","floor":5.0,"turns":5.0},{"damage":26.0,"enemies":"Gremlin Nob","floor":6.0,"turns":5.0},{"damage":4.0,"enemies":"Large Slime","floor":12.0,"turns":5.0},{"damage":50,"enemies":"Hexaghost","floor":16,"turns":11},{"damage":0,"enemies":"2 Thieves","floor":18,"turns":3},{"damage":0,"enemies":"Chosen","floor":21,"turns":2},{"damage":0,"enemies":"Snake Plant","floor":28,"turns":3},{"damage":0,"enemies":"Snecko","floor":29,"turns":3},{"damage":8,"enemies":"Centurion and Healer","floor":31,"turns":6},{"damage":0,"enemies":"Champ","floor":33,"turns":7},{"damage":33,"enemies":"3 Darklings","floor":35,"turns":5},{"damage":0,"enemies":"3 Shapes","floor":37,"turns":4},{"damage":3,"enemies":"Jaw Worm Horde","floor":39,"turns":4},{"damage":3,"enemies":"Giant Head","floor":41,"turns":3},{"damage":7,"enemies":"Sphere and 2 Shapes","floor":42,"turns":8},{"damage":17,"enemies":"Writhing Mass","floor":45,"turns":5},{"damage":6,"enemies":"3 Darklings","floor":47,"turns":4},{"damage":18,"enemies":"Jaw Worm Horde","floor":48,"turns":5},{"damage":0,"enemies":"Awakened One","floor":50,"turns":6}],"seed_played":"-1209712583770635455","potions_obtained":[{"floor":1.0,"key":"Energy Potion"},{"floor":4.0,"key":"ColorlessPotion"},{"floor":12.0,"key":"FairyPotion"},{"floor":38,"key":"LiquidMemories"},{"floor":38,"key":"LiquidMemories"}],"is_trial":false,"path_per_floor":["M","M","M","M","M","E","R","?","T","R","?","M","T","$","R","B",null,"M","?","?","M","T","R","?","R","T","$","M","M","$","M","R","B",null,"M","$","M","?","M","R","E","M","T","?","M","R","M","M","R","B",null],"character_chosen":"IRONCLAD","items_purchased":["Orrery","Body Slam","Shrug It Off","Metallicize"],"campfire_rested":0,"item_purchase_floors":[14,14,14,30],"current_hp_per_floor":[80,80,80,74,80,60,60,49,49,49,42,44,44,44,56,36,80,80,80,80,80,90,90,90,90,90,90,90,90,90,88,90,90,90,63,63,69,69,72,90,90,89,89,89,78,90,90,78,90,90],"gold":207,"neow_bonus":"THREE_ENEMY_KILL","is_daily":false,"chose_seed":false,"campfire_upgraded":9,"win_rate":0.0,"timestamp":1612254875,"path_taken":["M","M","?","M","M","E","R","?","T","R","?","?","?","$","R","BOSS","M","?","?","M","?","R","?","R","T","?","?","M","$","M","R","BOSS","M","$","M","?","?","R","E","M","T","?","M","R","M","M","R","BOSS"],"items_purchased_type":["Relic","Card","Card","Card"],"build_version":"2020-12-22","purchased_purges":3,"victory":true,"max_hp_per_floor":[80,80,80,80,80,80,80,80,80,80,80,80,80,80,80,80,80,80,80,80,80,90,90,90,90,90,90,90,90,90,90,90,90,90,90,90,90,90,90,90,90,90,90,90,90,90,90,90,90,90],"card_choices":[{"not_picked":["Armaments","Anger"],"picked":"Body Slam","floor":1.0},{"not_picked":["Disarm","Heavy Blade"],"picked":"Body Slam","floor":2.0},{"not_picked":["Infernal Blade","Combust"],"picked":"Shrug It Off","floor":3.0},{"not_picked":["Bloodletting","Pommel Strike"],"picked":"Rampage","floor":4.0},{"not_picked":["True Grit","Cleave"],"picked":"Clothesline","floor":5.0},{"not_picked":["Demon Form","Combust"],"picked":"Pommel Strike","floor":6.0},{"not_picked":["Clothesline","Clash"],"picked":"Intimidate","floor":12.0},{"not_picked":["Clothesline","Bludgeon"],"picked":"Dropkick","floor":14},{"not_picked":["Clothesline","Armaments"],"picked":"Body Slam","floor":14},{"not_picked":["True Grit","Sword Boomerang"],"picked":"Shockwave","floor":14},{"not_picked":["Carnage","Warcry"],"picked":"Uppercut","floor":14},{"not_picked":["Armaments","Reaper"],"picked":"Rage","floor":14},{"not_picked":["Fiend Fire","Demon Form"],"picked":"Barricade","floor":16},{"not_picked":["Twin Strike","Cleave"],"picked":"Pommel Strike+1","floor":18},{"not_picked":["Headbutt","Pummel"],"picked":"Body Slam","floor":21},{"not_picked":["Twin Strike","Intimidate+1"],"picked":"Warcry+1","floor":28},{"not_picked":["Demon Form","Warcry"],"picked":"Bloodletting","floor":29},{"not_picked":["Headbutt","Metallicize"],"picked":"Entrench","floor":31},{"not_picked":["Barricade","Reaper"],"picked":"Juggernaut","floor":33},{"not_picked":["Rage+1","Armaments+1"],"picked":"Shockwave+1","floor":35},{"not_picked":["Heavy Blade+1","True Grit+1"],"picked":"Entrench+1","floor":37},{"not_picked":["Shrug It Off","Pommel Strike+1"],"picked":"Dual Wield","floor":39},{"not_picked":["Iron Wave","Clash","Brutality"],"picked":"SKIP","floor":41},{"not_picked":["Battle Trance+1","True Grit"],"picked":"Dual Wield+1","floor":42},{"not_picked":["Iron Wave+1","Perfected Strike+1"],"picked":"Impervious","floor":45},{"not_picked":["Hemokinesis+1","Twin Strike","Shockwave"],"picked":"SKIP","floor":47},{"not_picked":["Sever Soul+1","Feel No Pain"],"picked":"Seeing Red","floor":48}],"player_experience":771,"relics_obtained":[{"floor":6.0,"key":"Pantograph"},{"floor":9.0,"key":"Bag of Preparation"},{"floor":13.0,"key":"Eternal Feather"},{"floor":22,"key":"Pear"},{"floor":26,"key":"Bottled Tornado"},{"floor":41,"key":"Nunchaku"},{"floor":43,"key":"War Paint"}],"event_choices":[{"damage_healed":0.0,"max_hp_gain":0.0,"max_hp_loss":0.0,"gold_gain":75.0,"event_name":"World of Goop","player_choice":"Gather Gold","floor":8.0,"gold_loss":0.0,"damage_taken":11.0},{"cards_removed":["Strike_R"],"damage_healed":0.0,"max_hp_gain":0.0,"max_hp_loss":0.0,"gold_gain":0.0,"event_name":"Golden Wing","player_choice":"Card Removal","floor":11.0,"gold_loss":0.0,"damage_taken":7.0},{"damage_healed":0,"gold_gain":0,"player_choice":"Read","damage_taken":0,"max_hp_gain":0,"max_hp_loss":0,"event_name":"The Library","floor":19,"gold_loss":0,"cards_obtained":["Impervious"]},{"damage_healed":0,"gold_gain":0,"player_choice":"Inject Mutagens","damage_taken":0,"relics_obtained":["MutagenicStrength"],"max_hp_gain":0,"max_hp_loss":0,"event_name":"Drug Dealer","floor":20,"gold_loss":0},{"damage_healed":0,"gold_gain":0,"player_choice":"Ignored","damage_taken":0,"max_hp_gain":0,"max_hp_loss":0,"event_name":"Ghosts","floor":24,"gold_loss":0},{"damage_healed":0,"gold_gain":0,"player_choice":"Got Potions","damage_taken":0,"max_hp_gain":0,"max_hp_loss":0,"event_name":"Lab","floor":38,"gold_loss":0},{"cards_removed":["Body Slam"],"damage_healed":0,"gold_gain":0,"player_choice":"Purged","damage_taken":0,"max_hp_gain":0,"max_hp_loss":0,"event_name":"Purifier","floor":44,"gold_loss":0}],"is_beta":false,"boss_relics":[{"not_picked":["Mark of Pain","Runic Pyramid"],"picked":"Coffee Dripper"},{"not_picked":["Black Star","Snecko Eye"],"picked":"Empty Cage"}],"items_purged_floors":[14,27,36],"is_endless":false,"potions_floor_spawned":[1,4,12,16,28,29,33,39,41,47],"ascension_level":0}}