{"host":"a7ive3y9k7sy3f3w","time":1612267926,"event":{"mods":["2.2 Compatiblity","AchievementEnabler","BaseMod","Colored Map","DeckTracker","Highlight Path","Minty Spire (QoL Compilation)","Random Character Button","Rare Cards Sparkle"],"gold_per_floor":[112,122,122,122,50,50,68,68,68,68,84,84,101,101,101,197,197,211,222,232,232,282,282,296,316,316,326,339,350,350,366,366,366,366],"floor_reached":33,"language":"POL","playtime":2013,"items_purged":[],"score":268,"play_id":"c4f9562d-a1a2-4a02-8a2d-c0401555cd09","local_time":"20210202131206","is_ascension_mode":false,"campfire_choices":[{"data":"Sentinel","floor":6.0,"key":"SMITH"},{"data":"Armaments","floor":8.0,"key":"SMITH"},{"data":"Iron Wave","floor":10.0,"key":"SMITH"},{"data":"Armaments","floor":12.0,"key":"SMITH"},{"data":"Bash","floor":15.0,"key":"SMITH"},{"data":"Reaper","floor":23,"key":"SMITH"},{"floor":32,"key":"REST"}],"circlet_count":0,"master_deck":["Defend_R+1","Defend_R+1","Defend_R+1","Defend_R+1","Bash+1","Iron Wave+1","Cleave+1","Sentinel+1","Armaments+1","Armaments+1","Body Slam+1","Reaper+1","Intimidate","Dropkick","Anger","Clash","Metallicize","Sentinel","Intimidate+1","Bludgeon","Bite","Bite","Bite","Bite","Bite","Cleave+1"],"relics":["Burning Blood","Eternal Feather","Philosopher\u0027s Stone","HornCleat"],"acts_visited":["TheCity"],"potions_floor_usage":[18,25,29,31],"damage_taken":[{"damage":0.0,"enemies":"Small Slimes","floor":1.0,"turns":3.0},{"damage":17.0,"enemies":"Jaw Worm","floor":2.0,"turns":5.0},{"damage":2.0,"enemies":"Cultist","floor":7.0,"turns":4.0},{"damage":6.0,"enemies":"3 Louse","floor":11.0,"turns":6.0},{"damage":13.0,"enemies":"Lots of Slimes","floor":13.0,"turns":5.0},{"damage":64.0,"enemies":"Hexaghost","floor":16.0,"turns":13.0},{"damage":9,"enemies":"Chosen","floor":18,"turns":6},{"damage":23,"enemies":"3 Byrds","floor":19,"turns":6},{"damage":15,"enemies":"Snecko","floor":20,"turns":7},{"damage":31,"enemies":"Snake Plant","floor":24,"turns":5},{"damage":18,"enemies":"Centurion and Healer","floor":25,"turns":6},{"damage":2,"enemies":"Shelled Parasite and Fungi","floor":27,"turns":5},{"damage":28,"enemies":"Chosen and Byrds","floor":28,"turns":9},{"damage":8,"enemies":"Snake Plant","floor":29,"turns":5},{"damage":35,"enemies":"Shelled Parasite and Fungi","floor":31,"turns":8},{"damage":67,"enemies":"Automaton","floor":33,"turns":6}],"seed_played":"8661313289829996162","potions_obtained":[{"floor":2.0,"key":"EssenceOfSteel"},{"floor":7.0,"key":"Strength Potion"},{"floor":13.0,"key":"EssenceOfSteel"},{"floor":16.0,"key":"EssenceOfSteel"},{"floor":18,"key":"SkillPotion"},{"floor":27,"key":"Swift Potion"},{"floor":29,"key":"BloodPotion"},{"floor":31,"key":"SpeedPotion"}],"is_trial":false,"path_per_floor":["M","M","?","?","$","R","M","R","T","R","M","R","M","?","R","B",null,"M","M","M","?","?","R","M","M","T","M","M","M","?","M","R","B"],"character_chosen":"IRONCLAD","items_purchased":["Sentinel"],"campfire_rested":1,"item_purchase_floors":[5],"current_hp_per_floor":[88,77,77,77,77,77,81,81,81,87,87,88,81,63,72,14,88,85,74,65,65,65,77,52,50,50,54,39,42,42,41,61,0,0],"gold":366,"neow_bonus":"TEN_PERCENT_HP_BONUS","is_daily":false,"chose_seed":false,"campfire_upgraded":6,"win_rate":0.0,"timestamp":1612267926,"path_taken":["M","M","?","?","?","R","M","R","T","R","?","R","M","?","R","BOSS","M","M","M","?","?","R","M","M","T","M","?","?","?","M","R","BOSS"],"items_purchased_type":["Card"],"build_version":"2020-12-22","purchased_purges":0,"victory":false,"max_hp_per_floor":[88,88,88,88,88,88,88,88,88,88,88,88,88,88,88,88,88,88,88,88,88,88,88,88,88,88,88,88,88,61,61,61,61,61],"card_choices":[{"not_picked":["Headbutt","Body Slam"],"picked":"Iron Wave","floor":1.0},{"not_picked":["Battle Trance","Clothesline"],"picked":"Cleave","floor":2.0},{"not_picked":["Blood for Blood","Wild Strike"],"picked":"Armaments","floor":7.0},{"not_picked":["Battle Trance","Dark Embrace"],"picked":"Armaments","floor":11.0},{"not_picked":["Wild Strike","Armaments"],"picked":"Body Slam","floor":13.0},{"not_picked":["Brutality","Barricade"],"picked":"Reaper","floor":16.0},{"not_picked":["Searing Blow","Headbutt+1"],"picked":"Intimidate","floor":18},{"not_picked":["Blood for Blood","Havoc"],"picked":"Dropkick","floor":19},{"not_picked":["Carnage+1","Cleave"],"picked":"Anger","floor":20},{"not_picked":["Dual Wield","Warcry+1"],"picked":"Clash","floor":24},{"not_picked":["Clothesline","Body Slam"],"picked":"Metallicize","floor":25},{"not_picked":["True Grit","Havoc"],"picked":"Sentinel","floor":27},{"not_picked":["Armaments+1","Dropkick+1"],"picked":"Intimidate+1","floor":28},{"not_picked":["Heavy Blade","Body Slam"],"picked":"Bludgeon","floor":29},{"not_picked":["Perfected Strike","Pommel Strike"],"picked":"Cleave+1","floor":31}],"player_experience":54083,"relics_obtained":[{"floor":9.0,"key":"Eternal Feather"},{"floor":26,"key":"HornCleat"}],"event_choices":[{"damage_healed":0.0,"max_hp_gain":0.0,"max_hp_loss":0.0,"gold_gain":0.0,"event_name":"The Cleric","player_choice":"Leave","floor":3.0,"gold_loss":0.0,"damage_taken":0.0},{"damage_healed":0.0,"max_hp_gain":0.0,"max_hp_loss":0.0,"gold_gain":0.0,"event_name":"Liars Game","player_choice":"Ignored","floor":4.0,"gold_loss":0.0,"damage_taken":0.0},{"damage_healed":0.0,"max_hp_gain":0.0,"max_hp_loss":0.0,"gold_gain":0.0,"event_name":"Shining Light","player_choice":"Entered Light","floor":14.0,"gold_loss":0.0,"damage_taken":18.0,"cards_upgraded":["Cleave","Body Slam"]},{"damage_healed":0,"gold_gain":0,"player_choice":"Simplicity","damage_taken":0,"max_hp_gain":0,"max_hp_loss":0,"event_name":"Back to Basics","floor":21,"gold_loss":0,"cards_upgraded":["Strike_R","Strike_R","Strike_R","Strike_R","Strike_R","Defend_R","Defend_R","Defend_R","Defend_R"]},{"damage_healed":0,"gold_gain":100,"player_choice":"Bet on Murderer","damage_taken":0,"max_hp_gain":0,"max_hp_loss":0,"event_name":"The Joust","floor":22,"gold_loss":50},{"damage_healed":0,"gold_gain":0,"player_choice":"Became a vampire","damage_taken":0,"max_hp_gain":0,"max_hp_loss":27,"event_name":"Vampires","floor":30,"gold_loss":0,"cards_obtained":["Bite","Bite","Bite","Bite","Bite"]}],"is_beta":false,"boss_relics":[{"not_picked":["SacredBark","Cursed Key"],"picked":"Philosopher\u0027s Stone"}],"items_purged_floors":[],"is_endless":false,"potions_floor_spawned":[2,7,13,16,18,27,29,31],"killed_by":"Automaton","ascension_level":0}}