{"host":"2se5dq1do2gp0x9k","time":1612237003,"event":{"mods":["AchievementEnabler","BaseMod","Block Reminder","Colored Map","Colored Powertips","Minty Spire (QoL Compilation)","Relic Stats","StSLib","SuperFastMode"],"gold_per_floor":[111,111,129,145,155,189,189,218,245,245,113,127,42,42,42],"floor_reached":14,"language":"ENG","playtime":431,"items_purged":["Defend_P"],"score":190,"play_id":"fd9f8efd-13fd-4833-85b5-94d4fcbb3cff","local_time":"20210201193643","is_ascension_mode":true,"campfire_choices":[{"floor":7,"key":"REST"},{"floor":10,"key":"DIG"}],"circlet_count":0,"master_deck":["AscendersBane","Strike_P","Strike_P","Strike_P","Strike_P","Defend_P","Defend_P","Eruption","Vigilance","Nirvana","FlurryOfBlows","CutThroughFate","Prostrate","Wireheading","ReachHeaven","Protect","Tantrum","Adaptation"],"relics":["PureWater","NeowsBlessing","Shovel","Art of War","Blood Vial","Lantern"],"acts_visited":["Exordium"],"potions_floor_usage":[5,8],"damage_taken":[{"damage":0,"enemies":"Small Slimes","floor":1,"turns":1},{"damage":0,"enemies":"Cultist","floor":3,"turns":1},{"damage":0,"enemies":"Jaw Worm","floor":4,"turns":1},{"damage":18,"enemies":"3 Louse","floor":5,"turns":2},{"damage":36,"enemies":"Gremlin Nob","floor":6,"turns":4},{"damage":4,"enemies":"Lagavulin","floor":8,"turns":7},{"damage":7,"enemies":"2 Fungi Beasts","floor":12,"turns":4},{"damage":35,"enemies":"3 Sentries","floor":14,"turns":4}],"seed_played":"5859773598532104905","potions_obtained":[{"floor":1,"key":"Swift Potion"},{"floor":4,"key":"Explosive Potion"}],"is_trial":false,"path_per_floor":["M","?","M","M","M","E","R","E","T","R","$","M","$","E"],"character_chosen":"WATCHER","items_purchased":["Protect","Adaptation"],"campfire_rested":1,"item_purchase_floors":[11,13],"current_hp_per_floor":[61,61,61,61,43,7,27,23,23,23,23,18,18,0,0],"gold":42,"neow_bonus":"THREE_ENEMY_KILL","is_daily":false,"chose_seed":false,"campfire_upgraded":0,"win_rate":0.0,"timestamp":1612237003,"path_taken":["M","?","M","M","M","E","R","E","T","R","?","M","$","E"],"items_purchased_type":["Card","Card"],"build_version":"2020-12-22","purchased_purges":1,"victory":false,"max_hp_per_floor":[68,68,68,68,68,68,68,68,68,68,68,68,68,68,68],"relic_stats":{"Blood Vial":4,"Shovel":1,"counters":[8,24],"Art of War":[0],"obtain_stats":[{"Blood Vial":9,"Lantern":10,"Shovel":6,"NeowsBlessing":0,"Art of War":8,"PureWater":0},{"Blood Vial":6,"Lantern":6,"Shovel":5,"NeowsBlessing":0,"Art of War":6,"PureWater":0},{"Blood Vial":16,"Lantern":16,"Shovel":9,"NeowsBlessing":0,"Art of War":16,"PureWater":0}]},"card_choices":[{"not_picked":["Swivel","PathToVictory"],"picked":"Nirvana","floor":1},{"not_picked":["ClearTheMind","Evaluate"],"picked":"FlurryOfBlows","floor":3},{"not_picked":["PathToVictory","Crescendo"],"picked":"CutThroughFate","floor":4},{"not_picked":["EmptyBody","PathToVictory"],"picked":"Prostrate","floor":5},{"not_picked":["Protect","DevaForm"],"picked":"Wireheading","floor":6},{"not_picked":["DevaForm","CrushJoints"],"picked":"ReachHeaven","floor":8},{"not_picked":["Nirvana","PathToVictory"],"picked":"Tantrum","floor":12}],"player_experience":4048276,"relics_obtained":[{"floor":6,"key":"Shovel"},{"floor":8,"key":"Art of War"},{"floor":9,"key":"Blood Vial"},{"floor":10,"key":"Lantern"}],"event_choices":[{"cards_removed":["Defend_P"],"damage_healed":0,"gold_gain":0,"player_choice":"Offered Basic","damage_taken":0,"max_hp_gain":0,"max_hp_loss":0,"event_name":"Bonfire Elementals","floor":2,"gold_loss":0}],"is_beta":false,"boss_relics":[],"items_purged_floors":[11],"is_endless":false,"potions_floor_spawned":[1,4],"killed_by":"3 Sentries","ascension_level":18}}