{"host":"5v9rfzf5qju8k9wy","time":1612235772,"event":{"mods":["Act Like it!","Arknights","BaseMod","Gensokyo","Marisa£®ÏF”Í°°ƒß¿Ì…≥£©","Minty Spire (QoL Compilation)","Reimu£®≤©¿ˆ¡È√Œ£©","Remilia£®¿Ÿ√◊¿Ú—«£©","Replay The Spire","StSLib","The Administrix","Youmu£®ªÍ∆«—˝√Œ£©"],"gold_per_floor":[114,129,54,54,54,54,84,84,84,99,114,114,2,2,2],"floor_reached":14,"language":"ZHS","playtime":451,"items_purged":[],"score":88,"play_id":"2e32ac41-c1e4-4686-bcbc-44563604aaa7","local_time":"20210202111612","daily_mods":["Chimera","Blue Cards","Binary"],"is_ascension_mode":false,"campfire_choices":[{"data":"ReplayTheSpireMod:GoodbyeWorld","floor":6.0,"key":"SMITH"},{"data":"Shrug It Off","floor":8,"key":"SMITH"}],"circlet_count":0,"master_deck":["Bash","Survivor+1","Zap","Eruption","Strike_R","Strike_G","Strike_B","Defend_R","Defend_G","Defend_P","ReplayTheSpireMod:Strike From Hell","Havoc","ReplayTheSpireMod:GoodbyeWorld+1","Shrug It Off+1","Steam","Machine Learning","Machine Learning"],"relics":["Burning Blood","Mirror","Mummified Hand","Garlic","Replay:Multitool"],"acts_visited":["Exordium"],"potions_floor_usage":[],"damage_taken":[{"damage":1.0,"enemies":"Cultist","floor":1.0,"turns":3.0},{"damage":5.0,"enemies":"Small Slimes","floor":2.0,"turns":3.0},{"damage":34,"enemies":"Lagavulin","floor":7,"turns":7},{"damage":4,"enemies":"2 Louse","floor":10,"turns":2},{"damage":5,"enemies":"Blue Slaver","floor":11,"turns":3},{"damage":8,"enemies":"3 Sentries","floor":14,"turns":8}],"seed_played":"-9070903199233054170","potions_obtained":[{"floor":1.0,"key":"Languid Potion"},{"floor":7,"key":"Flashbang"}],"is_trial":false,"path_per_floor":["M","M","$","?","?","R","E","R","T","M","M","T","$","E"],"character_chosen":"IRONCLAD","items_purchased":["ReplayTheSpireMod:GoodbyeWorld","Machine Learning"],"campfire_rested":0,"item_purchase_floors":[3,13],"current_hp_per_floor":[80,80,80,80,73,73,45,45,45,47,48,48,48,40,40],"gold":2,"neow_bonus":"","is_daily":true,"chose_seed":false,"campfire_upgraded":2,"win_rate":0.0,"timestamp":1612235772,"path_taken":["M","?","$","?","?","R","E","R","T","M","M","?","?","E"],"items_purchased_type":["Card","Card"],"build_version":"2020-12-22","purchased_purges":0,"victory":false,"max_hp_per_floor":[80,80,80,80,80,80,80,80,80,80,80,80,80,80,80],"card_choices":[{"not_picked":["Disarm"],"picked":"ReplayTheSpireMod:Strike From Hell","floor":1.0},{"not_picked":["Clash"],"picked":"Havoc","floor":2.0},{"not_picked":["Fire Breathing"],"picked":"Shrug It Off","floor":7},{"not_picked":["Recycle","Coolheaded"],"picked":"SKIP","floor":10},{"not_picked":["Conserve Battery"],"picked":"Steam","floor":11}],"player_experience":123930,"relics_obtained":[{"floor":7,"key":"Mummified Hand"},{"floor":9,"key":"Garlic"},{"floor":12,"key":"Replay:Multitool"}],"event_choices":[{"damage_healed":0.0,"max_hp_gain":0.0,"max_hp_loss":0.0,"gold_gain":0.0,"event_name":"Scrap Ooze","player_choice":"Success","floor":5.0,"gold_loss":0.0,"damage_taken":7.0,"relics_obtained":["Mirror"]}],"is_beta":false,"boss_relics":[],"items_purged_floors":[],"is_endless":false,"potions_floor_spawned":[1,7],"killed_by":"3 Sentries","ascension_level":0}}