{"host":"xwgrz7y3g1a3iikb","time":1612300695,"event":{"mods":["BaseMod","Bestiary","Minty Spire (QoL Compilation)","Permanent Neow","Quick Restart","Relic Stats","StSLib","ojb\u0027s Info Mod"],"gold_per_floor":[99,24,24,24,24,24,24,24,24,24,24,24,24,24,24,24,24,24,24,24,24,24,24,24,24,24,24,24,24,24,24,24,24,24,24,24,24,24,24,24,24,24,24,24,24,24,24,24,24,24,24],"floor_reached":50,"language":"ENG","playtime":2359,"items_purged":["Strike_B"],"score":1223,"play_id":"696d4a11-a444-4bdf-8056-3c4dc4719e23","local_time":"20210202131815","is_ascension_mode":true,"campfire_choices":[{"floor":8.0,"key":"REST"},{"data":"Glacier","floor":13.0,"key":"SMITH"},{"data":"Streamline","floor":15.0,"key":"SMITH"},{"floor":23.0,"key":"RECALL"},{"floor":25.0,"key":"REST"},{"floor":27.0,"key":"REST"},{"floor":32.0,"key":"REST"},{"floor":41.0,"key":"REST"},{"floor":49.0,"key":"REST"}],"circlet_count":0,"master_deck":["AscendersBane","Defend_B","Defend_B","Defend_B","Zap","Dualcast","Compile Driver","Glacier+1","Self Repair+1","FTL","Streamline+1","Rainbow","Stack","Hologram","Ball Lightning+1","Meteor Strike","Self Repair+1","Chill","Biased Cognition+1","Glacier","Biased Cognition+1","Undo+1","Steam Power+1","Capacitor+1","Coolheaded","Parasite","Hologram"],"relics":["Ectoplasm","Frozen Egg 2","Blood Vial","Emotion Chip","Fusion Hammer","Red Mask","Strawberry","Bag of Preparation","Sundial","Torii","Singing Bowl","Inserter","Bird Faced Urn","Calipers","Potion Belt"],"acts_visited":["Exordium","TheCity","TheBeyond"],"potions_floor_usage":[],"damage_taken":[{"damage":3.0,"enemies":"Small Slimes","floor":1.0,"turns":3.0},{"damage":1.0,"enemies":"Cultist","floor":4.0,"turns":4.0},{"damage":49.0,"enemies":"Gremlin Nob","floor":6.0,"turns":6.0},{"damage":7.0,"enemies":"Jaw Worm","floor":10.0,"turns":3.0},{"damage":0.0,"enemies":"Blue Slaver","floor":12.0,"turns":4.0},{"damage":11.0,"enemies":"3 Louse","floor":14.0,"turns":4.0},{"damage":13.0,"enemies":"The Guardian","floor":16.0,"turns":10.0},{"damage":8.0,"enemies":"Chosen","floor":18.0,"turns":5.0},{"damage":21.0,"enemies":"Masked Bandits","floor":21.0,"turns":4.0},{"damage":0.0,"enemies":"Spheric Guardian","floor":22.0,"turns":3.0},{"damage":52.0,"enemies":"Slavers","floor":24.0,"turns":5.0},{"damage":5.0,"enemies":"Chosen and Byrds","floor":28.0,"turns":4.0},{"damage":14.0,"enemies":"Book of Stabbing","floor":29.0,"turns":4.0},{"damage":6.0,"enemies":"3 Cultists","floor":30.0,"turns":5.0},{"damage":6.0,"enemies":"Colosseum Slavers","floor":31.0,"turns":3.0},{"damage":21.0,"enemies":"Colosseum Nobs","floor":31.0,"turns":5.0},{"damage":76.0,"enemies":"Champ","floor":33.0,"turns":9.0},{"damage":1.0,"enemies":"Orb Walker","floor":35.0,"turns":4.0},{"damage":19.0,"enemies":"3 Darklings","floor":37.0,"turns":6.0},{"damage":45.0,"enemies":"Maw","floor":38.0,"turns":9.0},{"damage":1.0,"enemies":"Spire Growth","floor":39.0,"turns":5.0},{"damage":31.0,"enemies":"Nemesis","floor":40.0,"turns":9.0},{"damage":1.0,"enemies":"Reptomancer","floor":42.0,"turns":6.0},{"damage":0.0,"enemies":"3 Darklings","floor":44.0,"turns":7.0},{"damage":13.0,"enemies":"Writhing Mass","floor":45.0,"turns":8.0},{"damage":36.0,"enemies":"Giant Head","floor":46.0,"turns":11.0},{"damage":1.0,"enemies":"Jaw Worm Horde","floor":47.0,"turns":6.0},{"damage":28.0,"enemies":"Sphere and 2 Shapes","floor":48.0,"turns":10.0},{"damage":0,"enemies":"Time Eater","floor":50,"turns":1}],"seed_played":"-8289375507724809730","potions_obtained":[{"floor":12.0,"key":"EntropicBrew"},{"floor":14.0,"key":"SkillPotion"},{"floor":16.0,"key":"SteroidPotion"},{"floor":24.0,"key":"PowerPotion"},{"floor":29.0,"key":"Explosive Potion"},{"floor":30.0,"key":"FocusPotion"},{"floor":31.0,"key":"Strength Potion"},{"floor":33.0,"key":"Fruit Juice"},{"floor":37.0,"key":"DistilledChaos"},{"floor":38.0,"key":"Weak Potion"},{"floor":39.0,"key":"FocusPotion"},{"floor":42.0,"key":"SkillPotion"},{"floor":47.0,"key":"SpeedPotion"}],"is_trial":false,"path_per_floor":["M","$","?","M","$","E","?","R","T","M","T","M","R","M","R","B",null,"M","?","?","?","M","R","E","R","T","R","M","E","M","?","R","B",null,"M","?","M","M","M","E","R","E","T","M","M","E","M","M","R","B"],"character_chosen":"DEFECT","items_purchased":[],"campfire_rested":6,"item_purchase_floors":[],"current_hp_per_floor":[61,61,61,60,60,11,11,32,32,27,27,39,39,40,40,39,63,67,67,67,58,70,70,36,59,59,78,78,74,78,77,78,22,64,78,78,83,60,83,74,87,87,87,87,87,83,91,85,93,93,93],"gold":24,"neow_bonus":"BOSS_RELIC","is_daily":false,"chose_seed":false,"campfire_upgraded":2,"win_rate":0.0,"timestamp":1612300695,"path_taken":["M","$","?","M","?","E","?","R","T","?","?","M","R","M","R","BOSS","M","?","?","?","M","R","E","R","T","R","M","E","M","?","R","BOSS","M","?","M","?","M","E","R","E","T","M","M","E","M","M","R","BOSS"],"items_purchased_type":[],"build_version":"2020-12-22","purchased_purges":1,"victory":false,"max_hp_per_floor":[71,71,71,71,71,71,71,71,71,71,71,71,71,71,71,71,71,71,71,71,71,71,71,78,78,78,78,78,78,78,78,78,78,78,78,78,83,85,87,87,87,87,87,87,87,89,91,93,93,93,93],"relic_stats":{"Blood Vial":25,"Emotion Chip":[152,44,55,22,31],"Inserter":[39],"Torii":26,"Singing Bowl":10,"counters":[29,162],"Sundial":[20],"Bird Faced Urn":[25],"Ectoplasm":803,"Bag of Preparation":[34],"obtain_stats":[{"Potion Belt":46,"Inserter":34,"Calipers":42,"Torii":31,"Singing Bowl":31,"Bag of Preparation":26,"Frozen Egg 2":6,"Blood Vial":9,"Emotion Chip":11,"Sundial":29,"Strawberry":24,"Bird Faced Urn":40,"Ectoplasm":0,"Fusion Hammer":17,"Red Mask":21,"Cracked Core":0},{"Potion Belt":26,"Inserter":17,"Calipers":23,"Torii":16,"Singing Bowl":16,"Bag of Preparation":11,"Frozen Egg 2":3,"Blood Vial":3,"Emotion Chip":4,"Sundial":13,"Strawberry":11,"Bird Faced Urn":22,"Ectoplasm":0,"Fusion Hammer":7,"Red Mask":9,"Cracked Core":0},{"Potion Belt":146,"Inserter":81,"Calipers":120,"Torii":72,"Singing Bowl":72,"Bag of Preparation":51,"Frozen Egg 2":13,"Blood Vial":13,"Emotion Chip":16,"Sundial":59,"Strawberry":51,"Bird Faced Urn":114,"Ectoplasm":0,"Fusion Hammer":34,"Red Mask":43,"Cracked Core":0}]},"card_choices":[{"not_picked":["Leap","Heatsinks"],"picked":"Compile Driver","floor":1.0},{"not_picked":["Fusion","Conserve Battery"],"picked":"Glacier","floor":4.0},{"not_picked":["Hologram","Redo","Undo"],"picked":"SKIP","floor":6.0},{"not_picked":["Coolheaded","Redo"],"picked":"Self Repair+1","floor":10.0},{"not_picked":["Cold Snap","Reprogram"],"picked":"FTL","floor":12.0},{"not_picked":["Beam Cell","Rebound"],"picked":"Streamline","floor":14.0},{"not_picked":["Fission","Amplify"],"picked":"Rainbow","floor":16.0},{"not_picked":["Streamline","Stack","Darkness"],"picked":"SKIP","floor":18.0},{"not_picked":["Cold Snap","Coolheaded"],"picked":"Ball Lightning+1","floor":22.0},{"not_picked":["Turbo","Beam Cell","Rip and Tear"],"picked":"SKIP","floor":24.0},{"not_picked":["Rebound+1","Cold Snap"],"picked":"Meteor Strike","floor":28.0},{"not_picked":["Stack+1","Sweeping Beam"],"picked":"Self Repair+1","floor":29.0},{"not_picked":["Cold Snap","Barrage","Sweeping Beam"],"picked":"SKIP","floor":30.0},{"not_picked":["Turbo","Redo+1"],"picked":"Chill","floor":31.0},{"not_picked":["Creative AI+1","Core Surge"],"picked":"Biased Cognition+1","floor":33.0},{"not_picked":["Go for the Eyes","Chaos+1"],"picked":"Glacier","floor":35.0},{"not_picked":["Compile Driver","Hologram"],"picked":"Undo+1","floor":37.0},{"not_picked":["Leap","Ball Lightning","Streamline"],"picked":"Singing Bowl","floor":38.0},{"not_picked":["Streamline","Aggregate","Gash+1"],"picked":"Singing Bowl","floor":39.0},{"not_picked":["Chaos","Streamline"],"picked":"Steam Power+1","floor":40.0},{"not_picked":["Cold Snap","Conserve Battery+1"],"picked":"Capacitor+1","floor":42.0},{"not_picked":["Sunder","Beam Cell"],"picked":"Coolheaded","floor":44.0},{"not_picked":["Redo","Hyperbeam"],"picked":"Hologram","floor":45.0},{"not_picked":["Go for the Eyes+1","Chaos","White Noise"],"picked":"Singing Bowl","floor":46.0},{"not_picked":["Redo+1","Steam","Streamline+1"],"picked":"Singing Bowl","floor":47.0},{"not_picked":["Darkness","Leap","Ball Lightning"],"picked":"Singing Bowl","floor":48.0}],"player_experience":313483,"relics_obtained":[{"floor":6.0,"key":"Frozen Egg 2"},{"floor":9.0,"key":"Blood Vial"},{"floor":11.0,"key":"Emotion Chip"},{"floor":21.0,"key":"Red Mask"},{"floor":24.0,"key":"Strawberry"},{"floor":26.0,"key":"Bag of Preparation"},{"floor":29.0,"key":"Sundial"},{"floor":31.0,"key":"Torii"},{"floor":31.0,"key":"Singing Bowl"},{"floor":40.0,"key":"Bird Faced Urn"},{"floor":42.0,"key":"Calipers"},{"floor":46.0,"key":"Potion Belt"}],"event_choices":[{"cards_removed":["Defend_B"],"damage_healed":0.0,"max_hp_gain":0.0,"max_hp_loss":0.0,"gold_gain":0.0,"event_name":"Bonfire Elementals","player_choice":"Offered Basic","floor":3.0,"gold_loss":0.0,"damage_taken":0.0},{"damage_healed":0.0,"max_hp_gain":0.0,"max_hp_loss":0.0,"gold_gain":0.0,"event_name":"WeMeetAgain","player_choice":"Ignored","floor":7.0,"gold_loss":0.0,"damage_taken":0.0},{"damage_healed":0.0,"max_hp_gain":0.0,"max_hp_loss":0.0,"gold_gain":0.0,"cards_transformed":["Strike_B","Strike_B"],"event_name":"Drug Dealer","player_choice":"Became Test Subject","floor":19.0,"gold_loss":0.0,"damage_taken":0.0,"cards_obtained":["Stack","Hologram"]},{"cards_removed":["Strike_B"],"damage_healed":0.0,"max_hp_gain":0.0,"max_hp_loss":0.0,"gold_gain":0.0,"event_name":"Back to Basics","player_choice":"Elegance","floor":20.0,"gold_loss":0.0,"damage_taken":0.0},{"damage_healed":0.0,"max_hp_gain":0.0,"max_hp_loss":0.0,"gold_gain":0.0,"event_name":"Masked Bandits","player_choice":"Fought Bandits","floor":21.0,"gold_loss":0.0,"damage_taken":0.0},{"damage_healed":0.0,"max_hp_gain":0.0,"max_hp_loss":0.0,"gold_gain":0.0,"event_name":"Colosseum","player_choice":"Fight","floor":31.0,"gold_loss":0.0,"damage_taken":0.0},{"damage_healed":0.0,"max_hp_gain":0.0,"max_hp_loss":0.0,"gold_gain":0.0,"event_name":"Colosseum","player_choice":"Fought Nobs","floor":31.0,"gold_loss":0.0,"damage_taken":0.0},{"damage_healed":0.0,"max_hp_gain":0.0,"max_hp_loss":0.0,"gold_gain":0.0,"event_name":"Duplicator","player_choice":"Copied","floor":36.0,"gold_loss":0.0,"damage_taken":0.0,"cards_obtained":["Biased Cognition"]}],"is_beta":false,"boss_relics":[{"not_picked":["Nuclear Battery","Sozu"],"picked":"Fusion Hammer"},{"not_picked":["Cursed Key","Runic Dome"],"picked":"Inserter"}],"items_purged_floors":[2],"is_endless":false,"potions_floor_spawned":[12,14,16,24,29,30,31,31,33,37,38,39,40,42,47],"killed_by":"Time Eater","ascension_level":20}}