{"host":"qc8p2flj7wsy3zpg","time":1612230068,"event":{"mods":["BaseMod","Highlight Path","Minty Spire (QoL Compilation)","Monster List Patch","Relic Stats","StSLib"],"gold_per_floor":[115,127,144,161,180,180,180,180],"floor_reached":7,"language":"ENG","playtime":250,"items_purged":[],"score":90,"play_id":"feab0f9d-f92a-4dae-bd1d-b47ea3ab1815","local_time":"20210201194108","is_ascension_mode":true,"campfire_choices":[{"floor":6,"key":"REST"}],"circlet_count":0,"master_deck":["AscendersBane","Strike_R","Strike_R","Strike_R","Strike_R","Strike_R","Defend_R","Defend_R","Defend_R","Defend_R","Bash","Carnage","Clothesline","Combust","Headbutt","Disarm"],"relics":["Runic Cube"],"acts_visited":["Exordium"],"potions_floor_usage":[7],"damage_taken":[{"damage":8,"enemies":"Small Slimes","floor":1,"turns":4},{"damage":0,"enemies":"Cultist","floor":2,"turns":2},{"damage":4,"enemies":"Jaw Worm","floor":3,"turns":3},{"damage":16,"enemies":"Large Slime","floor":4,"turns":5},{"damage":26,"enemies":"Exordium Thugs","floor":5,"turns":5},{"damage":36,"enemies":"Lagavulin","floor":7,"turns":5}],"seed_played":"95120750144285358","potions_obtained":[{"floor":4,"key":"Explosive Potion"},{"floor":5,"key":"Weak Potion"}],"is_trial":false,"path_per_floor":["M","M","M","M","M","R","E"],"character_chosen":"IRONCLAD","items_purchased":[],"campfire_rested":1,"item_purchase_floors":[],"current_hp_per_floor":[60,60,56,40,14,36,0,0],"gold":180,"neow_bonus":"BOSS_RELIC","is_daily":false,"chose_seed":false,"campfire_upgraded":0,"win_rate":0.0,"timestamp":1612230068,"path_taken":["M","M","M","M","M","R","E"],"items_purchased_type":[],"build_version":"2020-12-22","purchased_purges":0,"victory":false,"max_hp_per_floor":[75,75,75,75,75,75,75,75],"relic_stats":{"counters":[6,24],"obtain_stats":[{"Burning Blood":0,"Runic Cube":0},{"Burning Blood":0,"Runic Cube":0},{"Burning Blood":0,"Runic Cube":0}],"Runic Cube":[15]},"card_choices":[{"not_picked":["Heavy Blade","Armaments"],"picked":"Carnage","floor":1},{"not_picked":["Carnage","Iron Wave"],"picked":"Clothesline","floor":2},{"not_picked":["Shrug It Off","Thunderclap"],"picked":"Combust","floor":3},{"not_picked":["Iron Wave","Sentinel"],"picked":"Headbutt","floor":4},{"not_picked":["Barricade","Flex"],"picked":"Disarm","floor":5}],"player_experience":2304292,"relics_obtained":[],"event_choices":[],"is_beta":false,"boss_relics":[],"items_purged_floors":[],"is_endless":false,"potions_floor_spawned":[4,5],"killed_by":"Lagavulin","ascension_level":20}}