{"host":"deirlxtsw53uoa9y","time":1612247038,"event":{"mods":["AchievementEnabler","BaseMod","DeckTracker","Lobotomy","Minty Spire (QoL Compilation)","Permanent Neow","Rare Cards Sparkle","StSLib","The Hierophant","everything is the same but u backflip on backflip"],"gold_per_floor":[114,130,130,146,146,146,146,179,251,265,76,76,76,76,76,173,173,193,212,212,235,30,30,30],"floor_reached":23,"language":"KOR","playtime":695,"items_purged":[],"score":191,"play_id":"8a742cab-cbd0-4197-acc2-1cf853547bd7","local_time":"20210202152358","is_ascension_mode":false,"campfire_choices":[{"data":"Shockwave","floor":6,"key":"SMITH"},{"floor":13,"key":"REST"},{"data":"Rage","floor":15,"key":"SMITH"}],"circlet_count":0,"master_deck":["Strike_R","Strike_R","Strike_R","Strike_R","Strike_R","Defend_R","Defend_R","Defend_R","Defend_R","Bash","SnowQueen","Perfected Strike+1","Shockwave+1","Flame Barrier","Rage+1","WallGazer","Mercenary","Dual Wield","Demon Form+1","Immolate","Hemokinesis","Dropkick+1"],"relics":["Burning Blood","CogitoBucket","Ice Cream","ResearcherNote","Black Star","Anchor","Sling"],"acts_visited":["Exordium","TheCity"],"potions_floor_usage":[8,10,12,16,16,23],"damage_taken":[{"damage":6,"enemies":"Cultist","floor":1,"turns":3},{"damage":8,"enemies":"Small Slimes","floor":2,"turns":4},{"damage":16,"enemies":"Jaw Worm","floor":4,"turns":3},{"damage":21,"enemies":"Exordium Thugs","floor":7,"turns":5},{"damage":29,"enemies":"3 Sentries","floor":8,"turns":7},{"damage":29,"enemies":"Exordium Wildlife","floor":10,"turns":5},{"damage":14,"enemies":"Blue Slaver","floor":12,"turns":4},{"damage":20,"enemies":"Hexaghost","floor":16,"turns":6},{"damage":17,"enemies":"Chosen","floor":18,"turns":4},{"damage":34,"enemies":"2 Thieves","floor":19,"turns":3},{"damage":41,"enemies":"Book of Stabbing","floor":23,"turns":5}],"seed_played":"-5185791430752349474","potions_obtained":[{"floor":4,"key":"GamblersBrew"},{"floor":7,"key":"FearPotion"},{"floor":8,"key":"Explosive Potion"},{"floor":12,"key":"LiquidBronze"},{"floor":18,"key":"SmokeBomb"}],"is_trial":false,"path_per_floor":["M","M","?","M","?","R","M","E","T","M","$","M","R","?","R","B",null,"M","M","?","T","$","E"],"character_chosen":"IRONCLAD","items_purchased":["Demon Form","BloodPotion","Sling","AttackPotion"],"campfire_rested":1,"item_purchase_floors":[11,11,22,22],"current_hp_per_floor":[80,78,78,68,68,68,53,30,30,7,7,15,39,39,39,25,80,69,41,41,41,41,0,0],"gold":30,"neow_bonus":"","is_daily":false,"chose_seed":false,"campfire_upgraded":2,"win_rate":0.0,"timestamp":1612247038,"path_taken":["M","?","?","M","?","R","M","E","T","M","$","?","R","?","R","BOSS","M","M","?","?","?","E"],"items_purchased_type":["Card","Potion","Relic","Potion"],"build_version":"2020-12-22","purchased_purges":0,"victory":false,"max_hp_per_floor":[80,80,80,80,80,80,80,80,80,80,80,80,80,80,80,80,80,80,80,80,80,80,80,80],"card_choices":[{"not_picked":["FairyFestival","VoidDream"],"picked":"SnowQueen","floor":1},{"not_picked":["Headbutt","Flex"],"picked":"Perfected Strike","floor":1},{"not_picked":["MHz","FairyFestival","Wellcheers"],"picked":"Singing Bowl","floor":2},{"not_picked":["Infernal Blade","Evolve"],"picked":"Shockwave","floor":2},{"not_picked":["MHz","OldLady","Scorched"],"picked":"Singing Bowl","floor":4},{"not_picked":["Thunderclap","Twin Strike"],"picked":"Flame Barrier","floor":4},{"not_picked":["UniverseFragment","ShyLook","QueenBee"],"picked":"Singing Bowl","floor":7},{"not_picked":["True Grit","Clash","Bloodletting"],"picked":"SKIP","floor":7},{"not_picked":["Searing Blow","Ghostly Armor"],"picked":"Rage","floor":8},{"not_picked":["QueenOfHatred","Murderer"],"picked":"WallGazer","floor":8},{"not_picked":["Wellcheers","HappyTeddy"],"picked":"Mercenary","floor":10},{"not_picked":["Dark Embrace","Burning Pact"],"picked":"Dual Wield","floor":10},{"not_picked":["PunishingBird","OldLady","HeroicMonk"],"picked":"Singing Bowl","floor":12},{"not_picked":["Thunderclap","Power Through","True Grit"],"picked":"SKIP","floor":12},{"not_picked":["Reaper","Bludgeon"],"picked":"Immolate","floor":16},{"not_picked":["Body Slam","Sever Soul+1"],"picked":"Hemokinesis","floor":18},{"not_picked":["True Grit","Pummel"],"picked":"Dropkick+1","floor":19}],"player_experience":67083,"relics_obtained":[{"floor":8,"key":"Ice Cream"},{"floor":21,"key":"Anchor"}],"event_choices":[{"damage_healed":0,"gold_gain":0,"player_choice":"Grow","damage_taken":0,"max_hp_gain":0,"max_hp_loss":0,"event_name":"Living Wall","floor":3,"gold_loss":0,"cards_upgraded":["Perfected Strike"]},{"damage_healed":0,"gold_gain":0,"player_choice":"0 cards matched","damage_taken":0,"max_hp_gain":0,"max_hp_loss":0,"event_name":"Match and Keep!","floor":5,"gold_loss":0,"cards_obtained":[]},{"damage_healed":0,"gold_gain":0,"player_choice":"Forge","damage_taken":0,"max_hp_gain":0,"max_hp_loss":0,"event_name":"Accursed Blacksmith","floor":14,"gold_loss":0,"cards_upgraded":["Demon Form"]},{"damage_healed":0,"gold_gain":0,"player_choice":"Ignored","damage_taken":0,"max_hp_gain":0,"max_hp_loss":0,"event_name":"Beggar","floor":20,"gold_loss":0}],"is_beta":false,"boss_relics":[{"not_picked":["Velvet Choker","Snecko Eye"],"picked":"Black Star"}],"items_purged_floors":[],"is_endless":false,"potions_floor_spawned":[4,7,8,12,18],"killed_by":"Book of Stabbing","ascension_level":0}}