{"host":"m9k4x7jebcyg2o01","time":1612247395,"event":{"mods":["AchievementEnabler","BaseMod","Colored Powertips","Highlight Path","Minty Spire (QoL Compilation)","StSLib"],"gold_per_floor":[112,124,124,144,1,30,30,59,59,87,107,107,125,150,150,227,227,243,262,111,111,111,137,152,152,222,222,252,252,29,39,39,114,114,129,141,141,1140,6,38,38,69,69,69,116,57,57,70,70,70],"floor_reached":51,"language":"ENG","playtime":4932,"items_purged":["Strike_P","ReachHeaven","Defend_P"],"score":1746,"play_id":"0f20ab29-d885-4e5e-a0f3-ef24f00929a1","local_time":"20210202012955","is_ascension_mode":true,"campfire_choices":[{"data":"Vigilance","floor":7.0,"key":"SMITH"},{"data":"Prostrate","floor":12.0,"key":"SMITH"},{"data":"FlurryOfBlows","floor":15.0,"key":"SMITH"},{"data":"Wallop","floor":27.0,"key":"SMITH"},{"data":"CrushJoints","floor":29.0,"key":"SMITH"},{"data":"DevaForm","floor":32.0,"key":"SMITH"},{"data":"Devotion","floor":41,"key":"SMITH"},{"data":"Sanctity","floor":44,"key":"SMITH"},{"data":"Brilliance","floor":47,"key":"SMITH"},{"data":"EmptyBody","floor":49,"key":"SMITH"}],"circlet_count":0,"master_deck":["AscendersBane","Strike_P","Strike_P+1","Defend_P","Defend_P+1","Eruption+1","Vigilance+1","FlurryOfBlows+1","EmptyBody+1","Prostrate+1","Brilliance+1","CrushJoints+1","Wallop+1","ConjureBlade+1","Sanctity+1","Devotion+1","DevaForm+1","Halt+1","CutThroughFate+1","Master of Strategy"],"relics":["Runic Pyramid","Membership Card","Gambling Chip","White Beast Statue","InkBottle","Damaru","Omamori","Black Star","Lee\u0027s Waffle","Mummified Hand","PreservedInsect","The Courier","Singing Bowl","Bag of Preparation","Boot","TungstenRod","Orrery","SlaversCollar","HandDrill","Meat on the Bone","Akabeko","StrikeDummy","Yang","Nunchaku","War Paint","Orichalcum","Torii","HornCleat","Whetstone","Bottled Tornado","Letter Opener","GoldenEye","CeramicFish","Strawberry","Blue Candle","Ancient Tea Set","Incense Burner"],"acts_visited":["Exordium","TheCity","TheBeyond"],"potions_floor_usage":[42,50,50],"damage_taken":[{"damage":2.0,"enemies":"2 Louse","floor":1.0,"turns":3.0},{"damage":0.0,"enemies":"Cultist","floor":2.0,"turns":2.0},{"damage":0.0,"enemies":"Jaw Worm","floor":4.0,"turns":3.0},{"damage":9.0,"enemies":"Gremlin Nob","floor":6.0,"turns":4.0},{"damage":0.0,"enemies":"3 Sentries","floor":8.0,"turns":7.0},{"damage":3.0,"enemies":"Gremlin Nob","floor":10.0,"turns":3.0},{"damage":3.0,"enemies":"Blue Slaver","floor":11.0,"turns":3.0},{"damage":0.0,"enemies":"Red Slaver","floor":13.0,"turns":4.0},{"damage":1.0,"enemies":"3 Sentries","floor":14.0,"turns":4.0},{"damage":12.0,"enemies":"Hexaghost","floor":16.0,"turns":6.0},{"damage":10.0,"enemies":"2 Thieves","floor":18.0,"turns":3.0},{"damage":13.0,"enemies":"3 Byrds","floor":19.0,"turns":4.0},{"damage":7.0,"enemies":"Gremlin Leader","floor":23.0,"turns":3.0},{"damage":2.0,"enemies":"Snecko","floor":24.0,"turns":4.0},{"damage":8.0,"enemies":"Slavers","floor":28.0,"turns":3.0},{"damage":1.0,"enemies":"Cultist and Chosen","floor":31.0,"turns":3.0},{"damage":2.0,"enemies":"Champ","floor":33.0,"turns":6.0},{"damage":8,"enemies":"3 Darklings","floor":35,"turns":3},{"damage":8,"enemies":"Orb Walker","floor":36,"turns":3},{"damage":0,"enemies":"Giant Head","floor":40,"turns":6},{"damage":0,"enemies":"Reptomancer","floor":42,"turns":4},{"damage":0,"enemies":"2 Orb Walkers","floor":45,"turns":4},{"damage":0,"enemies":"Spire Growth","floor":48,"turns":3},{"damage":0,"enemies":"Time Eater","floor":50,"turns":5}],"seed_played":"1998963242696122351","potions_obtained":[{"floor":6.0,"key":"SteroidPotion"},{"floor":8.0,"key":"GamblersBrew"},{"floor":10.0,"key":"BlessingOfTheForge"},{"floor":18.0,"key":"Fruit Juice"},{"floor":19.0,"key":"SneckoOil"},{"floor":23.0,"key":"Weak Potion"},{"floor":24.0,"key":"Regen Potion"},{"floor":28.0,"key":"SpeedPotion"},{"floor":42,"key":"PowerPotion"}],"is_trial":false,"path_per_floor":["M","M","?","M","$","E","R","E","T","E","M","R","M","E","R","B",null,"M","M","$","?","?","E","M","T","T","R","E","R","$","M","R","B",null,"M","M","?","?","$","E","R","E","T","R","?","$","R","M","R","B",null],"character_chosen":"WATCHER","items_purchased":["Membership Card","Wallop","Lee\u0027s Waffle","TungstenRod","Orrery","HandDrill","Meat on the Bone","Akabeko","StrikeDummy","Yang","Nunchaku","War Paint","Orichalcum","Torii","HornCleat","Whetstone","Bottled Tornado","Letter Opener","Master of Strategy"],"campfire_rested":0,"item_purchase_floors":[5,20,20,30,30,39,39,39,39,39,39,39,39,39,39,39,39,39,46],"current_hp_per_floor":[59,59,59,59,59,50,50,50,50,47,44,44,44,43,43,31,59,54,41,80,80,80,73,71,71,71,71,65,65,67,68,68,68,83,77,71,71,71,71,73,73,82,82,82,84,84,84,86,86,98],"gold":70,"neow_bonus":"BOSS_RELIC","is_daily":false,"chose_seed":false,"campfire_upgraded":10,"win_rate":0.0,"timestamp":1612247395,"path_taken":["M","M","?","M","?","E","R","E","T","E","M","R","M","E","R","BOSS","M","M","$","?","?","E","M","?","T","R","E","R","$","?","R","BOSS","M","M","?","?","$","E","R","E","T","R","?","?","R","M","R","BOSS"],"items_purchased_type":["Relic","Card","Relic","Relic","Relic","Relic","Relic","Relic","Relic","Relic","Relic","Relic","Relic","Relic","Relic","Relic","Relic","Relic","Card"],"build_version":"2020-12-22","purchased_purges":3,"victory":true,"max_hp_per_floor":[68,68,68,68,68,68,68,68,68,68,68,68,68,68,68,68,68,73,73,80,80,80,80,80,80,80,80,82,82,84,86,86,88,88,90,92,92,92,92,94,94,103,103,103,105,105,105,107,107,107],"card_choices":[{"not_picked":["ThirdEye","EmptyBody"],"picked":"FlurryOfBlows","floor":1.0},{"not_picked":["BattleHymn","Study","InnerPeace"],"picked":"SKIP","floor":2.0},{"not_picked":["Crescendo","ClearTheMind"],"picked":"EmptyBody","floor":4.0},{"not_picked":["DeusExMachina","SashWhip","ThirdEye"],"picked":"SKIP","floor":6.0},{"not_picked":["Protect","Prostrate"],"picked":"ReachHeaven","floor":8.0},{"not_picked":["Meditate","FollowUp"],"picked":"Prostrate","floor":10.0},{"not_picked":["Nirvana","Protect","Meditate"],"picked":"SKIP","floor":11.0},{"not_picked":["WindmillStrike","Omniscience","Evaluate"],"picked":"SKIP","floor":13.0},{"not_picked":["Protect","CarveReality","BowlingBash"],"picked":"SKIP","floor":14.0},{"not_picked":["MasterReality","Devotion"],"picked":"Brilliance","floor":16.0},{"not_picked":["CutThroughFate","EmptyFist"],"picked":"CrushJoints","floor":18.0},{"not_picked":["ReachHeaven","EmptyFist","CrushJoints"],"picked":"SKIP","floor":19.0},{"not_picked":["ClearTheMind","JustLucky","FlyingSleeves"],"picked":"SKIP","floor":23.0},{"not_picked":["WreathOfFlame","Tantrum+1"],"picked":"Sanctity","floor":24.0},{"not_picked":["ThirdEye","BattleHymn","Indignation"],"picked":"Singing Bowl","floor":28.0},{"not_picked":["Halt","BattleHymn"],"picked":"Devotion","floor":30.0},{"not_picked":["CarveReality","FlurryOfBlows"],"picked":"DevaForm","floor":30.0},{"not_picked":["Study","EmptyBody","ThirdEye"],"picked":"Singing Bowl","floor":30.0},{"not_picked":["SashWhip","FollowUp"],"picked":"Halt+1","floor":30.0},{"not_picked":["ClearTheMind","BattleHymn+1"],"picked":"CutThroughFate","floor":30.0},{"not_picked":["FollowUp","Crescendo","BowlingBash"],"picked":"Singing Bowl","floor":31.0},{"not_picked":["Alpha","Scrawl","MasterReality"],"picked":"Singing Bowl","floor":33.0},{"not_picked":["BowlingBash","LikeWater","Prostrate"],"picked":"Singing Bowl","floor":35},{"not_picked":["Worship","ThirdEye","WindmillStrike+1"],"picked":"Singing Bowl","floor":36},{"not_picked":["CrushJoints+1","Worship+1","Adaptation+1"],"picked":"Singing Bowl","floor":40},{"not_picked":["Tantrum","WreathOfFlame","MentalFortress+1"],"picked":"Singing Bowl","floor":42},{"not_picked":["FearNoEvil+1","PathToVictory","Prostrate+1"],"picked":"Singing Bowl","floor":45},{"not_picked":["WreathOfFlame","Consecrate","Conclude"],"picked":"Singing Bowl","floor":48}],"player_experience":695508,"relics_obtained":[{"floor":6.0,"key":"Gambling Chip"},{"floor":8.0,"key":"White Beast Statue"},{"floor":9.0,"key":"InkBottle"},{"floor":10.0,"key":"Damaru"},{"floor":14.0,"key":"Omamori"},{"floor":23.0,"key":"Mummified Hand"},{"floor":23.0,"key":"PreservedInsect"},{"floor":25.0,"key":"The Courier"},{"floor":26.0,"key":"Singing Bowl"},{"floor":28.0,"key":"Bag of Preparation"},{"floor":28.0,"key":"Boot"},{"floor":40,"key":"GoldenEye"},{"floor":40,"key":"CeramicFish"},{"floor":42,"key":"Strawberry"},{"floor":42,"key":"Blue Candle"},{"floor":43,"key":"Ancient Tea Set"},{"floor":45,"key":"Incense Burner"}],"event_choices":[{"damage_healed":0.0,"max_hp_gain":0.0,"max_hp_loss":0.0,"gold_gain":0.0,"event_name":"Upgrade Shrine","player_choice":"Upgraded","floor":3.0,"gold_loss":0.0,"damage_taken":0.0,"cards_upgraded":["Eruption"]},{"damage_healed":0.0,"max_hp_gain":0.0,"max_hp_loss":0.0,"gold_gain":0.0,"event_name":"Ghosts","player_choice":"Ignored","floor":21.0,"gold_loss":0.0,"damage_taken":0.0},{"damage_healed":0.0,"max_hp_gain":0.0,"max_hp_loss":0.0,"gold_gain":0.0,"cards_transformed":["Strike_P","Defend_P"],"event_name":"Drug Dealer","player_choice":"Became Test Subject","floor":22.0,"gold_loss":0.0,"damage_taken":0.0,"cards_obtained":["ReachHeaven","ConjureBlade"]},{"cards_removed":["ReachHeaven"],"damage_healed":0,"gold_gain":0,"player_choice":"Removed Attack","damage_taken":0,"max_hp_gain":0,"max_hp_loss":0,"event_name":"Falling","floor":37,"gold_loss":0},{"damage_healed":0,"gold_gain":999,"player_choice":"Gold","damage_taken":0,"max_hp_gain":0,"max_hp_loss":0,"event_name":"MindBloom","floor":38,"gold_loss":0,"cards_obtained":["Normality","Normality"]},{"damage_healed":0,"gold_gain":0,"player_choice":"Fight","damage_taken":0,"max_hp_gain":0,"max_hp_loss":0,"event_name":"Mysterious Sphere","floor":45,"gold_loss":0}],"is_beta":false,"boss_relics":[{"not_picked":["Runic Dome","Ectoplasm"],"picked":"Black Star"},{"not_picked":["Snecko Eye","Sozu"],"picked":"SlaversCollar"}],"items_purged_floors":[20,30,39],"is_endless":false,"potions_floor_spawned":[6,8,10,11,13,14,16,18,19,23,24,28,31,33,35,36,40,42,45,48],"ascension_level":15}}