{"host":"0mf7robgulk01ko7","time":1612273577,"event":{"mods":["AchievementEnabler","BaseMod","Colored Map","DeckTracker","Minty Spire (QoL Compilation)","Quick Restart","Rare Cards Sparkle","Relic Stats","SuperFastMode","everything is the same but u backflip on backflip"],"gold_per_floor":[119,132,147,167,182,182,214,231,231,257,183,183,196,208,208,208,208],"floor_reached":16,"language":"KOR","playtime":727,"items_purged":[],"score":232,"play_id":"38edd80c-da7c-4d87-9f7f-97a7ab9b4ffa","local_time":"20210202224617","is_ascension_mode":true,"campfire_choices":[{"data":"Sunder","floor":6.0,"key":"SMITH"},{"floor":12.0,"key":"REST"},{"data":"Zap","floor":15.0,"key":"SMITH"}],"circlet_count":0,"master_deck":["AscendersBane","Strike_B","Strike_B","Strike_B","Strike_B","Defend_B","Defend_B","Defend_B","Defend_B","Zap+1","Dualcast","Sweeping Beam","Glacier","Sunder+1","Sweeping Beam","Cold Snap","Tempest+1","Undo+1","Seek+1","Skim+1"],"relics":["Cracked Core","NeowsBlessing","Toxic Egg 2","Ice Cream","Darkstone Periapt"],"acts_visited":["Exordium"],"potions_floor_usage":[16,16],"damage_taken":[{"damage":0.0,"enemies":"Cultist","floor":1.0,"turns":1.0},{"damage":0.0,"enemies":"Small Slimes","floor":2.0,"turns":1.0},{"damage":0.0,"enemies":"Jaw Worm","floor":3.0,"turns":1.0},{"damage":7.0,"enemies":"Exordium Wildlife","floor":4.0,"turns":3.0},{"damage":5.0,"enemies":"Blue Slaver","floor":5.0,"turns":5.0},{"damage":11.0,"enemies":"3 Sentries","floor":7.0,"turns":4.0},{"damage":14.0,"enemies":"2 Fungi Beasts","floor":8.0,"turns":3.0},{"damage":21.0,"enemies":"Lagavulin","floor":10.0,"turns":6.0},{"damage":5.0,"enemies":"Exordium Wildlife","floor":13.0,"turns":3.0},{"damage":4.0,"enemies":"Looter","floor":14.0,"turns":4.0},{"damage":21,"enemies":"The Guardian","floor":16,"turns":4}],"seed_played":"2582646142912263988","potions_obtained":[{"floor":3.0,"key":"SteroidPotion"},{"floor":10.0,"key":"SkillPotion"},{"floor":13.0,"key":"DistilledChaos"},{"floor":14.0,"key":"Strength Potion"}],"is_trial":false,"path_per_floor":["M","M","M","M","M","R","E","M","T","E","?","R","M","M","R","B"],"character_chosen":"DEFECT","items_purchased":[],"campfire_rested":1,"item_purchase_floors":[],"current_hp_per_floor":[64,64,64,57,52,52,41,27,27,6,6,27,22,18,18,0,0],"gold":208,"neow_bonus":"THREE_ENEMY_KILL","is_daily":false,"chose_seed":false,"campfire_upgraded":2,"win_rate":0.0,"timestamp":1612273577,"path_taken":["M","?","M","M","?","R","E","M","T","E","?","R","M","M","R","BOSS"],"items_purchased_type":[],"build_version":"2020-12-22","purchased_purges":0,"victory":false,"max_hp_per_floor":[71,71,71,71,71,71,71,71,71,71,71,71,71,71,71,71,71],"relic_stats":{"Darkstone Periapt":0,"counters":[11,35],"obtain_stats":[{"Ice Cream":9,"Darkstone Periapt":10,"NeowsBlessing":0,"Toxic Egg 2":7,"Cracked Core":0},{"Ice Cream":7,"Darkstone Periapt":8,"NeowsBlessing":0,"Toxic Egg 2":6,"Cracked Core":0},{"Ice Cream":18,"Darkstone Periapt":24,"NeowsBlessing":0,"Toxic Egg 2":15,"Cracked Core":0}]},"card_choices":[{"not_picked":["Turbo","Auto Shields"],"picked":"Sweeping Beam","floor":1.0},{"not_picked":["Beam Cell","Go for the Eyes"],"picked":"Glacier","floor":2.0},{"not_picked":["All For One","Steam"],"picked":"Sunder","floor":3.0},{"not_picked":["Fusion","Heatsinks","Sweeping Beam"],"picked":"SKIP","floor":4.0},{"not_picked":["Fusion","Heatsinks"],"picked":"Sweeping Beam","floor":4.0},{"not_picked":["Auto Shields","Redo"],"picked":"Cold Snap","floor":5.0},{"not_picked":["Sweeping Beam","Cold Snap","Ball Lightning"],"picked":"SKIP","floor":7.0},{"not_picked":["Go for the Eyes","Ball Lightning"],"picked":"Tempest+1","floor":8.0},{"not_picked":["Heatsinks","Barrage"],"picked":"Undo+1","floor":10.0},{"not_picked":["Redo+1","FTL"],"picked":"Seek+1","floor":13.0},{"not_picked":["Streamline","Reinforced Body+1"],"picked":"Skim+1","floor":14.0}],"player_experience":419064,"relics_obtained":[{"floor":7.0,"key":"Toxic Egg 2"},{"floor":9.0,"key":"Ice Cream"},{"floor":10.0,"key":"Darkstone Periapt"}],"event_choices":[{"damage_healed":0.0,"max_hp_gain":0.0,"max_hp_loss":0.0,"gold_gain":0.0,"event_name":"World of Goop","player_choice":"Left Gold","floor":11.0,"gold_loss":74.0,"damage_taken":0.0}],"is_beta":false,"boss_relics":[],"items_purged_floors":[],"is_endless":false,"potions_floor_spawned":[3,10,13,14],"killed_by":"The Guardian","ascension_level":20}}