{"host":"rl3s470f8onwqc1s","time":1612257184,"event":{"mods":["BaseMod","Gold Saver","HumanHunterMod(怪物杀人mod)","Minty Spire (QoL Compilation)","MostiFishMod","Shop Mod","Spicy Shops","StSLib","TestMod","[IsaacMod]以撒尖塔","【功能Mod】强力的原版药水"],"gold_per_floor":[977,987,403,403,420,420,454,454,478,504,579,579,590,600,600,724,724,741,1141,1158,1176,1188,1220,1220,1220,1220],"floor_reached":25,"language":"ZHS","playtime":1645,"items_purged":["Defend_P"],"score":566,"play_id":"fa74f9f2-40bb-4c2c-a2b9-471da0ef5cf5","local_time":"20210202171304","is_ascension_mode":true,"campfire_choices":[{"floor":6.0,"key":"REST"},{"floor":8.0,"key":"REST"},{"data":"MostiFishMod:Disappear","floor":12,"key":"SMITH"},{"data":"Adaptation","floor":15,"key":"SMITH"},{"data":"DeusExMachina","floor":24,"key":"SMITH"}],"circlet_count":0,"master_deck":["AscendersBane","Strike_P","Strike_P+1","Strike_P","Defend_P","Defend_P+1","Defend_P","Eruption","Vigilance+1","EpicFetus","Blasphemy+1","MostiFishMod:Speedup+1","Adaptation+1","Prostrate","LessonLearned+1","MostiFishMod:Disappear+1","MostiFishMod:Dust+1","CutThroughFate","MostiFishMod:FlowState+1","LikeWater+1","MostiFishMod:DustFall+1","Eruption+1","MostiFishMod:KamiSmash+1","Study+1","Vault+1","BattleHymn","TalkToTheHand","ClearTheMind+1","Wallop+1","DeusExMachina+1"],"relics":["DaveBox","HushsDoor","HowToJump","testmod-AscensionHeart","Dodecahedron","testmod-SaigiyounoYou","SynthV:TestCard","Membership Card","testmod-LifeArmor","Pantograph","Prayer Wheel","Question Card","Dream Catcher","testmod-TurbochargingSystem","BelialBook","Potion Belt","Jackal-EndForJourney","GnawedLeaf"],"acts_visited":["Exordium","TheCity"],"potions_floor_usage":[10,18,20,22],"damage_taken":[{"damage":44.0,"enemies":"Jaw Worm","floor":1.0,"turns":6.0},{"damage":14.0,"enemies":"2 Louse","floor":2.0,"turns":3.0},{"damage":4.0,"enemies":"Small Slimes","floor":5.0,"turns":2.0},{"damage":19.0,"enemies":"Lagavulin","floor":7.0,"turns":6.0},{"damage":10,"enemies":"3 Sentries","floor":10,"turns":7},{"damage":12,"enemies":"Gremlin Gang","floor":13,"turns":4},{"damage":13,"enemies":"Exordium Wildlife","floor":14,"turns":5},{"damage":0,"enemies":"Hexaghost","floor":16,"turns":4},{"damage":7,"enemies":"2 Thieves","floor":18,"turns":3},{"damage":24,"enemies":"Spheric Guardian","floor":20,"turns":6},{"damage":38,"enemies":"Snake Plant","floor":21,"turns":3},{"damage":17,"enemies":"Shelled Parasite and Fungi","floor":22,"turns":4},{"damage":60,"enemies":"Book of Stabbing","floor":23,"turns":7},{"damage":32,"enemies":"Gremlin Leader","floor":25,"turns":5}],"seed_played":"2370551759533420514","potions_obtained":[{"floor":1.0,"key":"ColorlessPotion"},{"floor":10,"key":"AttackPotion"},{"floor":16,"key":"GamblersBrew"},{"floor":18,"key":"EssenceOfSteel"},{"floor":20,"key":"testmod-SpacePotion"}],"is_trial":false,"path_per_floor":["M","M","$","?","M","R","E","R","T","E","?","R","M","M","R","B",null,"M","?","M","M","M","E","R","E"],"character_chosen":"WATCHER","items_purchased":["Membership Card","testmod-LifeArmor","Pantograph","Prayer Wheel","Question Card","MostiFishMod:Speedup","MostiFishMod:KamiSmash"],"campfire_rested":2,"item_purchase_floors":[3,3,3,3,3,3,17],"current_hp_per_floor":[26,17,17,12,13,33,22,42,42,55,55,55,52,49,49,75,72,72,72,53,19,11,69,69,44,44],"gold":1220,"neow_bonus":"BOSS_RELIC","is_daily":false,"chose_seed":false,"campfire_upgraded":3,"win_rate":0.0,"timestamp":1612257184,"path_taken":["M","M","$","?","M","R","E","R","T","E","?","R","?","?","R","BOSS","M","?","M","M","?","E","R","E"],"items_purchased_type":["Relic","Relic","Relic","Relic","Relic","Card","Card"],"build_version":"2020-12-22","purchased_purges":1,"victory":false,"max_hp_per_floor":[68,68,68,68,68,68,69,69,69,70,70,70,70,70,70,75,72,72,72,72,72,72,73,73,73,73],"card_choices":[{"not_picked":[],"picked":"EpicFetus","floor":0.0},{"not_picked":["SashWhip","Protect","FollowUp"],"picked":"SKIP","floor":1.0},{"not_picked":["Conclude","Halt","CrushJoints","SandsOfTime"],"picked":"Blasphemy","floor":2.0},{"not_picked":["CutThroughFate","Worship","EmptyFist","Fasting2","JustLucky"],"picked":"Bomb","floor":5.0},{"not_picked":["FlyingSleeves","CarveReality","MostiFishMod:Speedup","Prostrate","TalkToTheHand"],"picked":"Adaptation","floor":5.0},{"not_picked":["SashWhip","MostiFishMod:PathToVictory","WindmillStrike","PathToVictory","InnerPeace"],"picked":"Prostrate","floor":6.0},{"not_picked":["MostiFishMod:Disappear","Brilliance","MostiFishMod:StarHerder","MostiFishMod:StarWish","Alpha"],"picked":"LessonLearned","floor":7.0},{"not_picked":["CarveReality","ThirdEye","ReachHeaven","EmptyBody","MostiFishMod:ScryFuture"],"picked":"MostiFishMod:Disappear","floor":8.0},{"not_picked":["Wish","MostiFishMod:StarHerder","MostiFishMod:KamiSmash","ConjureBlade","ConjureBlade"],"picked":"MostiFishMod:Dust","floor":10},{"not_picked":["EmptyFist","ClearTheMind","MostiFishMod:StarOceanP","FollowUp","CrushJoints"],"picked":"CutThroughFate","floor":13},{"not_picked":["ThirdEye","EmptyFist","EmptyMind","MostiFishMod:FlowState","CrushJoints"],"picked":"Halt","floor":13},{"not_picked":["SandsOfTime","Alpha","CutThroughFate","PathToVictory","EmptyFist"],"picked":"MostiFishMod:FlowState","floor":14},{"not_picked":["Pray","CrushJoints","ClearTheMind","Vengeance","EmptyFist"],"picked":"LikeWater","floor":14},{"not_picked":["MostiFishMod:StarLaLaLa","Ragnarok","ConjureBlade","MostiFishMod:StarWish","MostiFishMod:DisColor"],"picked":"MostiFishMod:DustFall","floor":16},{"not_picked":["CrushJoints+1","CutThroughFate","SashWhip","Vengeance","BowlingBash"],"picked":"Study","floor":18},{"not_picked":["JustLucky","CrushJoints","FlyingSleeves","MostiFishMod:Speedup","Indignation"],"picked":"Vault","floor":18},{"not_picked":["ClearTheMind","BowlingBash","EmptyBody","EmptyMind","ForeignInfluence"],"picked":"BattleHymn","floor":20},{"not_picked":["PathToVictory","EmptyMind","CrushJoints","Consecrate","EmptyFist","ThirdEye"],"picked":"SKIP","floor":20},{"not_picked":["MostiFishMod:Clarity+1","WaveOfTheHand","ThirdEye","Wireheading","Evaluate"],"picked":"TalkToTheHand","floor":21},{"not_picked":["Worship","MostiFishMod:Nomercy+1","CutThroughFate+1","MostiFishMod:KamiSmash","Conclude"],"picked":"ClearTheMind+1","floor":21},{"not_picked":["MostiFishMod:PathToVictory","PathToVictory","FlyingSleeves","EmptyFist","SandsOfTime"],"picked":"Wallop","floor":22},{"not_picked":["MostiFishMod:ScryFuture","SandsOfTime","SashWhip","FollowUp","JustLucky","Crescendo"],"picked":"SKIP","floor":22},{"not_picked":["MostiFishMod:OutWit","Ragnarok","DevaForm","MostiFishMod:Adaptation","MostiFishMod:StarOceanP"],"picked":"DeusExMachina","floor":23}],"player_experience":1350732,"relics_obtained":[{"floor":1.0,"key":"SynthV:TestCard"},{"floor":7.0,"key":"testmod-TurbochargingSystem"},{"floor":9.0,"key":"BelialBook"},{"floor":10,"key":"Potion Belt"},{"floor":23,"key":"GnawedLeaf"}],"event_choices":[{"damage_healed":0.0,"max_hp_gain":0.0,"max_hp_loss":0.0,"gold_gain":0.0,"event_name":"Scrap Ooze","player_choice":"Success","floor":4.0,"gold_loss":0.0,"damage_taken":11.0,"relics_obtained":["Dream Catcher"]},{"damage_healed":0,"gold_gain":75,"player_choice":"Gather Gold","damage_taken":11,"max_hp_gain":0,"max_hp_loss":0,"event_name":"World of Goop","floor":11,"gold_loss":0},{"damage_healed":0,"gold_gain":400,"player_choice":"Sell","damage_taken":0,"max_hp_gain":0,"max_hp_loss":0,"event_name":"恩洛斯的盘子","floor":19,"relics_lost":["testmod-TestBox"],"gold_loss":0}],"is_beta":false,"boss_relics":[{"not_picked":["GreenFoldingFan","Velvet Choker"],"picked":"Jackal-EndForJourney"},{"not_picked":[]}],"items_purged_floors":[3],"is_endless":false,"potions_floor_spawned":[1,10,16,18,20],"killed_by":"Gremlin Leader","ascension_level":20}}