{"host":"qdfumeom6htv8yxl","time":1612305560,"event":{"mods":["AchievementEnabler","BaseMod","Bestiary","Block Reminder","Colored Powertips","Highlight Path","Minty Spire (QoL Compilation)","Quick Restart","Relic Stats"],"gold_per_floor":[113,113,38,38,38,38,73,91,117,134,134,213,213,246,246,324,324,343,343,356,356,366,366,99,99,126,126,126,1,31,45,45,45,45],"floor_reached":33,"language":"ENG","playtime":1114,"items_purged":["Dualcast","Writhe","Shame"],"score":588,"play_id":"50f9c018-7363-42ff-b85e-c27766b59e4e","local_time":"20210202163920","is_ascension_mode":true,"campfire_choices":[{"data":"Go for the Eyes","floor":6,"key":"SMITH"},{"data":"Sunder","floor":11,"key":"SMITH"},{"data":"FTL","floor":13,"key":"SMITH"},{"data":"Beam Cell","floor":15,"key":"SMITH"},{"data":"Hologram","floor":23,"key":"SMITH"},{"floor":28,"key":"DIG"},{"floor":32,"key":"REST"}],"circlet_count":0,"master_deck":["AscendersBane","Strike_B+1","Strike_B+1","Strike_B+1","Strike_B+1","Defend_B+1","Defend_B+1","Defend_B+1","Defend_B+1","Go for the Eyes+1","Sunder+1","Gash+1","FTL+1","Beam Cell+1","Reboot","Reinforced Body","RitualDagger+1","Hologram+1","Beam Cell"],"relics":["Cracked Core","NeowsBlessing","StoneCalendar","Pear","Orichalcum","DataDisk","Cursed Key","Shovel","Tiny Chest","Blood Vial","Anchor","Whetstone"],"acts_visited":["Exordium","TheCity"],"potions_floor_usage":[14,18,18,20,22,30,30,33,33],"damage_taken":[{"damage":0.0,"enemies":"2 Louse","floor":1.0,"turns":1.0},{"damage":0,"enemies":"Gremlin Nob","floor":7,"turns":1},{"damage":0,"enemies":"Jaw Worm","floor":8,"turns":1},{"damage":0,"enemies":"Small Slimes","floor":10,"turns":2},{"damage":18,"enemies":"Lagavulin","floor":14,"turns":4},{"damage":45,"enemies":"The Guardian","floor":16,"turns":10},{"damage":0,"enemies":"Shell Parasite","floor":18,"turns":1},{"damage":0,"enemies":"2 Thieves","floor":20,"turns":3},{"damage":12,"enemies":"Sentry and Sphere","floor":22,"turns":5},{"damage":30,"enemies":"Slavers","floor":30,"turns":6},{"damage":12,"enemies":"Snecko","floor":31,"turns":5},{"damage":56,"enemies":"Automaton","floor":33,"turns":6}],"seed_played":"1249998119595793385","potions_obtained":[{"floor":1.0,"key":"Swift Potion"},{"floor":14,"key":"LiquidMemories"},{"floor":16,"key":"DuplicationPotion"},{"floor":18,"key":"SteroidPotion"},{"floor":20,"key":"AttackPotion"},{"floor":27,"key":"CultistPotion"},{"floor":27,"key":"CultistPotion"},{"floor":30,"key":"SteroidPotion"},{"floor":31,"key":"Swift Potion"}],"is_trial":false,"path_per_floor":["M","?","$","?","?","R","E","M","T","M","R","?","R","E","R","B",null,"M","?","M","?","M","R","$","?","T","?","R","$","E","M","R","B"],"character_chosen":"DEFECT","items_purchased":["Tiny Chest"],"campfire_rested":1,"item_purchase_floors":[24],"current_hp_per_floor":[64,38,38,61,61,61,71,71,71,71,71,71,71,53,53,8,63,63,57,57,57,45,45,45,45,45,45,45,45,17,7,31,0,0],"gold":45,"neow_bonus":"THREE_ENEMY_KILL","is_daily":false,"chose_seed":false,"campfire_upgraded":5,"win_rate":0.0,"timestamp":1612305560,"path_taken":["M","?","$","?","?","R","E","?","T","M","R","?","R","E","R","BOSS","M","?","M","?","?","R","$","?","T","?","R","$","E","M","R","BOSS"],"items_purchased_type":["Relic"],"build_version":"2020-12-22","purchased_purges":3,"victory":false,"max_hp_per_floor":[71,71,71,71,71,71,81,81,81,81,81,81,81,81,81,81,81,81,81,81,81,81,81,81,81,81,81,81,81,81,81,81,81,81],"relic_stats":{"Blood Vial":6,"Shovel":1,"counters":[12,45],"StoneCalendar":[52],"Tiny Chest":0,"Whetstone":["RitualDagger","Gash"],"Orichalcum":[96],"Cursed Key":1,"obtain_stats":[{"Blood Vial":26,"DataDisk":14,"Anchor":28,"Pear":7,"Shovel":21,"NeowsBlessing":0,"StoneCalendar":2,"Tiny Chest":24,"Whetstone":30,"Orichalcum":9,"Cracked Core":0,"Cursed Key":17},{"Blood Vial":9,"DataDisk":5,"Anchor":9,"Pear":2,"Shovel":8,"NeowsBlessing":0,"StoneCalendar":1,"Tiny Chest":9,"Whetstone":10,"Orichalcum":3,"Cracked Core":0,"Cursed Key":6},{"Blood Vial":28,"DataDisk":9,"Anchor":28,"Pear":2,"Shovel":23,"NeowsBlessing":0,"StoneCalendar":1,"Tiny Chest":28,"Whetstone":34,"Orichalcum":3,"Cracked Core":0,"Cursed Key":19}]},"card_choices":[{"not_picked":["Hello World","Heatsinks"],"picked":"Go for the Eyes","floor":1.0},{"not_picked":["Biased Cognition","Reinforced Body"],"picked":"Sunder","floor":7},{"not_picked":["Coolheaded","Storm"],"picked":"Gash","floor":8},{"not_picked":["Coolheaded","Skim"],"picked":"FTL","floor":10},{"not_picked":["Coolheaded","Sweeping Beam"],"picked":"Beam Cell","floor":14},{"not_picked":["Core Surge","Machine Learning"],"picked":"Reboot","floor":16},{"not_picked":["Hello World","Blizzard"],"picked":"Reinforced Body","floor":18},{"not_picked":["Stack","Ball Lightning"],"picked":"Hologram","floor":20},{"not_picked":["Streamline","Barrage","Aggregate"],"picked":"SKIP","floor":22},{"not_picked":["Capacitor","Fusion+1","Glacier"],"picked":"SKIP","floor":30},{"not_picked":["Sweeping Beam","Streamline"],"picked":"Beam Cell","floor":31}],"player_experience":1975069,"relics_obtained":[{"floor":7,"key":"Pear"},{"floor":9,"key":"Orichalcum"},{"floor":14,"key":"DataDisk"},{"floor":26,"key":"Blood Vial"},{"floor":28,"key":"Anchor"},{"floor":30,"key":"Whetstone"}],"event_choices":[{"damage_healed":0.0,"max_hp_gain":0.0,"max_hp_loss":0.0,"gold_gain":0.0,"event_name":"Scrap Ooze","player_choice":"Success","floor":2.0,"gold_loss":0.0,"damage_taken":26.0,"relics_obtained":["StoneCalendar"]},{"damage_healed":23.0,"max_hp_gain":0.0,"max_hp_loss":0.0,"gold_gain":0.0,"event_name":"Big Fish","player_choice":"Banana","floor":4.0,"gold_loss":0.0,"damage_taken":0.0},{"cards_removed":["Zap"],"damage_healed":0,"gold_gain":0,"player_choice":"Forget","damage_taken":0,"max_hp_gain":0,"max_hp_loss":0,"event_name":"Living Wall","floor":5,"gold_loss":0},{"damage_healed":0,"gold_gain":79,"player_choice":"Gained Gold","damage_taken":0,"max_hp_gain":0,"max_hp_loss":0,"event_name":"Golden Wing","floor":12,"gold_loss":0},{"damage_healed":0,"gold_gain":0,"player_choice":"Joined the Cult","damage_taken":6,"max_hp_gain":0,"max_hp_loss":0,"event_name":"Nest","floor":19,"gold_loss":0,"cards_obtained":["RitualDagger"]},{"damage_healed":0,"gold_gain":0,"player_choice":"Opened","damage_taken":0,"relics_obtained":["Shovel"],"max_hp_gain":0,"max_hp_loss":0,"event_name":"The Mausoleum","floor":21,"gold_loss":0,"cards_obtained":["Writhe"]},{"damage_healed":0,"gold_gain":0,"player_choice":"Simplicity","damage_taken":0,"max_hp_gain":0,"max_hp_loss":0,"event_name":"Back to Basics","floor":25,"gold_loss":0,"cards_upgraded":["Strike_B","Strike_B","Strike_B","Strike_B","Defend_B","Defend_B","Defend_B","Defend_B"]},{"damage_healed":0,"gold_gain":0,"player_choice":"Got Potions","damage_taken":0,"max_hp_gain":0,"max_hp_loss":0,"event_name":"Lab","floor":27,"gold_loss":0}],"is_beta":false,"boss_relics":[{"not_picked":["Black Star","Velvet Choker"],"picked":"Cursed Key"}],"items_purged_floors":[3,24,29],"is_endless":false,"potions_floor_spawned":[1,14,16,18,20,30,31],"killed_by":"Automaton","ascension_level":20}}