{"host":"at5b10nm0iti0w4x","time":1612225138,"event":{"mods":["AchievementEnabler","BaseMod","Bestiary","Block Reminder","Colored Map","Colored Powertips","Highlight Path","Keyboard Shortcuts","Minty Spire (QoL Compilation)","Relic Stats","StSLib","SuperFastMode"],"gold_per_floor":[217,232,232,107,123,123,156,176,199,222,256,256,277,298,298,424,424,399,314,314,329,348,348,91,110,110,110,135,150,150,173,173,304,304,322,1321,1654,1654,512,512,524,540,540,558,152,169,183,201,201,201],"floor_reached":51,"language":"ENG","playtime":2861,"items_purged":["Strike_R","Strike_R","Normality","Normality"],"score":742,"play_id":"1c76b69c-a7f8-4dca-8048-cb01905841c0","local_time":"20210201191858","is_ascension_mode":false,"campfire_choices":[{"data":"Armaments","floor":6,"key":"SMITH"},{"floor":15,"key":"REST"},{"data":"Barricade","floor":23,"key":"SMITH"},{"floor":27,"key":"REST"},{"floor":30,"key":"REST"},{"data":"Entrench","floor":32,"key":"SMITH"},{"data":"True Grit","floor":40,"key":"SMITH"},{"floor":49,"key":"REST"}],"circlet_count":0,"master_deck":["Strike_R","Strike_R","Strike_R","Defend_R","Defend_R","Defend_R","Defend_R","Bash","Armaments+1","Iron Wave","Barricade+1","Body Slam","Shockwave","Iron Wave","CurseOfTheBell","Sword Boomerang+1","Warcry","Iron Wave","True Grit+1","Double Tap","Entrench+1","Flame Barrier+1","Shrug It Off","Berserk+1","Body Slam","True Grit+1","Headbutt+1","Feel No Pain+1","Headbutt","Headbutt"],"relics":["Burning Blood","Anchor","Ancient Tea Set","Nunchaku","CultistMask","Calling Bell","Vajra","Darkstone Periapt","Lizard Tail","Blood Vial","Dream Catcher","SlaversCollar","Lee\u0027s Waffle","Torii","Pocketwatch","Kunai","Toolbox"],"acts_visited":["Exordium","TheCity","TheBeyond"],"potions_floor_usage":[8,29,33,33,33,33,33,33,42,48,48,50,50],"damage_taken":[{"damage":6,"enemies":"Jaw Worm","floor":1,"turns":3},{"damage":1,"enemies":"Cultist","floor":2,"turns":4},{"damage":6,"enemies":"2 Louse","floor":5,"turns":4},{"damage":27,"enemies":"3 Sentries","floor":7,"turns":11},{"damage":0,"enemies":"Gremlin Gang","floor":8,"turns":5},{"damage":13,"enemies":"Lots of Slimes","floor":10,"turns":7},{"damage":10,"enemies":"Gremlin Nob","floor":11,"turns":4},{"damage":16,"enemies":"Exordium Thugs","floor":13,"turns":6},{"damage":0,"enemies":"3 Louse","floor":14,"turns":4},{"damage":23,"enemies":"The Guardian","floor":16,"turns":15},{"damage":9,"enemies":"2 Thieves","floor":18,"turns":5},{"damage":2,"enemies":"Chosen","floor":21,"turns":5},{"damage":56,"enemies":"Sentry and Sphere","floor":22,"turns":10},{"damage":3,"enemies":"Centurion and Healer","floor":25,"turns":7},{"damage":0,"enemies":"Cultist and Chosen","floor":28,"turns":7},{"damage":46,"enemies":"Snecko","floor":29,"turns":10},{"damage":6,"enemies":"Centurion and Healer","floor":31,"turns":17},{"damage":72,"enemies":"Collector","floor":33,"turns":16},{"damage":0,"enemies":"3 Shapes","floor":35,"turns":9},{"damage":16,"enemies":"Orb Walker","floor":41,"turns":5},{"damage":34,"enemies":"Jaw Worm Horde","floor":42,"turns":7},{"damage":19,"enemies":"Maw","floor":44,"turns":10},{"damage":41,"enemies":"Sphere and 2 Shapes","floor":46,"turns":10},{"damage":0,"enemies":"4 Shapes","floor":47,"turns":7},{"damage":26,"enemies":"Spire Growth","floor":48,"turns":7},{"damage":6,"enemies":"Time Eater","floor":50,"turns":12}],"seed_played":"-4857782570595582697","potions_obtained":[{"floor":1,"key":"PowerPotion"},{"floor":7,"key":"SteroidPotion"},{"floor":8,"key":"Weak Potion"},{"floor":16,"key":"LiquidMemories"},{"floor":21,"key":"EntropicBrew"},{"floor":29,"key":"SteroidPotion"},{"floor":35,"key":"LiquidMemories"},{"floor":47,"key":"LiquidMemories"},{"floor":48,"key":"FearPotion"}],"is_trial":false,"path_per_floor":["M","M","?","$","M","R","E","M","T","M","E","?","M","M","R","B",null,"M","?","?","M","M","R","$","M","T","R","M","M","R","M","R","B",null,"M","?","?","?","$","R","M","M","T","M","$","M","M","M","R","B",null],"character_chosen":"IRONCLAD","items_purchased":["Strength Potion","Double Tap","Lee\u0027s Waffle","Body Slam","True Grit","Torii","DuplicationPotion","DuplicationPotion","Pocketwatch","Headbutt","SteroidPotion","Toolbox"],"campfire_rested":4,"item_purchase_floors":[4,24,39,39,39,39,39,39,39,45,45,45],"current_hp_per_floor":[80,80,60,60,60,60,39,45,45,38,34,34,24,30,54,37,80,77,77,77,80,30,30,30,35,35,59,67,29,53,55,55,7,80,80,92,92,92,99,99,89,63,63,52,52,19,27,9,38,40],"gold":201,"neow_bonus":"HUNDRED_GOLD","is_daily":false,"chose_seed":false,"campfire_upgraded":4,"win_rate":0.0,"timestamp":1612225138,"path_taken":["M","M","?","$","M","R","E","M","T","M","E","?","?","M","R","BOSS","M","?","?","?","?","R","$","M","T","R","M","M","R","M","R","BOSS","M","?","?","?","$","R","M","M","T","?","?","M","M","M","R","BOSS"],"items_purchased_type":["Potion","Card","Relic","Card","Card","Relic","Potion","Potion","Relic","Card","Potion","Relic"],"build_version":"2020-12-22","purchased_purges":4,"victory":true,"max_hp_per_floor":[80,80,80,80,80,80,80,80,80,80,80,80,80,80,80,80,80,80,80,80,80,80,80,80,80,80,80,80,80,80,80,80,80,80,80,92,92,92,99,99,99,99,99,99,99,99,99,99,99,99],"relic_stats":{"Darkstone Periapt":12,"Blood Vial":24,"Nunchaku":[23],"Lizard Tail":0,"Dream Catcher":3,"Lee\u0027s Waffle":7,"Torii":14,"counters":[26,207],"Kunai":[4],"obtain_stats":[{"Darkstone Periapt":17,"Lee\u0027s Waffle":39,"Torii":39,"Golden Idol":3,"Vajra":17,"Ancient Tea Set":9,"Burning Blood":0,"Calling Bell":17,"Blood Vial":19,"SlaversCollar":34,"Anchor":7,"Nunchaku":11,"Lizard Tail":17,"Dream Catcher":26,"Toolbox":45,"CultistMask":12,"Kunai":43,"Pocketwatch":39},{"Darkstone Periapt":10,"Lee\u0027s Waffle":19,"Torii":19,"Golden Idol":2,"Vajra":10,"Ancient Tea Set":5,"Burning Blood":0,"Calling Bell":10,"Blood Vial":11,"SlaversCollar":18,"Anchor":4,"Nunchaku":7,"Lizard Tail":10,"Dream Catcher":14,"Toolbox":22,"CultistMask":7,"Kunai":21,"Pocketwatch":19},{"Darkstone Periapt":63,"Lee\u0027s Waffle":149,"Torii":149,"Golden Idol":7,"Vajra":63,"Ancient Tea Set":27,"Burning Blood":0,"Calling Bell":63,"Blood Vial":68,"SlaversCollar":140,"Anchor":22,"Nunchaku":38,"Lizard Tail":63,"Dream Catcher":90,"Toolbox":171,"CultistMask":38,"Kunai":161,"Pocketwatch":149}],"Burning Blood":142,"Pocketwatch":[69]},"card_choices":[{"not_picked":["Hemokinesis","Flex"],"picked":"Spot Weakness","floor":1},{"not_picked":["Seeing Red","Pummel"],"picked":"Armaments","floor":2},{"not_picked":["Perfected Strike","Cleave"],"picked":"Iron Wave","floor":5},{"not_picked":["Armaments","Shrug It Off"],"picked":"Barricade","floor":7},{"not_picked":["Ghostly Armor","Second Wind"],"picked":"Body Slam","floor":8},{"not_picked":["Body Slam","Havoc"],"picked":"Shockwave","floor":10},{"not_picked":["Evolve","Seeing Red","Pummel"],"picked":"SKIP","floor":11},{"not_picked":["Body Slam","Twin Strike"],"picked":"Iron Wave","floor":13},{"not_picked":["Feel No Pain","Anger","Armaments"],"picked":"SKIP","floor":14},{"not_picked":["Dark Embrace","Hemokinesis"],"picked":"Sword Boomerang+1","floor":18},{"not_picked":["Pommel Strike","Cleave+1"],"picked":"Iron Wave","floor":21},{"not_picked":["Sword Boomerang","Searing Blow"],"picked":"True Grit+1","floor":22},{"not_picked":["Whirlwind+1","Pommel Strike","Armaments"],"picked":"SKIP","floor":25},{"not_picked":["Reckless Charge","Clothesline"],"picked":"Entrench","floor":27},{"not_picked":["Twin Strike","Feed","Rampage"],"picked":"SKIP","floor":28},{"not_picked":["Seeing Red","Twin Strike"],"picked":"Flame Barrier+1","floor":29},{"not_picked":["Power Through","Wild Strike"],"picked":"Shrug It Off","floor":30},{"not_picked":["Thunderclap","Blood for Blood","Dropkick"],"picked":"SKIP","floor":31},{"not_picked":["Immolate","Exhume"],"picked":"Berserk","floor":33},{"not_picked":["Searing Blow","Iron Wave","Havoc+1"],"picked":"SKIP","floor":35},{"not_picked":["True Grit","Dual Wield+1"],"picked":"Headbutt+1","floor":41},{"not_picked":["Havoc","Anger","Infernal Blade+1"],"picked":"SKIP","floor":42},{"not_picked":["Wild Strike","Pommel Strike"],"picked":"Feel No Pain+1","floor":44},{"not_picked":["Heavy Blade","Flex"],"picked":"Headbutt","floor":46},{"not_picked":["Uppercut+1","Havoc","Perfected Strike"],"picked":"SKIP","floor":47},{"not_picked":["Bloodletting","Wild Strike+1","Anger+1"],"picked":"SKIP","floor":48}],"player_experience":17731,"relics_obtained":[{"floor":7,"key":"Anchor"},{"floor":9,"key":"Ancient Tea Set"},{"floor":11,"key":"Nunchaku"},{"floor":17,"key":"Vajra"},{"floor":17,"key":"Darkstone Periapt"},{"floor":17,"key":"Lizard Tail"},{"floor":26,"key":"Dream Catcher"},{"floor":43,"key":"Kunai"}],"event_choices":[{"damage_healed":0,"gold_gain":0,"player_choice":"Take Damage","damage_taken":20,"relics_obtained":["Golden Idol"],"max_hp_gain":0,"max_hp_loss":0,"event_name":"Golden Idol","floor":3,"gold_loss":0},{"damage_healed":0,"gold_gain":0,"player_choice":"Trade","damage_taken":0,"relics_obtained":["CultistMask"],"max_hp_gain":0,"max_hp_loss":0,"event_name":"FaceTrader","floor":12,"gold_loss":0},{"damage_healed":0,"gold_gain":0,"player_choice":"Obtained Relic","damage_taken":0,"relics_obtained":["Blood Vial"],"max_hp_gain":0,"max_hp_loss":0,"event_name":"Addict","floor":19,"gold_loss":85},{"damage_healed":0,"gold_gain":0,"cards_transformed":["Spot Weakness"],"player_choice":"Transformed","damage_taken":0,"max_hp_gain":0,"max_hp_loss":0,"event_name":"Transmorgrifier","floor":20,"gold_loss":0,"cards_obtained":["Warcry"]},{"damage_healed":0,"gold_gain":999,"player_choice":"Gold","damage_taken":0,"max_hp_gain":0,"max_hp_loss":0,"event_name":"MindBloom","floor":36,"gold_loss":0,"cards_obtained":["Normality","Normality"]},{"damage_healed":0,"gold_gain":333,"player_choice":"Gave Idol","damage_taken":0,"max_hp_gain":0,"max_hp_loss":0,"event_name":"The Moai Head","floor":37,"relics_lost":["Golden Idol"],"gold_loss":0},{"damage_healed":0,"gold_gain":0,"player_choice":"Upgraded","damage_taken":0,"max_hp_gain":0,"max_hp_loss":0,"event_name":"Upgrade Shrine","floor":38,"gold_loss":0,"cards_upgraded":["Berserk"]}],"is_beta":false,"boss_relics":[{"not_picked":["Busted Crown","Philosopher\u0027s Stone"],"picked":"Calling Bell"},{"not_picked":["Snecko Eye","Runic Dome"],"picked":"SlaversCollar"}],"items_purged_floors":[4,24,39,45],"is_endless":false,"potions_floor_spawned":[1,7,8,11,16,21,28,29,31,35,41,47,48],"ascension_level":0}}