{"host":"y4sghvfd0ewtcchd","time":1612296187,"event":{"mods":["A Penny For Your Troubles","Aspiration","BaseMod","Better Altar","Better Debug","Better Note","Better Third Choice","BetterRewards","Block Reminder","Colored Map","Colored Powertips","Highlight Path","Hubris","Infinite Spire","Minty Spire (QoL Compilation)","Relic Sorter","Relic Stats","Replay The Spire","Robot Space Explorer","Shop Mod","Spicy Shops","StSLib","The Jungle","The Saiyan","Wide Potions"],"gold_per_floor":[115,127,27,45,58,58,90,90,136,167,177,188,213,88,88,189,189,202,52,66,66,66,100,100,132,178,191,211,242,242,261,261,364,364,375,393,148,168,168,196,208,222,222,255,55,73,89,123,123,123,123,124,124,124,424,424,424],"floor_reached":58,"language":"ENG","playtime":2851,"items_purged":["hubris:InfiniteBlow+420","Strike_R","Strike_R","Strike_R","Strike_R","Bash","Defend_R"],"score":2703,"play_id":"9297e6ed-8835-4aed-86d2-6442cb063b5e","local_time":"20210202230307","is_ascension_mode":true,"campfire_choices":[{"data":"hubris:EnhanceAbility","floor":6,"key":"SMITH"},{"floor":8,"key":"REST"},{"data":"ReplayReversal","floor":15,"key":"SMITH"},{"data":"Offering","floor":24,"key":"SMITH"},{"floor":32,"key":"RECALL"},{"data":"Armaments","floor":51,"key":"SMITH"},{"data":"Burning Pact","floor":54,"key":"SMITH"}],"circlet_count":0,"master_deck":["hubris:InfiniteBlow+840","Strike_R","Defend_R","Defend_R","Defend_R","Metallicize","Shrug It Off","ReplayReversal+1","Iron Wave","Armaments+1","Shrug It Off","hubris:EnhanceAbility+1","Power Through","ReplayTheSpireMod:Stacked","Pommel Strike","Metallicize","Offering+1","Burning Pact+1","Burning Pact+1","Inflame+1","ReplayTheSpireMod:Stacked","Bloodletting","Secret Technique","hubris:EnhanceAbility","Replay:Bootleg Shield Generator"],"relics":["Burning Blood","Orrery","Replay:Baseball","Bag of Preparation","HornCleat","infinitespire:Lucky Rock","Mummified Hand","hubris:PeanutButter","hubris:GrandSneckoEye","hubris:Icosahedron","Potion Belt","Bird Faced Urn","Happy Flower","Omamori","Abe\u0027s Treasure","hubris:Backtick","Bottled Lightning","CaptainsWheel","King of Hearts","Mirror","Vajra","hubris:NiceRug","aspiration:ChemicalBlood","Bronze Scales","Medical Kit","Ginger","Ice Cream","ReplayTheSpireMod:ShopPack"],"acts_visited":["Exordium","TheCity","TheBeyond","TheEnding"],"potions_floor_usage":[38,57,57,57,57,57,57],"damage_taken":[{"damage":0,"enemies":"Jaw Worm","floor":1,"turns":1},{"damage":0,"enemies":"Small Slimes","floor":2,"turns":3},{"damage":0,"enemies":"Cultist","floor":4,"turns":5},{"damage":15,"enemies":"Gremlin Gang","floor":5,"turns":6},{"damage":0,"enemies":"Lagavulin","floor":7,"turns":2},{"damage":0,"enemies":"Gremlin Nob","floor":10,"turns":2},{"damage":0,"enemies":"2 Fungi Beasts","floor":11,"turns":3},{"damage":0,"enemies":"Blue Slaver","floor":12,"turns":3},{"damage":2,"enemies":"3 Sentries","floor":13,"turns":7},{"damage":0,"enemies":"Slime Boss","floor":16,"turns":3},{"damage":0,"enemies":"Spheric Guardian","floor":18,"turns":1},{"damage":0,"enemies":"Shell Parasite","floor":20,"turns":1},{"damage":0,"enemies":"Gremlin Leader","floor":23,"turns":1},{"damage":0,"enemies":"Slavers","floor":25,"turns":5},{"damage":0,"enemies":"Chosen and Byrds","floor":27,"turns":4},{"damage":0,"enemies":"Sentry and Sphere","floor":28,"turns":4},{"damage":0,"enemies":"Book of Stabbing","floor":29,"turns":1},{"damage":0,"enemies":"Snake Plant","floor":31,"turns":1},{"damage":0,"enemies":"Automaton","floor":33,"turns":2},{"damage":0,"enemies":"3 Darklings","floor":35,"turns":3},{"damage":0,"enemies":"Orb Walker","floor":36,"turns":2},{"damage":0,"enemies":"3 Darklings","floor":38,"turns":4},{"damage":0,"enemies":"R_Hoarder","floor":40,"turns":1},{"damage":0,"enemies":"Jaw Worm Horde","floor":41,"turns":3},{"damage":0,"enemies":"Spire Growth","floor":42,"turns":2},{"damage":0,"enemies":"Nemesis","floor":44,"turns":3},{"damage":0,"enemies":"3 Darklings","floor":46,"turns":4},{"damage":0,"enemies":"Jaw Worm Horde","floor":47,"turns":3},{"damage":0,"enemies":"Reptomancer","floor":48,"turns":2},{"damage":0,"enemies":"Donu and Deca","floor":52,"turns":4},{"damage":0,"enemies":"hubris:Merchant","floor":55,"turns":2},{"damage":0,"enemies":"The Heart","floor":57,"turns":5}],"seed_played":"-2448819303172821706","potions_obtained":[{"floor":1,"key":"BlessingOfTheForge"},{"floor":10,"key":"Block Potion"},{"floor":12,"key":"GamblersBrew"},{"floor":27,"key":"Swift Potion"},{"floor":28,"key":"Milkshake"},{"floor":29,"key":"BlessingOfTheForge"},{"floor":31,"key":"PowerPotion"},{"floor":36,"key":"LiquidBronze"},{"floor":41,"key":"DistilledChaos"},{"floor":42,"key":"Swift Potion"},{"floor":47,"key":"Flashbang"},{"floor":55,"key":"AttackPotion"}],"is_trial":false,"path_per_floor":["M","M","$","M","M","R","E","R","T","E","M","M","E","$","R","B",null,"M","$","M","?","?","E","R","E","T","M","M","E","?","M","R","B",null,"M","M","$","M","AVR","E","M","M","T","E","$","M","M","E","PTL","PTL","R","B",null,"R","$","E","B",null],"character_chosen":"IRONCLAD","items_purchased":["Metallicize","Shrug It Off","Orrery","Replay:Baseball","Bag of Preparation","hubris:EnhanceAbility","Power Through","Bloodletting"],"campfire_rested":1,"item_purchase_floors":[0,0,0,0,0,0,0,37],"current_hp_per_floor":[40,46,46,52,43,43,49,73,73,79,80,80,80,80,80,80,80,80,80,80,80,80,80,80,80,80,80,80,80,80,80,80,80,80,80,80,80,80,80,80,80,80,80,80,80,80,80,80,80,80,80,80,80,80,80,80,80],"gold":424,"neow_bonus":"","is_daily":false,"chose_seed":false,"campfire_upgraded":5,"win_rate":0.0,"timestamp":1612296187,"path_taken":["M","M","$","M","M","R","E","R","T","E","M","M","E","$","R","BOSS","M","$","M","?","?","E","R","E","T","M","M","E","?","?","R","BOSS","M","M","$","M","AVR","E","M","?","T","E","$","M","?","E","PTL","PTL","R","BOSS","R","$","E","BOSS"],"items_purchased_type":["Card","Card","Relic","Relic","Relic","Card","Card","Card"],"build_version":"2020-12-22","purchased_purges":7,"victory":true,"max_hp_per_floor":[80,80,80,80,80,80,80,80,80,80,80,80,80,80,80,80,80,80,80,80,80,80,80,80,80,80,80,80,80,80,80,80,80,80,80,80,80,80,80,80,80,80,80,80,80,80,80,80,80,80,80,80,80,80,80,80,80],"relic_stats":{"Happy Flower":[17],"counters":[242,995],"Mummified Hand":[64],"Bird Faced Urn":[0],"Bronze Scales":[48],"Bag of Preparation":[64],"Ginger":[2],"Medical Kit":[3],"obtain_stats":[{"infinitespire:BottledMercury":26,"Golden Egg":53,"infinitespire:Cubic Diamond":2,"aspiration:PoetsPen_weak":17,"Whetstone":53,"Ginger":55,"Bottled Tornado":7,"Sling":0,"Boot":0,"aspiration:RitualStick":31,"Old Coin":43,"Blood Vial":5,"Replay:Wanted Poster":17,"infinitespire:ShieldingShard":0,"Replay:Bronze Core":17,"hubris:DeckOfHolding":10,"infinitespire:Golems Mask":0,"Fusion Hammer":34,"HandDrill":53,"Replay:Bottled Flurry":9,"hubris:TinFlute":0,"Blue Candle":7,"hubris:SphereOfDissonance":24,"ReplayTheSpireMod:SealedPack":17,"aspiration:FrozenJewel":46,"infinitespire:EvilPickle":33,"infinitespire:Broken Mirror":0,"MutagenicStrength":29,"Bird Faced Urn":25,"aspiration:SilentSkillbook":34,"infinitespire:PuzzleCube":0,"Abe\u0027s Treasure":17,"Unceasing Top":54,"hubris:Reverence":46,"Regal Pillow":6,"aspiration:Lifesprig":0,"Lantern":0,"hubris:Metronome":54,"Singing Bowl":7,"Magic Flower":47,"Blue Doll":0,"Painkiller Herb":28,"King of Hearts":40,"Bag of Preparation":9,"hubris:EmptyBottle":53,"Smiling Mask":26,"Burning Blood":0,"Replay:Rubber Ducky":9,"hubris:Backtick":46,"Matryoshka":0,"Shovel":29,"infinitespire:Bottled Soul":28,"aspiration:AnachronicSnailShell":36,"hubris:ScarierMask":34,"hubris:FunFungus":11,"WingedGreaves":23,"aspiration:FutureDiary":34,"hubris:GlazedTorus":0,"aspiration:ChemicalBlood":55,"Potion Belt":23,"Lee\u0027s Waffle":0,"NeowsBlessing":0,"Golden Idol":3,"Self Forming Clay":53,"The Courier":38,"PreservedInsect":8,"Omamori":28,"infinitespire:Lucky Rock":25,"Frozen Egg 2":26,"hubris:Towel":38,"Bloody Idol":37,"Orrery":36,"Art of War":25,"Champion Belt":6,"Bottled Lightning":39,"Toy Ornithopter":9,"Ice Cream":55,"Tiny House":17,"hubris:CrystalStatue":40,"Calipers":0,"Gremlin Horn":0,"Vajra":0,"Centennial Puzzle":54,"HornCleat":7,"Prayer Wheel":7,"Philosopher\u0027s Stone":19,"Toxic Egg 2":0,"hexamod:SpiritBrand":24,"Happy Flower":0,"hubris:DuctTape":22,"ReplayTheSpireMod:CursedCoin":4,"aspiration:Nostalgia":24,"Oddly Smooth Stone":13,"infinitespire:Beetle Shell":53,"Ring of Chaos":17,"hubris:Zylophone":46,"OrangePellets":0,"Replay:Baseball":0,"ReplayTheSpireMod:Shallot":45,"Shuriken":31,"Brimstone":44,"Bronze Scales":29,"Onion Ring":42,"hubris:PeanutButter":30,"ReplayTheSpireMod:TigerMarble":29,"hubris:ToyBattleship":6,"Mirror":0,"ReplayTheSpireMod:DimensionalGlitch":34,"Darkstone Periapt":13,"Juzu Bracelet":19,"ClockworkSouvenir":47,"Replay:Bandana":7,"hubris:Icosahedron":42,"Chameleon Ring":38,"TheAbacus":53,"Mummified Hand":0,"Pantograph":19,"Tiny Chest":14,"Cracked Core":0,"Red Skull":28,"hubris:DisguiseKit":9,"BargainBundle":0,"ReplayTheSpireMod:Ninjato":41,"Guide Book":0,"hubris:MedicalManual":46,"aspiration:HummingbirdHeart":0,"Orichalcum":29,"Medical Kit":39,"White Beast Statue":53,"Peace Pipe":31,"Strange Spoon":0,"Anchor":24,"CaptainsWheel":39,"infinitespire:WardingShard":9,"infinitespire:Satchel":4,"ChewingGum":34,"hubris:BundleOfHerbs":41,"Another Sword":0,"Coffee Dripper":17,"hubris:GrandSneckoEye":17,"Bag of Marbles":0,"Membership Card":0,"hubris:Potato":26,"FossilizedHelix":44,"TungstenRod":45,"m_BurningSludge":2,"hubris:NiceRug":53,"ReplayTheSpireMod:ShopPack":55},{"infinitespire:BottledMercury":66,"Golden Egg":126,"infinitespire:Cubic Diamond":19,"aspiration:PoetsPen_weak":85,"Whetstone":101,"Ginger":241,"Bottled Tornado":185,"Sling":103,"Boot":128,"aspiration:RitualStick":115,"Old Coin":203,"Blood Vial":161,"Replay:Wanted Poster":165,"infinitespire:ShieldingShard":176,"Replay:Bronze Core":47,"hubris:DeckOfHolding":21,"infinitespire:Golems Mask":128,"Fusion Hammer":197,"HandDrill":101,"Replay:Bottled Flurry":185,"hubris:TinFlute":157,"Blue Candle":42,"hubris:SphereOfDissonance":168,"ReplayTheSpireMod:SealedPack":109,"aspiration:FrozenJewel":72,"infinitespire:EvilPickle":68,"infinitespire:Broken Mirror":157,"MutagenicStrength":91,"Bird Faced Urn":224,"aspiration:SilentSkillbook":68,"infinitespire:PuzzleCube":12,"Abe\u0027s Treasure":33,"Unceasing Top":156,"hubris:Reverence":98,"Regal Pillow":3,"aspiration:Lifesprig":39,"Lantern":77,"hubris:Metronome":127,"Singing Bowl":105,"Magic Flower":73,"Blue Doll":103,"Painkiller Herb":141,"King of Hearts":233,"Bag of Preparation":5,"hubris:EmptyBottle":155,"Smiling Mask":168,"Burning Blood":0,"Replay:Rubber Ducky":82,"hubris:Backtick":98,"Matryoshka":157,"Shovel":169,"infinitespire:Bottled Soul":66,"aspiration:AnachronicSnailShell":96,"hubris:ScarierMask":144,"hubris:FunFungus":57,"WingedGreaves":65,"aspiration:FutureDiary":172,"hubris:GlazedTorus":180,"aspiration:ChemicalBlood":241,"Potion Belt":223,"Lee\u0027s Waffle":39,"NeowsBlessing":0,"Golden Idol":104,"Self Forming Clay":155,"The Courier":70,"PreservedInsect":133,"Omamori":114,"infinitespire:Lucky Rock":66,"Frozen Egg 2":141,"hubris:Towel":200,"Bloody Idol":174,"Orrery":145,"Art of War":141,"Champion Belt":133,"Bottled Lightning":232,"Toy Ornithopter":133,"Ice Cream":241,"Tiny House":10,"hubris:CrystalStatue":148,"Calipers":157,"Gremlin Horn":103,"Vajra":39,"Centennial Puzzle":102,"HornCleat":215,"Prayer Wheel":56,"Philosopher\u0027s Stone":191,"Toxic Egg 2":128,"hexamod:SpiritBrand":112,"Happy Flower":39,"hubris:DuctTape":192,"ReplayTheSpireMod:CursedCoin":80,"aspiration:Nostalgia":112,"Oddly Smooth Stone":135,"infinitespire:Beetle Shell":155,"Ring of Chaos":190,"hubris:Zylophone":205,"OrangePellets":176,"Replay:Baseball":128,"ReplayTheSpireMod:Shallot":98,"Shuriken":143,"Brimstone":203,"Bronze Scales":66,"Onion Ring":122,"hubris:PeanutButter":170,"ReplayTheSpireMod:TigerMarble":66,"hubris:ToyBattleship":82,"Mirror":51,"ReplayTheSpireMod:DimensionalGlitch":94,"Darkstone Periapt":8,"Juzu Bracelet":48,"ClockworkSouvenir":98,"Replay:Bandana":29,"hubris:Icosahedron":71,"Chameleon Ring":97,"TheAbacus":126,"Mummified Hand":26,"Pantograph":191,"Tiny Chest":46,"Cracked Core":0,"Red Skull":141,"hubris:DisguiseKit":105,"BargainBundle":77,"ReplayTheSpireMod:Ninjato":98,"Guide Book":77,"hubris:MedicalManual":98,"aspiration:HummingbirdHeart":157,"Orichalcum":169,"Medical Kit":175,"White Beast Statue":101,"Peace Pipe":93,"Strange Spoon":39,"Anchor":112,"CaptainsWheel":232,"infinitespire:WardingShard":14,"infinitespire:Satchel":2,"ChewingGum":116,"hubris:BundleOfHerbs":71,"Another Sword":180,"Coffee Dripper":24,"hubris:GrandSneckoEye":59,"Bag of Marbles":180,"Membership Card":128,"hubris:Potato":112,"FossilizedHelix":122,"TungstenRod":150,"m_BurningSludge":19,"hubris:NiceRug":101,"ReplayTheSpireMod:ShopPack":241},{"infinitespire:BottledMercury":326,"Golden Egg":582,"infinitespire:Cubic Diamond":63,"aspiration:PoetsPen_weak":417,"Whetstone":468,"Ginger":990,"Bottled Tornado":814,"Sling":477,"Boot":601,"aspiration:RitualStick":529,"Old Coin":879,"Blood Vial":726,"Replay:Wanted Poster":741,"infinitespire:ShieldingShard":791,"Replay:Bronze Core":225,"hubris:DeckOfHolding":83,"infinitespire:Golems Mask":601,"Fusion Hammer":853,"HandDrill":468,"Replay:Bottled Flurry":814,"hubris:TinFlute":711,"Blue Candle":196,"hubris:SphereOfDissonance":755,"ReplayTheSpireMod:SealedPack":500,"aspiration:FrozenJewel":357,"infinitespire:EvilPickle":338,"infinitespire:Broken Mirror":711,"MutagenicStrength":436,"Bird Faced Urn":945,"aspiration:SilentSkillbook":338,"infinitespire:PuzzleCube":39,"Abe\u0027s Treasure":146,"Unceasing Top":706,"hubris:Reverence":457,"Regal Pillow":3,"aspiration:Lifesprig":175,"Lantern":393,"hubris:Metronome":590,"Singing Bowl":482,"Magic Flower":364,"Blue Doll":477,"Painkiller Herb":649,"King of Hearts":967,"Bag of Preparation":11,"hubris:EmptyBottle":703,"Smiling Mask":755,"Burning Blood":0,"Replay:Rubber Ducky":406,"hubris:Backtick":457,"Matryoshka":711,"Shovel":758,"infinitespire:Bottled Soul":326,"aspiration:AnachronicSnailShell":450,"hubris:ScarierMask":662,"hubris:FunFungus":272,"WingedGreaves":322,"aspiration:FutureDiary":773,"hubris:GlazedTorus":801,"aspiration:ChemicalBlood":990,"Potion Belt":940,"Lee\u0027s Waffle":175,"NeowsBlessing":0,"Golden Idol":479,"Self Forming Clay":703,"The Courier":347,"PreservedInsect":616,"Omamori":524,"infinitespire:Lucky Rock":326,"Frozen Egg 2":649,"hubris:Towel":865,"Bloody Idol":782,"Orrery":667,"Art of War":649,"Champion Belt":616,"Bottled Lightning":966,"Toy Ornithopter":616,"Ice Cream":990,"Tiny House":30,"hubris:CrystalStatue":675,"Calipers":711,"Gremlin Horn":477,"Vajra":175,"Centennial Puzzle":471,"HornCleat":919,"Prayer Wheel":267,"Philosopher\u0027s Stone":832,"Toxic Egg 2":601,"hexamod:SpiritBrand":513,"Happy Flower":175,"hubris:DuctTape":835,"ReplayTheSpireMod:CursedCoin":401,"aspiration:Nostalgia":513,"Oddly Smooth Stone":623,"infinitespire:Beetle Shell":703,"Ring of Chaos":829,"hubris:Zylophone":884,"OrangePellets":791,"Replay:Baseball":601,"ReplayTheSpireMod:Shallot":457,"Shuriken":656,"Brimstone":879,"Bronze Scales":326,"Onion Ring":563,"hubris:PeanutButter":761,"ReplayTheSpireMod:TigerMarble":326,"hubris:ToyBattleship":406,"Mirror":248,"ReplayTheSpireMod:DimensionalGlitch":445,"Darkstone Periapt":22,"Juzu Bracelet":230,"ClockworkSouvenir":457,"Replay:Bandana":131,"hubris:Icosahedron":353,"Chameleon Ring":452,"TheAbacus":582,"Mummified Hand":119,"Pantograph":832,"Tiny Chest":215,"Cracked Core":0,"Red Skull":649,"hubris:DisguiseKit":482,"BargainBundle":393,"ReplayTheSpireMod:Ninjato":457,"Guide Book":393,"hubris:MedicalManual":457,"aspiration:HummingbirdHeart":711,"Orichalcum":758,"Medical Kit":787,"White Beast Statue":468,"Peace Pipe":440,"Strange Spoon":175,"Anchor":513,"CaptainsWheel":966,"infinitespire:WardingShard":45,"infinitespire:Satchel":2,"ChewingGum":533,"hubris:BundleOfHerbs":353,"Another Sword":801,"Coffee Dripper":106,"hubris:GrandSneckoEye":290,"Bag of Marbles":801,"Membership Card":601,"hubris:Potato":513,"FossilizedHelix":563,"TungstenRod":681,"m_BurningSludge":63,"hubris:NiceRug":468,"ReplayTheSpireMod:ShopPack":990}],"Burning Blood":824},"card_choices":[{"not_picked":["hubris:SharpeningStone","Sword Boomerang"],"picked":"ReplayReversal","floor":0},{"not_picked":["Havoc","Clothesline"],"picked":"Iron Wave","floor":0},{"not_picked":["infinitespire:OneForAll","Heavy Blade"],"picked":"Armaments","floor":0},{"not_picked":["Immolate","Perfected Strike"],"picked":"Shrug It Off","floor":0},{"not_picked":["Heavy Blade","Massacre","Cleave"],"picked":"SKIP","floor":1},{"not_picked":["Defy Death","Armaments"],"picked":"ReplayTheSpireMod:Stacked","floor":2},{"not_picked":["Sever Soul","Combust"],"picked":"Pommel Strike","floor":4},{"not_picked":["Body Slam","Sword Boomerang","Searing Blow"],"picked":"SKIP","floor":5},{"not_picked":["Anger","hubris:CleavingFinish","Berserk"],"picked":"SKIP","floor":7},{"not_picked":["Iron Wave","ReplayTheSpireMod:LeadingStrike","Replay:Undeath\u0027s Touch"],"picked":"SKIP","floor":10},{"not_picked":["Sentinel","hubris:ReadiedAction"],"picked":"Metallicize","floor":11},{"not_picked":["Replay:Undeath\u0027s Touch","Blood for Blood","Rupture"],"picked":"SKIP","floor":12},{"not_picked":["Warcry","Feel No Pain","Abandon"],"picked":"SKIP","floor":13},{"not_picked":["Juggernaut","hubris:StunningStrike"],"picked":"Offering","floor":16},{"not_picked":["Flex","Twin Strike+1","hubris:ReadiedAction"],"picked":"SKIP","floor":18},{"not_picked":["Burning Pact","Abandon","ReplayTheSpireMod:Muscle Training"],"picked":"SKIP","floor":20},{"not_picked":["Abandon","ReplayTheSpireMod:Muscle Training"],"picked":"Burning Pact","floor":20},{"not_picked":["hubris:ReadiedAction","ReplayTheSpireMod:Limb From Limb","Clash"],"picked":"SKIP","floor":23},{"not_picked":["Armaments","ReplayTheSpireMod:Corrosion Curse+1","Rampage"],"picked":"SKIP","floor":25},{"not_picked":["Seeing Red","Havoc"],"picked":"Burning Pact+1","floor":27},{"not_picked":["True Grit","Power Through","Intimidate"],"picked":"SKIP","floor":28},{"not_picked":["Clothesline","Anger"],"picked":"Inflame+1","floor":29},{"not_picked":["Flame Barrier+1","Havoc","Run Through"],"picked":"SKIP","floor":31},{"not_picked":["Iron Wave+1","Sever Soul","Body Slam+1"],"picked":"SKIP","floor":35},{"not_picked":["Intimidate+1","Clothesline","Headbutt+1"],"picked":"SKIP","floor":36},{"not_picked":["Searing Blow+1","Sword Boomerang+1","Dual Wield+1"],"picked":"SKIP","floor":38},{"not_picked":["Barricade","Armaments+1","Pommel Strike+1"],"picked":"SKIP","floor":40},{"not_picked":["Life Link","Thunderclap+1","Clash"],"picked":"SKIP","floor":41},{"not_picked":["Dark Embrace","hubris:ReadiedAction","Massacre"],"picked":"SKIP","floor":42},{"not_picked":["hubris:CleavingFinish","Rupture+1","hubris:SharpeningStone+1"],"picked":"SKIP","floor":44},{"not_picked":["Defy Death","Wild Strike+1","Shrug It Off+1"],"picked":"SKIP","floor":46},{"not_picked":["Run Through","Berserk","ReplayTheSpireMod:Strike From Hell"],"picked":"SKIP","floor":47},{"not_picked":["Replay:Undeath\u0027s Touch+1","Dropkick+1","Berserk"],"picked":"SKIP","floor":48},{"not_picked":[],"picked":"Secret Technique","floor":55},{"not_picked":["Carnage"],"picked":"SKIP","floor":55},{"not_picked":["Clothesline"],"picked":"SKIP","floor":55},{"not_picked":["hubris:ReadiedAction"],"picked":"SKIP","floor":55},{"not_picked":["Warcry"],"picked":"SKIP","floor":55},{"not_picked":["Combust"],"picked":"SKIP","floor":55},{"not_picked":["Forethought"],"picked":"SKIP","floor":55},{"not_picked":["Carnage"],"picked":"SKIP","floor":55},{"not_picked":["Clothesline"],"picked":"SKIP","floor":55},{"not_picked":["hubris:ReadiedAction"],"picked":"SKIP","floor":55},{"not_picked":["Warcry"],"picked":"SKIP","floor":55},{"not_picked":["Combust"],"picked":"SKIP","floor":55},{"not_picked":["Forethought"],"picked":"SKIP","floor":55},{"not_picked":["Replay:Dark Deal","Poisoned Strike"],"picked":"hubris:EnhanceAbility","floor":56},{"not_picked":["ReplayUltimateDefense","Replay:Sssssssssstrike"],"picked":"Replay:Bootleg Shield Generator","floor":56}],"player_experience":784911,"relics_obtained":[{"floor":7,"key":"HornCleat"},{"floor":9,"key":"infinitespire:Lucky Rock"},{"floor":10,"key":"Mummified Hand"},{"floor":13,"key":"hubris:PeanutButter"},{"floor":23,"key":"Potion Belt"},{"floor":25,"key":"Bird Faced Urn"},{"floor":26,"key":"Happy Flower"},{"floor":29,"key":"Omamori"},{"floor":40,"key":"King of Hearts"},{"floor":44,"key":"Mirror"},{"floor":48,"key":"Vajra"},{"floor":55,"key":"aspiration:ChemicalBlood"},{"floor":55,"key":"Bronze Scales"},{"floor":55,"key":"Medical Kit"},{"floor":55,"key":"Ginger"},{"floor":55,"key":"Ice Cream"},{"floor":55,"key":"ReplayTheSpireMod:ShopPack"}],"event_choices":[{"damage_healed":0,"gold_gain":0,"player_choice":"Ignored","damage_taken":0,"max_hp_gain":0,"max_hp_loss":0,"event_name":"The Mausoleum","floor":22,"gold_loss":0},{"damage_healed":0,"gold_gain":0,"player_choice":"Read","damage_taken":0,"max_hp_gain":0,"max_hp_loss":0,"event_name":"The Library","floor":30,"gold_loss":0,"cards_obtained":["ReplayTheSpireMod:Stacked"]}],"is_beta":false,"boss_relics":[{"not_picked":["hubris:ScarierMask","aspiration:RunicSpoon"],"picked":"hubris:GrandSneckoEye"},{"not_picked":["Black Blood","Replay:Drink Me"],"picked":"Abe\u0027s Treasure"}],"items_purged_floors":[0,3,14,19,37,39,45],"is_endless":false,"potions_floor_spawned":[1,10,12,13,20,27,28,29,31,36,41,42,47],"ascension_level":8}}