{"host":"Jinnai","time":1612245341,"event":{"mods":["BaseMod","Bestiary","Block Reminder","Colored Map","Colored Powertips","Highlight Path","Minty Spire (QoL Compilation)","Quick Restart","Relic Stats","StSLib"],"gold_per_floor":[118,130,280,41,61,61,77,77,77,77,77],"floor_reached":10,"language":"ENG","playtime":494,"items_purged":["Doubt"],"score":116,"play_id":"5926d957-089d-49da-a04b-869b81ea5a3f","local_time":"20210202005541","is_ascension_mode":true,"campfire_choices":[{"floor":6,"key":"REST"},{"floor":8,"key":"REST"}],"circlet_count":0,"master_deck":["AscendersBane","Zap","Dualcast","Genetic Algorithm","Sweeping Beam","Aggregate","Chaos","Fission","Fusion","Reboot","Lockon","Streamline","Cold Snap","Meteor Strike","Reprogram","Echo Form"],"relics":["Pandora\u0027s Box","Toy Ornithopter"],"acts_visited":["Exordium"],"potions_floor_usage":[10,10],"damage_taken":[{"damage":19,"enemies":"2 Louse","floor":1,"turns":3},{"damage":9,"enemies":"Jaw Worm","floor":2,"turns":3},{"damage":8,"enemies":"Small Slimes","floor":5,"turns":4},{"damage":41,"enemies":"3 Louse","floor":7,"turns":4},{"damage":42,"enemies":"Lagavulin","floor":10,"turns":6}],"seed_played":"-822810251714827559","potions_obtained":[{"floor":2,"key":"SpeedPotion"},{"floor":5,"key":"Swift Potion"}],"is_trial":false,"path_per_floor":["M","M","?","$","M","R","M","R","T","E"],"character_chosen":"DEFECT","items_purchased":["Meteor Strike"],"campfire_rested":2,"item_purchase_floors":[4],"current_hp_per_floor":[45,36,36,36,28,49,8,29,29,0,0],"gold":77,"neow_bonus":"BOSS_RELIC","is_daily":false,"chose_seed":false,"campfire_upgraded":0,"win_rate":0.0,"timestamp":1612245341,"path_taken":["M","M","?","$","M","R","M","R","T","E"],"items_purchased_type":["Card"],"build_version":"2020-12-18","purchased_purges":1,"victory":false,"max_hp_per_floor":[71,71,71,71,71,71,71,71,71,71,71],"relic_stats":{"counters":[5,20],"Pandora\u0027s Box":["Genetic Algorithm","Sweeping Beam","Aggregate","Chaos","Fission","Fusion","Reboot","Lockon"],"obtain_stats":[{"Pandora\u0027s Box":0,"Cracked Core":0,"Toy Ornithopter":9},{"Pandora\u0027s Box":0,"Cracked Core":0,"Toy Ornithopter":4},{"Pandora\u0027s Box":0,"Cracked Core":0,"Toy Ornithopter":14}],"Toy Ornithopter":10},"card_choices":[{"not_picked":["Cold Snap","Storm"],"picked":"Streamline","floor":1},{"not_picked":["Skim","Coolheaded"],"picked":"Cold Snap","floor":2},{"not_picked":["Conserve Battery","Streamline"],"picked":"Reprogram","floor":5},{"not_picked":["Static Discharge","Sweeping Beam"],"picked":"Echo Form","floor":7}],"player_experience":1637429,"relics_obtained":[{"floor":9,"key":"Toy Ornithopter"}],"event_choices":[{"damage_healed":0,"gold_gain":150,"player_choice":"AGREE","damage_taken":0,"max_hp_gain":0,"max_hp_loss":0,"event_name":"Liars Game","floor":3,"gold_loss":0,"cards_obtained":["Doubt"]}],"is_beta":true,"boss_relics":[],"items_purged_floors":[4],"is_endless":false,"potions_floor_spawned":[2,5],"killed_by":"Lagavulin","ascension_level":20}}