{"host":"bq4pt811tk9yrmjl","time":1612282498,"event":{"mods":["AchievementEnabler","BaseMod","Colored Map","Colored Powertips","Defuse TimeMaze Blight","Hermit","Minty Spire (QoL Compilation)","Smile Girya","StSLib","SuperFastMode"],"gold_per_floor":[112,112,37,52,52,81,95,95,95,110,110,110,110,130,130,233,233,253,109,109,143,143,68,68,68],"floor_reached":24,"language":"ENG","playtime":329,"items_purged":["Regret"],"score":278,"play_id":"d192a1b7-1fe9-4b0c-8821-0b8dad8a08ba","local_time":"20210202141458","is_ascension_mode":true,"campfire_choices":[{"data":"Armaments","floor":8,"key":"SMITH"},{"data":"Anger","floor":11,"key":"SMITH"},{"data":"Cleave","floor":15,"key":"SMITH"}],"circlet_count":0,"master_deck":["Strike_R","Strike_R","Strike_R","Strike_R","Strike_R","Defend_R","Defend_R","Defend_R","Defend_R","Bash","Armaments+1","Feed+1","Anger+1","Cleave+1","Limit Break","CurseOfTheBell","Metallicize","Flame Barrier+1"],"relics":["Burning Blood","NeowsBlessing","Mango","Lantern","Calipers","Calling Bell","Ancient Tea Set","Singing Bowl","FossilizedHelix","Red Mask"],"acts_visited":["Exordium","TheCity"],"potions_floor_usage":[16,16,21],"damage_taken":[{"damage":0.0,"enemies":"2 Louse","floor":1.0,"turns":1.0},{"damage":0,"enemies":"Cultist","floor":4,"turns":1},{"damage":0,"enemies":"Gremlin Nob","floor":6,"turns":1},{"damage":8,"enemies":"Small Slimes","floor":7,"turns":3},{"damage":1,"enemies":"Exordium Wildlife","floor":10,"turns":6},{"damage":14,"enemies":"Large Slime","floor":14,"turns":6},{"damage":82,"enemies":"The Guardian","floor":16,"turns":16},{"damage":41,"enemies":"Spheric Guardian","floor":18,"turns":6},{"damage":2,"enemies":"Masked Bandits","floor":21,"turns":5},{"damage":0,"enemies":"Shell Parasite","floor":24,"turns":1}],"seed_played":"9201853575941190598","potions_obtained":[{"floor":4,"key":"Energy Potion"},{"floor":6,"key":"BloodPotion"},{"floor":14,"key":"Explosive Potion"},{"floor":16,"key":"Weak Potion"}],"is_trial":false,"path_per_floor":["M","?","$","M","?","E","M","R","T","M","R","T","?","M","R","B",null,"M","$","?","?","?","?","M"],"character_chosen":"IRONCLAD","items_purchased":["Metallicize","Flame Barrier"],"campfire_rested":0,"item_purchase_floors":[19,19],"current_hp_per_floor":[80,94,94,94,94,94,96,96,96,102,102,102,102,98,98,43,106,73,73,73,81,81,81,81,81],"gold":68,"neow_bonus":"THREE_ENEMY_KILL","is_daily":false,"chose_seed":false,"campfire_upgraded":3,"win_rate":0.0,"timestamp":1612282498,"path_taken":["M","?","$","M","?","E","?","R","T","M","R","?","?","M","R","BOSS","M","$","?","?","?","?","M"],"items_purchased_type":["Card","Card"],"build_version":"2020-12-22","purchased_purges":1,"victory":false,"max_hp_per_floor":[80,94,94,94,94,94,98,98,98,102,102,102,102,106,106,106,106,108,108,108,112,112,112,112,112],"card_choices":[{"not_picked":["Heavy Blade","Thunderclap"],"picked":"Armaments","floor":1.0},{"not_picked":["Burning Pact","Dropkick"],"picked":"Iron Wave","floor":4},{"not_picked":["Thunderclap","True Grit","Sword Boomerang"],"picked":"SKIP","floor":6},{"not_picked":["Iron Wave","Blood for Blood"],"picked":"Anger","floor":7},{"not_picked":["Reckless Charge","Sword Boomerang"],"picked":"Cleave","floor":10},{"not_picked":["Warcry","Sentinel","True Grit"],"picked":"SKIP","floor":14},{"not_picked":["Corruption","Brutality"],"picked":"Limit Break","floor":16},{"not_picked":["Anger+1","Inflame","Shrug It Off"],"picked":"Singing Bowl","floor":18},{"not_picked":["Clothesline","Blood for Blood"],"picked":"Flame Barrier+1","floor":21}],"player_experience":300303,"relics_obtained":[{"floor":6,"key":"Lantern"},{"floor":12,"key":"Calipers"},{"floor":17,"key":"Ancient Tea Set"},{"floor":17,"key":"Singing Bowl"},{"floor":17,"key":"FossilizedHelix"},{"floor":21,"key":"Red Mask"}],"event_choices":[{"damage_healed":0,"gold_gain":0,"player_choice":"Box","damage_taken":0,"relics_obtained":["Mango"],"max_hp_gain":0,"max_hp_loss":0,"event_name":"Big Fish","floor":2,"gold_loss":0,"cards_obtained":["Regret"]},{"cards_removed":["Iron Wave"],"damage_healed":0,"gold_gain":0,"player_choice":"Took Card","damage_taken":0,"max_hp_gain":0,"max_hp_loss":0,"event_name":"NoteForYourself","floor":5,"gold_loss":0,"cards_obtained":["Feed"]},{"damage_healed":0,"gold_gain":0,"player_choice":"Leave","damage_taken":0,"max_hp_gain":0,"max_hp_loss":0,"event_name":"The Cleric","floor":13,"gold_loss":0},{"damage_healed":0,"gold_gain":0,"player_choice":"Ignored","damage_taken":0,"max_hp_gain":0,"max_hp_loss":0,"event_name":"Ghosts","floor":20,"gold_loss":0},{"damage_healed":0,"gold_gain":0,"player_choice":"Fought Bandits","damage_taken":0,"max_hp_gain":0,"max_hp_loss":0,"event_name":"Masked Bandits","floor":21,"gold_loss":0},{"damage_healed":0,"gold_gain":0,"player_choice":"Ignored","damage_taken":0,"max_hp_gain":0,"max_hp_loss":0,"event_name":"Vampires","floor":22,"gold_loss":0},{"cards_removed":["Flame Barrier"],"damage_healed":0,"gold_gain":0,"player_choice":"Gave Gold","damage_taken":0,"max_hp_gain":0,"max_hp_loss":0,"event_name":"Beggar","floor":23,"gold_loss":75}],"is_beta":false,"boss_relics":[{"not_picked":["Runic Cube","Empty Cage"],"picked":"Calling Bell"}],"items_purged_floors":[3],"is_endless":false,"potions_floor_spawned":[4,6,14,16],"killed_by":"Shell Parasite","ascension_level":1}}