{"host":"e3jr8cs0hrgde9ri","time":1612240962,"event":{"mods":["2.2 Compatiblity","BaseMod","Highlight Path","Minty Spire (QoL Compilation)","Permanent Neow","Quick Restart","SuperFastMode"],"gold_per_floor":[109,30,30,49,67,67,98,98,123,156,168,181,181,193,193,193,193],"floor_reached":16,"language":"ENG","playtime":376,"items_purged":[],"score":224,"play_id":"0f86ae2f-c1d9-4f38-8c9e-30dd3759fb37","local_time":"20210201204242","is_ascension_mode":true,"campfire_choices":[{"data":"Crippling Poison","floor":6,"key":"SMITH"},{"data":"Predator","floor":8,"key":"SMITH"},{"data":"Dash","floor":13,"key":"SMITH"},{"data":"Dodge and Roll","floor":15,"key":"SMITH"}],"circlet_count":0,"master_deck":["AscendersBane","Strike_G","Strike_G","Strike_G","Strike_G","Strike_G","Defend_G","Defend_G","Defend_G","Defend_G","Defend_G","Survivor","Neutralize","Flying Knee","Crippling Poison+1","Predator+1","Dodge and Roll+1","Dash+1"],"relics":["Sozu","Pen Nib","Lantern","Blood Vial"],"acts_visited":["Exordium"],"potions_floor_usage":[],"damage_taken":[{"damage":0,"enemies":"Cultist","floor":1,"turns":4},{"damage":0,"enemies":"Small Slimes","floor":4,"turns":4},{"damage":0,"enemies":"Jaw Worm","floor":5,"turns":3},{"damage":24,"enemies":"3 Sentries","floor":7,"turns":11},{"damage":15,"enemies":"Lagavulin","floor":10,"turns":6},{"damage":3,"enemies":"Blue Slaver","floor":11,"turns":3},{"damage":0,"enemies":"3 Louse","floor":12,"turns":3},{"damage":6,"enemies":"Looter","floor":14,"turns":3},{"damage":21,"enemies":"Hexaghost","floor":16,"turns":9}],"seed_played":"9020800205647131304","potions_obtained":[],"is_trial":false,"path_per_floor":["M","$","$","M","M","R","E","R","T","E","M","M","R","M","R","B"],"character_chosen":"THE_SILENT","items_purchased":["Crippling Poison"],"campfire_rested":0,"item_purchase_floors":[2],"current_hp_per_floor":[59,59,59,59,59,59,35,35,35,20,19,21,21,17,17,0,0],"gold":193,"neow_bonus":"BOSS_RELIC","is_daily":false,"chose_seed":false,"campfire_upgraded":4,"win_rate":0.0,"timestamp":1612240962,"path_taken":["M","?","$","M","M","R","E","R","T","E","M","M","R","M","R","BOSS"],"items_purchased_type":["Card"],"build_version":"2020-12-22","purchased_purges":0,"victory":false,"max_hp_per_floor":[66,66,66,66,66,66,66,66,66,66,66,66,66,66,66,66,66],"card_choices":[{"not_picked":["Dagger Throw","Infinite Blades"],"picked":"Flying Knee","floor":1},{"not_picked":["Backstab","Deflect"],"picked":"Predator","floor":4},{"not_picked":["Blur","Underhanded Strike"],"picked":"Dodge and Roll","floor":5},{"not_picked":["Endless Agony","Tactician","Sucker Punch"],"picked":"SKIP","floor":7},{"not_picked":["Dagger Throw","Infinite Blades","Acrobatics"],"picked":"SKIP","floor":10},{"not_picked":["Quick Slash","Dagger Spray","Deflect"],"picked":"SKIP","floor":11},{"not_picked":["Infinite Blades","Blade Dance"],"picked":"Dash","floor":12},{"not_picked":["Slice","A Thousand Cuts","Blade Dance"],"picked":"SKIP","floor":14}],"player_experience":1806956,"relics_obtained":[{"floor":7,"key":"Pen Nib"},{"floor":9,"key":"Lantern"},{"floor":10,"key":"Blood Vial"}],"event_choices":[],"is_beta":false,"boss_relics":[],"items_purged_floors":[],"is_endless":false,"potions_floor_spawned":[5,10,11],"killed_by":"Hexaghost","ascension_level":20}}