{"host":"doky","time":1612263177,"event":{"mods":["Act Like it!","BaseMod","Dota2Spire","Gensokyo","KinomotoSakuraMod(ƒæ÷Æ±æ”£)","Marisa£®ÏF”Í°°ƒß¿Ì…≥£©","Minty Spire (QoL Compilation)","Railgun Mod","Reimu£®≤©¿ˆ¡È√Œ£©","Remilia£®¿Ÿ√◊¿Ú—«£©","StSLib","The Alterego","Yakumo Yukari mod","Youmu£®ªÍ∆«—˝√Œ£©","Yuri Mod"],"gold_per_floor":[115,115,3,3,13,38,38,68,92,92,412,422,434,460,460,565,565,581,65,85,104,619,649,649,678,678,713,963,976,990,1020,1020,1122,1122,1137,218,218,218,266,292,292,320,320,320,320,345,29,64,64,94,94,94,14,48,48],"floor_reached":56,"language":"ZHS","playtime":4350,"items_purged":["Strike_RM","Strike_RM"],"score":1767,"play_id":"252f2683-cf7b-4992-a437-4cd170cf9716","local_time":"20210202185257","is_ascension_mode":true,"campfire_choices":[{"data":"BloodAndWine","floor":7.0,"key":"SMITH"},{"data":"Stigmanizer","floor":10.0,"key":"SMITH"},{"data":"EternalNight","floor":15.0,"key":"SMITH"},{"data":"BlasphemousPunishment","floor":24.0,"key":"SMITH"},{"data":"HeartBreak","floor":32.0,"key":"SMITH"},{"floor":44.0,"key":"RECALL"},{"data":"CurseOfVladTepes","floor":49.0,"key":"SMITH"},{"data":"BloodySeventeenLaser","floor":52,"key":"SMITH"}],"circlet_count":0,"master_deck":["Defend_RM","Defend_RM","RedMoon","ScarletShoot","Master of Strategy","MastersStateliness","BombardNight","BadLadyScramble","BloodAndWine+1","BombardNight+1","Stigmanizer+1","VampireKiss","EternalNight+1","TransientEternity","ScarletNetherworld","CeilingFear","BlasphemousPunishment+1","ScarletNetherworld","EternalNight+1","ScarletDevilSign","ScarletImprint+1","HeartBreak+1","ScarletDevil+1","ReincarnationDial+1","BloodySeventeenLaser+1","ScarletDevil+1","UltimateOffering+1","BloodySeventeenLaser+1","CurseOfVladTepes+1"],"relics":["ScarletHat","Bag of Preparation","Omamori","Bottled Tornado","Dota2Spire:BladeMail","The Courier","Dota2Spire:Bloodstone","Chemical X","DollysMirror","Bronze Scales","Meat on the Bone","Dota2Spire:MagicBottle","Prayer Wheel","Pen Nib","Dota2Spire:Mjollnir","Strawberry","Dota2Spire:BlackKingBar","Black Star","Oddly Smooth Stone","Dota2Spire:ArmletOfMordiggian","Boot","Dota2Spire:Dagon","Gensokyo:DualWield","Pear","Matryoshka","Pantograph","Singing Bowl","Dota2Spire:BattleFury","Whetstone","Dota2Spire:EchoSabre","Bottled Lightning","Turnip","Juzu Bracelet","Medical Kit","OrangePellets","Dota2Spire:HandOfMidas","Mastiff:ReiMu","HornCleat","ScarletDevilRocket"],"acts_visited":["Exordium","Gensokyo:Gensokyo","Gensokyo:Gensokyoer","TheEnding"],"potions_floor_usage":[55,55],"damage_taken":[{"damage":7.0,"enemies":"Gensokyo:Gryphon","floor":1.0,"turns":3.0},{"damage":2.0,"enemies":"Gensokyo:3_Fairies","floor":5.0,"turns":8.0},{"damage":3.0,"enemies":"Gensokyo:Aya","floor":6.0,"turns":4.0},{"damage":14.0,"enemies":"Gensokyo:Mamizou","floor":8.0,"turns":7.0},{"damage":3.0,"enemies":"Gensokyo:2_Kodama","floor":11.0,"turns":2.0},{"damage":0.0,"enemies":"Gensokyo:VengefulSpirit","floor":12.0,"turns":1.0},{"damage":0.0,"enemies":"Gensokyo:Python_and_Kodama","floor":13.0,"turns":2.0},{"damage":0.0,"enemies":"Gensokyo:Aya","floor":14.0,"turns":4.0},{"damage":11.0,"enemies":"Gensokyo:Reimu","floor":16.0,"turns":7.0},{"damage":0.0,"enemies":"Gensokyo:Chomper","floor":18.0,"turns":2.0},{"damage":4.0,"enemies":"Gensokyo:3_Dogs","floor":20.0,"turns":4.0},{"damage":36.0,"enemies":"Gensokyo:Slime_Group","floor":21.0,"turns":4.0},{"damage":21.0,"enemies":"Gensokyo:Chomper_and_Gloop","floor":22.0,"turns":4.0},{"damage":11.0,"enemies":"Gensokyo:Koishi","floor":23.0,"turns":4.0},{"damage":10.0,"enemies":"Gensokyo:Tenshi","floor":25.0,"turns":1.0},{"damage":0.0,"enemies":"Gensokyo:Koishi","floor":27.0,"turns":3.0},{"damage":5.0,"enemies":"Gensokyo:Monolith_and_Dog","floor":29.0,"turns":3.0},{"damage":34.0,"enemies":"Gensokyo:Wraith","floor":30.0,"turns":3.0},{"damage":0.0,"enemies":"Gensokyo:Tenshi","floor":31.0,"turns":1.0},{"damage":38.0,"enemies":"Gensokyo:Eternal_Rivals","floor":33.0,"turns":6.0},{"damage":10.0,"enemies":"Gensokyo:AncientGuardian","floor":35.0,"turns":2.0},{"damage":10.0,"enemies":"Gensokyo:Marisa","floor":40.0,"turns":1.0},{"damage":10.0,"enemies":"Gensokyo:Kasen","floor":42.0,"turns":3.0},{"damage":10.0,"enemies":"Gensokyo:Marisa","floor":46.0,"turns":1.0},{"damage":0.0,"enemies":"Gensokyo:Doremy","floor":48.0,"turns":1.0},{"damage":19,"enemies":"Gensokyo:Yuyuko","floor":50,"turns":2},{"damage":15,"enemies":"Shield and Spear","floor":54,"turns":1},{"damage":53,"enemies":"The Heart","floor":55,"turns":2}],"seed_played":"1679875490835177046","potions_obtained":[{"floor":5.0,"key":"FearPotion"},{"floor":6.0,"key":"Dota2Spire:Clarity"},{"floor":11.0,"key":"Explosive Potion"},{"floor":20.0,"key":"SneckoOil"},{"floor":21.0,"key":"SneckoOil"},{"floor":22.0,"key":"SkillPotion"},{"floor":25.0,"key":"AttackPotion"},{"floor":35.0,"key":"Energy Potion"}],"is_trial":false,"path_per_floor":["M","?","COS","?","M","E","R","E","T","R","M","M","M","E","R","B",null,"M","COS","M","M","M","E","R","E","T","E","?","M","M","E","R","B",null,"M","$","?","?","T","E","?","E","T","R","T","E","COS","E","R","B",null,"R","$","E","B",null],"character_chosen":"REMILIA","items_purchased":["Oddly Smooth Stone","Dota2Spire:ArmletOfMordiggian","Boot","Dota2Spire:Dagon"],"campfire_rested":0,"item_purchase_floors":[36,36,36,36],"current_hp_per_floor":[61,61,61,35,35,35,35,26,26,26,26,26,26,32,32,38,68,68,68,67,35,34,46,46,47,47,65,65,69,42,54,54,52,71,61,61,61,61,61,70,70,76,76,76,76,75,75,85,85,85,85,85,85,72,55],"gold":48,"neow_bonus":"RANDOM_COLORLESS_2","is_daily":false,"chose_seed":false,"campfire_upgraded":7,"win_rate":0.0,"timestamp":1612263177,"path_taken":["M","?","COS","?","M","E","R","E","T","R","M","?","M","E","R","BOSS","M","COS","?","M","?","E","R","E","T","E","?","M","M","E","R","BOSS","M","$","?","?","?","E","?","E","T","R","?","E","COS","E","R","BOSS","R","$","E","BOSS"],"items_purchased_type":["Relic","Relic","Relic","Relic"],"build_version":"2020-12-18","purchased_purges":2,"victory":true,"max_hp_per_floor":[68,68,68,68,68,68,68,68,68,68,68,68,68,68,68,68,68,68,68,68,68,68,68,68,68,68,75,71,71,71,71,71,71,71,71,71,71,71,71,81,81,83,83,83,83,83,83,85,85,85,85,85,85,87,87],"card_choices":[{"not_picked":["Panache","Secret Weapon"],"picked":"Master of Strategy","floor":0.0},{"not_picked":["Maim","ScarletGensokyo"],"picked":"MastersStateliness","floor":1.0},{"not_picked":["StarOfDavid","NightDance"],"picked":"BombardNight","floor":2.0},{"not_picked":["EmergencyRegeneration","ChainGang"],"picked":"BadLadyScramble","floor":2.0},{"not_picked":["RedRainbow","VampireKiss"],"picked":"BloodAndWine","floor":5.0},{"not_picked":["BloodyHallows","ForecastOfChange"],"picked":"TransientEternity","floor":6.0},{"not_picked":["MiserableFate","BadLadyScramble"],"picked":"BombardNight","floor":6.0},{"not_picked":["MastersStateliness","StarOfDavid"],"picked":"Stigmanizer","floor":8.0},{"not_picked":["UnstableMagic","Stigmanizer"],"picked":"VampireKiss","floor":11.0},{"not_picked":["BombardNight","VampireKiss"],"picked":"EternalNight","floor":12.0},{"not_picked":["Maim","EternalNight"],"picked":"TransientEternity","floor":13.0},{"not_picked":["FavorOfDestiny","ScarletDevilSign"],"picked":"ScarletNetherworld","floor":14.0},{"not_picked":["HeartBreak","TransientEternity"],"picked":"CeilingFear","floor":16.0},{"not_picked":["ChainGang","BloodHunter"],"picked":"BlasphemousPunishment","floor":18.0},{"not_picked":["ScarletSymphony","RedMagic"],"picked":"EternalNight+1","floor":20.0},{"not_picked":["ScarletImprint","MastersStateliness","UnstableMagic"],"picked":"SKIP","floor":21.0},{"not_picked":["ChainGang+1","MastersStateliness","BlasphemousPunishment"],"picked":"SKIP","floor":22.0},{"not_picked":["VampireKiss","UnstableMagic"],"picked":"ScarletDevilSign","floor":23.0},{"not_picked":["SuperhumanBloodyKnife","ReincarnationDial"],"picked":"ScarletImprint+1","floor":25.0},{"not_picked":["ScarletImprint","BombardNight+1"],"picked":"HeartBreak","floor":27.0},{"not_picked":["Stigmanizer","BloodHunter"],"picked":"ScarletDevil+1","floor":29.0},{"not_picked":["ScarletSymphony+1","NightDance","VampireKiss+1"],"picked":"SKIP","floor":29.0},{"not_picked":["BloodyTrap+1","StarOfDavid"],"picked":"ReincarnationDial+1","floor":30.0},{"not_picked":["VampireKiss","MillenniumVampire","VampirishNight"],"picked":"SKIP","floor":30.0},{"not_picked":["FavorOfDestiny+1","Stigmanizer","StarOfDavid"],"picked":"SKIP","floor":31.0},{"not_picked":["ForecastOfChange","HeartBreak"],"picked":"BloodySeventeenLaser","floor":33.0},{"not_picked":["BombardNight+1","BloodHunter+1"],"picked":"ScarletDevil+1","floor":35.0},{"not_picked":["FavorOfDestiny","MastersStateliness+1","UnstableMagic"],"picked":"SKIP","floor":35.0},{"not_picked":["VampireKiss+1","EmergencyRegeneration"],"picked":"UltimateOffering+1","floor":40.0},{"not_picked":["BloodHunter","BadLadyScramble+1","DiffusionOfMisfortune"],"picked":"Singing Bowl","floor":42.0},{"not_picked":["ChainGang","VampireFantasy+1"],"picked":"CurseOfVladTepes","floor":46.0},{"not_picked":["NightDance","UnstableMagic+1","ScarletNetherworld"],"picked":"Singing Bowl","floor":48.0},{"not_picked":["ForbiddenFruit+1","BloodyHallows","EndlessAdversity+1"],"picked":"Singing Bowl","floor":54}],"player_experience":402713,"relics_obtained":[{"floor":6.0,"key":"Bag of Preparation"},{"floor":8.0,"key":"Bottled Tornado"},{"floor":9.0,"key":"Dota2Spire:BladeMail"},{"floor":14.0,"key":"The Courier"},{"floor":23.0,"key":"Dota2Spire:MagicBottle"},{"floor":25.0,"key":"Pen Nib"},{"floor":26.0,"key":"Dota2Spire:Mjollnir"},{"floor":27.0,"key":"Strawberry"},{"floor":31.0,"key":"Dota2Spire:BlackKingBar"},{"floor":40.0,"key":"Pear"},{"floor":40.0,"key":"Matryoshka"},{"floor":42.0,"key":"Pantograph"},{"floor":42.0,"key":"Singing Bowl"},{"floor":43.0,"key":"Dota2Spire:BattleFury"},{"floor":43.0,"key":"Whetstone"},{"floor":45.0,"key":"Dota2Spire:EchoSabre"},{"floor":45.0,"key":"Bottled Lightning"},{"floor":46.0,"key":"Turnip"},{"floor":46.0,"key":"Juzu Bracelet"},{"floor":48.0,"key":"Dota2Spire:HandOfMidas"},{"floor":48.0,"key":"Mastiff:ReiMu"},{"floor":54,"key":"HornCleat"},{"floor":54,"key":"ScarletDevilRocket"}],"event_choices":[],"is_beta":true,"boss_relics":[{"not_picked":["SacredBark","Philosopher\u0027s Stone"],"picked":"Dota2Spire:Bloodstone"},{"not_picked":["Fusion Hammer","RedLine:ReiMu"],"picked":"Black Star"}],"items_purged_floors":[36,53],"is_endless":false,"potions_floor_spawned":[5,6,11,20,21,22,25,29,35,54],"ascension_level":3}}