{"host":"kwnpvqmnt47pmyi1","time":1612281185,"event":{"mods":["AchievementEnabler","BaseMod","Bestiary","BetterRewards","Clockwork Mod","Downfall","Hermit","Hubris","Infinite Spire","Marisa????????","Minty Spire (QoL Compilation)","Reliquary","Replay The Spire","Shade Mod","StSLib","The Hierophant","The Servant 0.9.4"],"gold_per_floor":[116,126,141,156,156,175,175,175,200,200,218,234,234,263,263,363,363,383,102,114,114,131,131,147,158,158,158,158,158,14,33,33,33,33],"floor_reached":33,"language":"ENG","playtime":1753,"items_purged":[],"score":251,"play_id":"86755778-4258-4504-8244-44cdd4c8f960","local_time":"20210202075305","is_ascension_mode":false,"campfire_choices":[{"data":"MysteriousBeam","floor":8,"key":"SMITH"},{"data":"MysteriousBeam","floor":10,"key":"SMITH"},{"floor":15,"key":"RECALL"},{"data":"MilkyWay","floor":23,"key":"SMITH"},{"data":"MysteriousBeam","floor":27,"key":"SMITH"},{"data":"UpSweep","floor":32,"key":"SMITH"}],"circlet_count":0,"master_deck":["Strike_MRS","Strike_MRS","Strike_MRS","Strike_MRS","Defend_MRS","Defend_MRS","Defend_MRS","Defend_MRS","MasterSpark","UpSweep+1","Singularity","MysteriousBeam+1","ChargingUp","MysteriousBeam+1","MilkyWay+1","SprinkleStarSeal+1","EarthLightRay","Acceleration","EnergyRecoil+1","PowerUp","MysteriousBeam+1","6A"],"relics":["MiniHakkero","infinitespire:Lucky Rock","infinitespire:BottledMercury","Shuriken","Replay:Baseball","hubris:TenFootPole","infinitespire:Beetle Shell"],"acts_visited":["Exordium","TheCity"],"potions_floor_usage":[20,31],"damage_taken":[{"damage":6,"enemies":"Jaw Worm","floor":1,"turns":3},{"damage":0,"enemies":"Small Slimes","floor":2,"turns":3},{"damage":0,"enemies":"2 Louse","floor":3,"turns":2},{"damage":0,"enemies":"2 Fungi Beasts","floor":4,"turns":3},{"damage":4,"enemies":"Exordium Wildlife","floor":6,"turns":3},{"damage":7,"enemies":"Blue Slaver","floor":11,"turns":2},{"damage":0,"enemies":"Looter","floor":12,"turns":1},{"damage":8,"enemies":"Gremlin Nob","floor":14,"turns":3},{"damage":7,"enemies":"Slime Boss","floor":16,"turns":6},{"damage":0,"enemies":"Spheric Guardian","floor":18,"turns":3},{"damage":5,"enemies":"2 Thieves","floor":20,"turns":2},{"damage":20,"enemies":"Snecko","floor":22,"turns":5},{"damage":21,"enemies":"Centurion and Healer","floor":24,"turns":4},{"damage":0,"enemies":"Shelled Parasite and Fungi","floor":25,"turns":2},{"damage":5,"enemies":"3 Cultists","floor":31,"turns":3},{"damage":67,"enemies":"Automaton","floor":33,"turns":6}],"seed_played":"-3983040974080424126","potions_obtained":[{"floor":2,"key":"SteroidPotion"},{"floor":3,"key":"Fire Potion"},{"floor":4,"key":"Elixir"},{"floor":11,"key":"CultistPotion"}],"is_trial":false,"path_per_floor":["M","M","M","M","?","M","$","R","T","R","M","M","?","E","R","B",null,"M","$","M","AVR","M","R","M","M","T","R","?","?","$","M","R","B"],"character_chosen":"MARISA","items_purchased":["Shuriken","Acceleration","infinitespire:Beetle Shell"],"campfire_rested":0,"item_purchase_floors":[19,19,30],"current_hp_per_floor":[76,76,76,76,73,69,69,69,69,69,62,62,62,54,54,51,82,82,82,77,77,61,61,44,44,44,44,44,44,44,39,39,0,0],"gold":33,"neow_bonus":"TEN_PERCENT_HP_BONUS","is_daily":false,"chose_seed":false,"campfire_upgraded":5,"win_rate":0.0,"timestamp":1612281185,"path_taken":["M","M","M","M","?","M","$","R","T","R","M","M","?","E","R","BOSS","M","$","M","AVR","M","R","M","M","T","R","?","?","?","M","R","BOSS"],"items_purchased_type":["Relic","Card","Relic"],"build_version":"2020-12-22","purchased_purges":0,"victory":false,"max_hp_per_floor":[82,82,82,82,82,82,82,82,82,82,82,82,82,82,82,82,82,82,82,82,82,82,82,82,82,82,82,82,82,82,82,82,82,82],"card_choices":[{"not_picked":["WitchOfGreed","DragonMeteor"],"picked":"Singularity","floor":1},{"not_picked":["GalacticHalo","GrandCross","Acceleration"],"picked":"SKIP","floor":2},{"not_picked":["LuminesStrike","AsteroidBelt"],"picked":"MysteriousBeam","floor":3},{"not_picked":["IllusionStar","GrandCross"],"picked":"ChargingUp","floor":4},{"not_picked":["SporeBomb","GalacticHalo"],"picked":"MysteriousBeam","floor":6},{"not_picked":["GravityBeat","LuminesStrike"],"picked":"MilkyWay","floor":11},{"not_picked":["NonDirectionalLaser","OneTimeOff"],"picked":"SprinkleStarSeal","floor":12},{"not_picked":["MeteoricShower","MilkyWay"],"picked":"EarthLightRay","floor":14},{"not_picked":["Singularity","UnstableBomb","DragonMeteor"],"picked":"SKIP","floor":18},{"not_picked":["WitchOfGreed","MeteoricShower","WitchLeyline"],"picked":"SKIP","floor":20},{"not_picked":["BlazeAway","ShootTheMoon"],"picked":"EnergyRecoil+1","floor":22},{"not_picked":["NonDirectionalLaser","AsteroidBelt"],"picked":"PowerUp","floor":24},{"not_picked":["IllusionStar","OpenUniverse"],"picked":"MysteriousBeam","floor":25},{"not_picked":["StarlightTyphoon","IllusionStar"],"picked":"6A","floor":31}],"player_experience":289319,"relics_obtained":[{"floor":14,"key":"infinitespire:BottledMercury"},{"floor":26,"key":"hubris:TenFootPole"}],"event_choices":[{"damage_healed":0,"gold_gain":0,"player_choice":"Success","damage_taken":3,"relics_obtained":["infinitespire:Lucky Rock"],"max_hp_gain":0,"max_hp_loss":0,"event_name":"Scrap Ooze","floor":5,"gold_loss":0},{"damage_healed":0,"gold_gain":0,"player_choice":"Grow","damage_taken":0,"max_hp_gain":0,"max_hp_loss":0,"event_name":"Living Wall","floor":13,"gold_loss":0,"cards_upgraded":["SprinkleStarSeal"]}],"is_beta":false,"boss_relics":[{"not_picked":["hubris:TerracottaHorce","Replay:Bronze Core","Empty Cage"]}],"items_purged_floors":[],"is_endless":false,"potions_floor_spawned":[2,3,4,11,18],"killed_by":"Automaton","ascension_level":0}}