{"host":"lktusdb9orijgc6z","time":1612303837,"event":{"mods":["BaseMod","Bestiary","Colored Map","Colored Powertips","Minty Spire (QoL Compilation)","Permanent Neow","Quick Restart","Relic Stats","StSLib","everything is the same but u backflip on backflip","slay the spire mod where everything is the same but ironclad has a cowboy hat"],"gold_per_floor":[115,125,135,135,60,91,91,101,154,154,119,137,171,171,171,171,171],"floor_reached":16,"language":"ENG","playtime":427,"items_purged":["Regret"],"score":182,"play_id":"ee0825c9-00f6-4f24-b1a7-0d336c5efd9b","local_time":"20210202231037","is_ascension_mode":true,"campfire_choices":[{"data":"Searing Blow","floor":7.0,"key":"SMITH"},{"data":"Searing Blow+1","floor":10.0,"key":"SMITH"},{"data":"Searing Blow+2","floor":15.0,"key":"SMITH"}],"circlet_count":0,"master_deck":["AscendersBane","Strike_R","Strike_R","Strike_R","Strike_R","Strike_R","Defend_R","Defend_R","Defend_R","Defend_R","Bash","Brutality","Uppercut","Searing Blow+3","Thunderclap","Cleave","Double Tap"],"relics":["Burning Blood","Pear","Pen Nib","Nunchaku","Smiling Mask","Self Forming Clay"],"acts_visited":["Exordium"],"potions_floor_usage":[],"damage_taken":[{"damage":5.0,"enemies":"2 Louse","floor":1.0,"turns":3.0},{"damage":7.0,"enemies":"Small Slimes","floor":2.0,"turns":4.0},{"damage":5.0,"enemies":"Jaw Worm","floor":3.0,"turns":4.0},{"damage":50.0,"enemies":"3 Sentries","floor":6.0,"turns":8.0},{"damage":22.0,"enemies":"Exordium Thugs","floor":8.0,"turns":5.0},{"damage":5.0,"enemies":"2 Fungi Beasts","floor":12.0,"turns":3.0},{"damage":33.0,"enemies":"Lagavulin","floor":13.0,"turns":4.0},{"damage":19,"enemies":"The Guardian","floor":16,"turns":8}],"seed_played":"5275161000023363160","potions_obtained":[{"floor":2.0,"key":"FearPotion"},{"floor":6.0,"key":"Energy Potion"},{"floor":8.0,"key":"DistilledChaos"}],"is_trial":false,"path_per_floor":["M","M","M","?","$","E","R","M","T","R","?","M","E","T","R","B"],"character_chosen":"IRONCLAD","items_purchased":[],"campfire_rested":0,"item_purchase_floors":[],"current_hp_per_floor":[73,72,73,83,83,39,39,23,23,23,45,46,19,19,19,0,0],"gold":171,"neow_bonus":"ONE_RANDOM_RARE_CARD","is_daily":false,"chose_seed":false,"campfire_upgraded":3,"win_rate":0.0,"timestamp":1612303837,"path_taken":["M","M","M","?","$","E","R","M","T","R","?","M","E","?","R","BOSS"],"items_purchased_type":[],"build_version":"2020-12-22","purchased_purges":1,"victory":false,"max_hp_per_floor":[80,80,80,90,90,90,90,90,90,90,90,90,90,90,90,90,90],"relic_stats":{"Nunchaku":[2],"counters":[8,39],"Self Forming Clay":[21],"Pen Nib":[2],"Smiling Mask":0,"obtain_stats":[{"Nunchaku":9,"Pear":4,"Self Forming Clay":14,"Pen Nib":6,"Smiling Mask":13,"Burning Blood":0},{"Nunchaku":5,"Pear":3,"Self Forming Clay":7,"Pen Nib":4,"Smiling Mask":7,"Burning Blood":0},{"Nunchaku":24,"Pear":11,"Self Forming Clay":31,"Pen Nib":19,"Smiling Mask":31,"Burning Blood":0}],"Burning Blood":42},"card_choices":[{"not_picked":["Body Slam","Clothesline"],"picked":"Uppercut","floor":1.0},{"not_picked":["True Grit","Seeing Red"],"picked":"Searing Blow","floor":2.0},{"not_picked":["Spot Weakness","Body Slam","Clash"],"picked":"SKIP","floor":3.0},{"not_picked":["Perfected Strike","Dark Embrace"],"picked":"Thunderclap","floor":6.0},{"not_picked":["Clothesline","Flex"],"picked":"Cleave","floor":8.0},{"not_picked":["True Grit","Pommel Strike","Entrench"],"picked":"SKIP","floor":12.0},{"not_picked":["Cleave","Clothesline"],"picked":"Double Tap","floor":13.0}],"player_experience":747492,"relics_obtained":[{"floor":6.0,"key":"Pen Nib"},{"floor":9.0,"key":"Nunchaku"},{"floor":13.0,"key":"Smiling Mask"},{"floor":14.0,"key":"Self Forming Clay"}],"event_choices":[{"damage_healed":0.0,"max_hp_gain":0.0,"max_hp_loss":0.0,"gold_gain":0.0,"event_name":"Big Fish","player_choice":"Box","floor":4.0,"gold_loss":0.0,"damage_taken":0.0,"relics_obtained":["Pear"],"cards_obtained":["Regret"]},{"damage_healed":22.0,"max_hp_gain":0.0,"max_hp_loss":0.0,"gold_gain":0.0,"event_name":"The Cleric","player_choice":"Healed","floor":11.0,"gold_loss":35.0,"damage_taken":0.0}],"is_beta":false,"boss_relics":[],"items_purged_floors":[5],"is_endless":false,"potions_floor_spawned":[2,6,8],"killed_by":"The Guardian","ascension_level":13}}