{"host":"jczpfntkj7lke2b5","time":1612263011,"event":{"mods":["2.2 Compatiblity","AchievementEnabler","BaseMod","Block Reminder","Colored Map","Colored Powertips","Highlight Path","Minty Spire (QoL Compilation)","Permanent Neow","Random Character Button","Random Character Mod","Rare Cards Sparkle","Relic Stats","Remove Card Discount Mod","Shop Mod","StSLib"],"gold_per_floor":[114,114,131,144,163,163,195,195,248,248,277,296,308,337,337,439,439,458,470,29556,29573,29573,29608,29627,29627,29627,29661,29681,29140,29174,29189,29189,29293,29293,29312,28140,28154,28154,27549,27574,27574,27603,27603,27636,27646,27646,27664,27664,27664,27664,27664,27664,26581,26613,26613],"floor_reached":56,"language":"ENG","playtime":4456,"items_purged":["Strike_P","Strike_P","Strike_P","Defend_P+1","Defend_P+1","Defend_P","Madness","Madness"],"score":1859,"play_id":"67f0f41f-014e-4f3b-945e-9973a0781196","local_time":"20210202115011","is_ascension_mode":true,"campfire_choices":[{"data":"SpiritShield","floor":6,"key":"SMITH"},{"data":"BowlingBash","floor":10,"key":"SMITH"},{"data":"Vengeance","floor":15,"key":"SMITH"},{"data":"FlyingSleeves","floor":25,"key":"SMITH"},{"data":"SandsOfTime","floor":32,"key":"SMITH"},{"floor":41,"key":"RECALL"},{"data":"SpiritShield","floor":46,"key":"SMITH"},{"data":"ReachHeaven","floor":49,"key":"SMITH"},{"data":"Violence","floor":52,"key":"SMITH"}],"circlet_count":0,"master_deck":["Eruption+1","Vigilance","SpiritShield+1","Swivel","Consecrate","Prostrate+1","BowlingBash+1","Vengeance+1","CutThroughFate+1","ReachHeaven+1","FlyingSleeves+1","Tantrum","PathToVictory","LessonLearned+1","Protect+1","Prostrate+1","SignatureMove","CarveReality","WreathOfFlame","BattleHymn","Violence","Tantrum+1","Writhe","EmptyBody","ThirdEye","EmptyMind+1","FlurryOfBlows","Consecrate","CrushJoints","Indignation","WaveOfTheHand","Nirvana","CutThroughFate","SandsOfTime+1","SpiritShield+1","CurseOfTheBell","Evaluate+1","CrushJoints+1","SashWhip","EmptyBody","WreathOfFlame+1","MentalFortress","The Bomb","FollowUp+1","Flash of Steel","Violence","Violence+1","Prostrate+1","FlurryOfBlows","SashWhip","Evaluate","BattleHymn","SashWhip+1","Fasting2","Prostrate+1","Prostrate+1","FearNoEvil+1","FearNoEvil","Conclude","PathToVictory","Swivel","Adaptation","WheelKick"],"relics":["PureWater","Letter Opener","Pocketwatch","Snecko Eye","Centennial Puzzle","MerchantsRug","Bag of Marbles","Ornamental Fan","Pen Nib","InkBottle","Bottled Tornado","Calling Bell","Anchor","Question Card","FossilizedHelix","Pear","Whetstone","HandDrill","Blood Vial","DollysMirror","CaptainsWheel","Pantograph","Gremlin Horn","PreservedInsect","Bird Faced Urn","Mummified Hand","Ginger"],"acts_visited":["Exordium","TheCity","TheBeyond","TheEnding"],"potions_floor_usage":[16,16,16,16,33,33,33,33,33,50,50,50,50,50,55,55,55],"damage_taken":[{"damage":0,"enemies":"Small Slimes","floor":1,"turns":3},{"damage":0,"enemies":"2 Louse","floor":3,"turns":2},{"damage":0,"enemies":"Jaw Worm","floor":4,"turns":4},{"damage":19,"enemies":"Large Slime","floor":5,"turns":5},{"damage":28,"enemies":"Gremlin Nob","floor":7,"turns":4},{"damage":43,"enemies":"Lagavulin","floor":11,"turns":4},{"damage":0,"enemies":"Looter","floor":12,"turns":1},{"damage":0,"enemies":"3 Louse","floor":13,"turns":2},{"damage":1,"enemies":"3 Sentries","floor":14,"turns":3},{"damage":0,"enemies":"Slime Boss","floor":16,"turns":3},{"damage":0,"enemies":"Spheric Guardian","floor":18,"turns":2},{"damage":2,"enemies":"3 Byrds","floor":19,"turns":2},{"damage":0,"enemies":"Cultist and Chosen","floor":21,"turns":2},{"damage":12,"enemies":"Slavers","floor":23,"turns":2},{"damage":0,"enemies":"Snecko","floor":24,"turns":1},{"damage":0,"enemies":"Gremlin Leader","floor":27,"turns":1},{"damage":0,"enemies":"3 Cultists","floor":28,"turns":2},{"damage":4,"enemies":"Slavers","floor":30,"turns":2},{"damage":0,"enemies":"Snake Plant","floor":31,"turns":1},{"damage":0,"enemies":"Champ","floor":33,"turns":1},{"damage":0,"enemies":"3 Darklings","floor":35,"turns":2},{"damage":3,"enemies":"3 Shapes","floor":37,"turns":2},{"damage":0,"enemies":"Giant Head","floor":40,"turns":4},{"damage":0,"enemies":"Reptomancer","floor":42,"turns":2},{"damage":0,"enemies":"Giant Head","floor":44,"turns":2},{"damage":0,"enemies":"Sphere and 2 Shapes","floor":45,"turns":3},{"damage":0,"enemies":"Spire Growth","floor":47,"turns":1},{"damage":0,"enemies":"Time Eater","floor":50,"turns":2},{"damage":0,"enemies":"Shield and Spear","floor":54,"turns":2},{"damage":31,"enemies":"The Heart","floor":55,"turns":4}],"seed_played":"-8591759895051744472","potions_obtained":[{"floor":3,"key":"Ancient Potion"},{"floor":7,"key":"Ancient Potion"},{"floor":11,"key":"LiquidBronze"},{"floor":12,"key":"Ancient Potion"},{"floor":16,"key":"Energy Potion"},{"floor":19,"key":"SteroidPotion"},{"floor":23,"key":"SneckoOil"},{"floor":27,"key":"Dexterity Potion"},{"floor":35,"key":"BottledMiracle"},{"floor":42,"key":"Swift Potion"},{"floor":54,"key":"BottledMiracle"}],"is_trial":false,"path_per_floor":["M","?","M","M","M","R","E","?","T","R","E","M","M","E","R","B",null,"M","M","$","M","?","E","M","R","T","E","M","$","E","M","R","B",null,"M","$","M","?","$","E","R","E","T","E","M","R","M","?","R","B",null,"R","$","E","B",null],"character_chosen":"WATCHER","items_purchased":["Centennial Puzzle","MerchantsRug","Block Potion","SpeedPotion","DistilledChaos","SignatureMove","CarveReality","WreathOfFlame","BattleHymn","Violence","InkBottle","Consecrate","CrushJoints","Indignation","WaveOfTheHand","Nirvana","Pear","CrushJoints","SashWhip","EmptyBody","WreathOfFlame","MentalFortress","Whetstone","HandDrill","PowerPotion","FearPotion","CultistPotion","The Bomb","Blood Vial","DollysMirror","FlurryOfBlows","SashWhip","Evaluate","BattleHymn","DistilledChaos","SteroidPotion","Bird Faced Urn","Mummified Hand","DuplicationPotion","SteroidPotion","DuplicationPotion","FearNoEvil","Conclude","PathToVictory","Swivel","Adaptation"],"campfire_rested":0,"item_purchase_floors":[20,20,20,20,20,20,20,20,20,20,29,29,29,29,29,29,36,36,36,36,36,36,36,36,36,36,36,36,39,39,39,39,39,39,39,39,53,53,53,53,53,53,53,53,53,53],"current_hp_per_floor":[65,65,65,65,65,65,65,52,52,52,65,65,65,64,64,64,65,65,63,63,63,63,65,65,65,65,65,65,65,65,65,65,65,65,65,75,72,62,62,75,75,75,75,75,75,75,75,66,66,75,75,75,75,75,50],"gold":26613,"neow_bonus":"TRANSFORM_TWO_CARDS","is_daily":false,"chose_seed":false,"campfire_upgraded":8,"win_rate":0.0,"timestamp":1612263011,"path_taken":["M","?","M","M","M","R","E","?","T","R","E","M","?","E","R","BOSS","M","M","$","M","?","E","M","R","T","E","M","$","E","M","R","BOSS","M","$","M","?","$","E","R","E","T","E","M","R","M","?","R","BOSS","R","$","E","BOSS"],"items_purchased_type":["Relic","Relic","Potion","Potion","Potion","Card","Card","Card","Card","Card","Relic","Card","Card","Card","Card","Card","Relic","Card","Card","Card","Card","Card","Relic","Relic","Potion","Potion","Potion","Card","Relic","Relic","Card","Card","Card","Card","Potion","Potion","Relic","Relic","Potion","Potion","Potion","Card","Card","Card","Card","Card"],"build_version":"2020-12-13","purchased_purges":8,"victory":true,"max_hp_per_floor":[65,65,65,65,65,65,65,65,65,65,65,65,65,65,65,65,65,65,65,65,65,65,65,65,65,65,65,65,65,65,65,65,65,65,65,75,75,75,75,75,75,75,75,75,75,75,75,75,75,75,75,75,75,75,75],"relic_stats":{"Gremlin Horn":[3,3],"counters":[30,71],"Pen Nib":[15],"PreservedInsect":68,"Letter Opener":[246],"Whetstone":["CrushJoints","Eruption"],"Ginger":[2],"Question Card":11,"Blood Vial":2,"Centennial Puzzle":[12],"Ornamental Fan":[168],"Mummified Hand":[13],"Pantograph":9,"Bird Faced Urn":[6],"Snecko Eye":[88,74,85,100],"HandDrill":[2],"obtain_stats":[{"Gremlin Horn":43,"Whetstone":36,"Ginger":54,"Bottled Tornado":30,"Blood Vial":39,"Centennial Puzzle":20,"DollysMirror":39,"Mummified Hand":53,"Pantograph":42,"HandDrill":36,"InkBottle":29,"Potion Belt":11,"MerchantsRug":20,"Pear":36,"Pen Nib":27,"PreservedInsect":44,"Letter Opener":7,"Question Card":34,"Calling Bell":34,"Anchor":34,"CaptainsWheel":40,"Ornamental Fan":26,"Bird Faced Urn":53,"Snecko Eye":17,"Bag of Marbles":22,"PureWater":0,"FossilizedHelix":34,"Pocketwatch":14},{"Gremlin Horn":24,"Whetstone":21,"Ginger":29,"Bottled Tornado":18,"Blood Vial":22,"Centennial Puzzle":12,"DollysMirror":22,"Mummified Hand":28,"Pantograph":24,"HandDrill":21,"InkBottle":17,"Potion Belt":6,"MerchantsRug":12,"Pear":21,"Pen Nib":16,"PreservedInsect":25,"Letter Opener":5,"Question Card":20,"Calling Bell":20,"Anchor":20,"CaptainsWheel":23,"Ornamental Fan":15,"Bird Faced Urn":28,"Snecko Eye":10,"Bag of Marbles":13,"PureWater":0,"FossilizedHelix":20,"Pocketwatch":9},{"Gremlin Horn":57,"Whetstone":49,"Ginger":67,"Bottled Tornado":45,"Blood Vial":51,"Centennial Puzzle":35,"DollysMirror":51,"Mummified Hand":65,"Pantograph":57,"HandDrill":49,"InkBottle":43,"Potion Belt":22,"MerchantsRug":35,"Pear":49,"Pen Nib":41,"PreservedInsect":59,"Letter Opener":18,"Question Card":47,"Calling Bell":47,"Anchor":47,"CaptainsWheel":55,"Ornamental Fan":40,"Bird Faced Urn":65,"Snecko Eye":31,"Bag of Marbles":37,"PureWater":0,"FossilizedHelix":47,"Pocketwatch":28}],"InkBottle":[27],"Pocketwatch":[0]},"card_choices":[{"not_picked":["ThirdEye","CrushJoints"],"picked":"Consecrate","floor":1},{"not_picked":["JustLucky","EmptyFist"],"picked":"Prostrate","floor":3},{"not_picked":["ClearTheMind","CrushJoints"],"picked":"BowlingBash","floor":4},{"not_picked":["WindmillStrike","Omniscience"],"picked":"Vengeance","floor":5},{"not_picked":["Wireheading","FollowUp"],"picked":"CutThroughFate","floor":7},{"not_picked":["SashWhip","Crescendo"],"picked":"ReachHeaven","floor":11},{"not_picked":["Perseverance","Meditate"],"picked":"FlyingSleeves","floor":12},{"not_picked":["FlyingSleeves","ReachHeaven"],"picked":"Tantrum","floor":13},{"not_picked":["FearNoEvil","BowlingBash"],"picked":"PathToVictory","floor":14},{"not_picked":["ConjureBlade","Establishment"],"picked":"LessonLearned","floor":16},{"not_picked":["Meditate","PathToVictory+1"],"picked":"Protect+1","floor":18},{"not_picked":["Perseverance+1","CrushJoints+1"],"picked":"Prostrate+1","floor":19},{"not_picked":["Halt","Adaptation"],"picked":"Tantrum+1","floor":21},{"not_picked":["BattleHymn","ForeignInfluence"],"picked":"EmptyBody","floor":23},{"not_picked":["FlurryOfBlows","Halt"],"picked":"ThirdEye","floor":24},{"not_picked":["FlurryOfBlows","Wish"],"picked":"EmptyMind","floor":27},{"not_picked":["Wireheading","JustLucky"],"picked":"FlurryOfBlows","floor":28},{"not_picked":["ThirdEye","Collect+1"],"picked":"CutThroughFate","floor":30},{"not_picked":["BowlingBash","EmptyFist"],"picked":"SandsOfTime","floor":31},{"not_picked":["Wish","LessonLearned"],"picked":"SpiritShield","floor":33},{"not_picked":["Collect+1","Meditate+1","CutThroughFate"],"picked":"Evaluate+1","floor":35},{"not_picked":["Consecrate","SashWhip","FlyingSleeves"],"picked":"FollowUp+1","floor":37},{"not_picked":["Discovery","Trip","Bandage Up"],"picked":"Flash of Steel","floor":38},{"not_picked":["Flash of Steel","Blind","Swift Strike"],"picked":"Violence","floor":38},{"not_picked":["Metamorphosis","The Bomb","Chrysalis"],"picked":"Violence","floor":38},{"not_picked":["SignatureMove","Crescendo+1","SpiritShield"],"picked":"SashWhip+1","floor":40},{"not_picked":["JustLucky+1","Halt","EmptyFist+1"],"picked":"Fasting2","floor":42},{"not_picked":["Wallop","Halt+1","MentalFortress"],"picked":"Prostrate+1","floor":44},{"not_picked":["ReachHeaven","Evaluate+1","FlyingSleeves+1"],"picked":"Prostrate+1","floor":45},{"not_picked":["FlurryOfBlows","Adaptation","Crescendo"],"picked":"FearNoEvil+1","floor":47},{"not_picked":["JustLucky","Indignation+1","FlurryOfBlows"],"picked":"WheelKick","floor":54}],"player_experience":82005,"relics_obtained":[{"floor":7,"key":"Letter Opener"},{"floor":11,"key":"Potion Belt"},{"floor":14,"key":"Pocketwatch"},{"floor":26,"key":"Ornamental Fan"},{"floor":27,"key":"Pen Nib"},{"floor":30,"key":"Bottled Tornado"},{"floor":34,"key":"Anchor"},{"floor":34,"key":"Question Card"},{"floor":34,"key":"FossilizedHelix"},{"floor":40,"key":"CaptainsWheel"},{"floor":42,"key":"Pantograph"},{"floor":43,"key":"Gremlin Horn"},{"floor":44,"key":"PreservedInsect"},{"floor":54,"key":"Ginger"}],"event_choices":[{"damage_healed":0,"gold_gain":0,"player_choice":"Leave","damage_taken":0,"max_hp_gain":0,"max_hp_loss":0,"event_name":"The Cleric","floor":2,"gold_loss":0},{"damage_healed":0,"gold_gain":0,"player_choice":"Entered Light","damage_taken":13,"max_hp_gain":0,"max_hp_loss":0,"event_name":"Shining Light","floor":8,"gold_loss":0,"cards_upgraded":["Prostrate","Defend_P"]},{"damage_healed":0,"gold_gain":0,"player_choice":"Opened","damage_taken":0,"relics_obtained":["Bag of Marbles"],"max_hp_gain":0,"max_hp_loss":0,"event_name":"The Mausoleum","floor":22,"gold_loss":0,"cards_obtained":["Writhe"]},{"damage_healed":0,"gold_gain":0,"player_choice":"Memory 3","damage_taken":10,"max_hp_gain":0,"max_hp_loss":0,"event_name":"SensoryStone","floor":38,"gold_loss":0},{"damage_healed":0,"gold_gain":0,"player_choice":"Embrace Madness","damage_taken":9,"max_hp_gain":0,"max_hp_loss":0,"event_name":"Winding Halls","floor":48,"gold_loss":0,"cards_obtained":["Madness","Madness"]}],"is_beta":false,"boss_relics":[{"not_picked":["SacredBark","Fusion Hammer"],"picked":"Snecko Eye"},{"not_picked":["Busted Crown","Sozu"],"picked":"Calling Bell"}],"items_purged_floors":[20,20,20,20,20,20,53,53],"is_endless":false,"potions_floor_spawned":[3,7,11,12,16,19,23,27,28,31,35,42,44,45,54],"ascension_level":1}}