{"host":"ztbcjri4lmj3mep7","time":1612310131,"event":{"mods":["BaseMod","Become a monster ???","Better Altar","Better Match","Better Sensory Stone","Better Skull","Better Third Choice","Challenge The Spire","Colored Map","DeckTracker","Friendly Minions","Marisa????????","Minty Spire (QoL Compilation)","Quick Restart","Random Character Button","Reliquary","Robot Space Explorer","StSLib","SuperFastMode","Synergy Search","The Marked","The Runesmith","slay the spire mod where everything is the same but ironclad has a cowboy hat"],"gold_per_floor":[116,66,166,182,197,197,1,1,24,24,71,84,84,101,101,200,200,210,210,221,286,299,299,328,328,351,363,378,378,428,493,493,594,594,612,662,240,254,254],"floor_reached":38,"language":"ENG","playtime":3369,"items_purged":["RobotSpaceExplorer:Strike","RobotSpaceExplorer:Strike"],"score":388,"play_id":"68ff13fb-13eb-4cb7-ace2-6a75e58ff42e","local_time":"20210202175531","is_ascension_mode":false,"campfire_choices":[{"data":"RobotSpaceExplorer:MiniBoosters","floor":6,"key":"SMITH"},{"data":"RobotSpaceExplorer:MiniLasers","floor":8,"key":"SMITH"},{"data":"RobotSpaceExplorer:FranticSearch","floor":13,"key":"SMITH"},{"data":"RobotSpaceExplorer:LuckyStrike","floor":15,"key":"SMITH"},{"data":"RobotSpaceExplorer:MiniDrones","floor":23,"key":"SMITH"},{"data":"RobotSpaceExplorer:ChargingLaser","floor":25,"key":"SMITH"},{"floor":29,"key":"REST"},{"floor":32,"key":"REST"}],"circlet_count":0,"master_deck":["RobotSpaceExplorer:Strike","RobotSpaceExplorer:Defend","RobotSpaceExplorer:Defend","RobotSpaceExplorer:Defend","RobotSpaceExplorer:Defend","RobotSpaceExplorer:Scan+1","RobotSpaceExplorer:MiniLasers+1","RobotSpaceExplorer:MiniBoosters+1","RobotSpaceExplorer:ScrapMissile","RobotSpaceExplorer:FranticSearch+1","RobotSpaceExplorer:JunkDive","Dramatic Entrance","RobotSpaceExplorer:SurgingShield","RobotSpaceExplorer:LuckyStrike+1","RobotSpaceExplorer:ChargingLaser+1","RobotSpaceExplorer:FranticSearch+1","RobotSpaceExplorer:MiniDrones+1","RobotSpaceExplorer:Scanner","RobotSpaceExplorer:PowerGlove"],"relics":["RobotSpaceExplorer:RoboCore","NeowsBlessing","reliquary:Stiletto","Potion Belt","Bag of Marbles","RobotSpaceExplorer:Reprocessor","SsserpentHead","HornCleat","SlaversCollar","Letter Opener"],"acts_visited":["Exordium","TheCity","TheBeyond"],"potions_floor_usage":[22],"damage_taken":[{"damage":0,"enemies":"2 Louse","floor":1,"turns":1},{"damage":0,"enemies":"Jaw Worm","floor":4,"turns":1},{"damage":0,"enemies":"Cultist","floor":5,"turns":1},{"damage":2,"enemies":"Blue Slaver","floor":12,"turns":5},{"damage":0,"enemies":"Exordium Thugs","floor":14,"turns":3},{"damage":40,"enemies":"Hexaghost","floor":16,"turns":12},{"damage":0,"enemies":"Chosen","floor":18,"turns":3},{"damage":0,"enemies":"Shell Parasite","floor":20,"turns":2},{"damage":8,"enemies":"Shelled Parasite and Fungi","floor":21,"turns":2},{"damage":23,"enemies":"Snake Plant","floor":22,"turns":5},{"damage":8,"enemies":"Gremlin Leader","floor":24,"turns":5},{"damage":0,"enemies":"Sentry and Sphere","floor":27,"turns":1},{"damage":6,"enemies":"Shelled Parasite and Fungi","floor":28,"turns":3},{"damage":0,"enemies":"Chosen and Byrds","floor":31,"turns":4},{"damage":15,"enemies":"Champ","floor":33,"turns":7},{"damage":0,"enemies":"3 Darklings","floor":35,"turns":2},{"damage":5,"enemies":"Orb Walker","floor":38,"turns":2}],"seed_played":"-7708928851586690942","potions_obtained":[{"floor":1,"key":"Dexterity Potion"},{"floor":4,"key":"DuplicationPotion"},{"floor":14,"key":"Swift Potion"},{"floor":22,"key":"CultistPotion"},{"floor":24,"key":"Explosive Potion"},{"floor":27,"key":"ColorlessPotion"}],"is_trial":false,"path_per_floor":["M","?","?","M","M","R","$","R","T","?","T","M","R","M","R","B",null,"M","?","M","M","M","R","E","R","T","M","M","R","?","M","R","B",null,"M","?","$","M"],"character_chosen":"RobotSpaceExplorer","items_purchased":["RobotSpaceExplorer:JunkDive","Dramatic Entrance","Letter Opener","RobotSpaceExplorer:PowerGlove"],"campfire_rested":2,"item_purchase_floors":[7,7,37,37],"current_hp_per_floor":[75,75,75,75,75,75,75,75,75,72,72,70,70,70,70,30,75,75,75,75,67,44,44,36,36,36,36,30,52,52,52,74,59,75,75,75,75,70,70],"gold":254,"neow_bonus":"THREE_ENEMY_KILL","is_daily":false,"chose_seed":false,"campfire_upgraded":6,"win_rate":0.0,"timestamp":1612310131,"path_taken":["M","?","?","M","?","R","$","R","T","?","?","M","R","M","R","BOSS","M","?","M","?","M","R","E","R","T","M","M","R","?","?","R","BOSS","M","?","$","M"],"items_purchased_type":["Card","Card","Relic","Card"],"build_version":"2020-12-22","purchased_purges":2,"victory":false,"max_hp_per_floor":[75,75,75,75,75,75,75,75,75,75,75,75,75,75,75,75,75,75,75,75,75,75,75,75,75,75,75,75,75,75,75,75,75,75,75,75,75,75,75],"card_choices":[{"not_picked":["RobotSpaceExplorer:SwiftStep","RobotSpaceExplorer:DoubleBlock"],"picked":"RobotSpaceExplorer:MiniBoosters","floor":1},{"not_picked":["RobotSpaceExplorer:FranticSearch","RobotSpaceExplorer:PowerCollector"],"picked":"RobotSpaceExplorer:ScrapMissile","floor":4},{"not_picked":["RobotSpaceExplorer:ImprovisedAttack","RobotSpaceExplorer:Electropulse"],"picked":"RobotSpaceExplorer:FranticSearch","floor":5},{"not_picked":["RobotSpaceExplorer:Discharger","RobotSpaceExplorer:SurgingStrike"],"picked":"RobotSpaceExplorer:SurgingShield","floor":12},{"not_picked":["RobotSpaceExplorer:MetalStrike","RobotSpaceExplorer:Multitool"],"picked":"RobotSpaceExplorer:LuckyStrike","floor":14},{"not_picked":["RobotSpaceExplorer:HighVoltage","RobotSpaceExplorer:BlastShield"],"picked":"RobotSpaceExplorer:ChargingLaser","floor":16},{"not_picked":["RobotSpaceExplorer:ShovelStrike","RobotSpaceExplorer:DoubleBlock","RobotSpaceExplorer:Pulsar+1"],"picked":"SKIP","floor":18},{"not_picked":["RobotSpaceExplorer:ShockKick","RobotSpaceExplorer:ShovelStrike"],"picked":"RobotSpaceExplorer:FranticSearch+1","floor":20},{"not_picked":["RobotSpaceExplorer:FrostMissile","RobotSpaceExplorer:ExhaustFan","RobotSpaceExplorer:Smokescreen"],"picked":"SKIP","floor":21},{"not_picked":["RobotSpaceExplorer:GearShield+1","RobotSpaceExplorer:Pulsar+1"],"picked":"RobotSpaceExplorer:MiniDrones","floor":22},{"not_picked":["RobotSpaceExplorer:FreezingShield","RobotSpaceExplorer:GlueShot","RobotSpaceExplorer:StarDust"],"picked":"SKIP","floor":24},{"not_picked":["RobotSpaceExplorer:ScrapMissile","RobotSpaceExplorer:FranticSearch","RobotSpaceExplorer:FreezingShield+1"],"picked":"SKIP","floor":27},{"not_picked":["RobotSpaceExplorer:SurgingStrike+1","RobotSpaceExplorer:GearShield","RobotSpaceExplorer:Discharger"],"picked":"SKIP","floor":28},{"not_picked":["RobotSpaceExplorer:Asteroid","RobotSpaceExplorer:SelfCleaning","RobotSpaceExplorer:ImprovisedAttack+1"],"picked":"SKIP","floor":31},{"not_picked":["RobotSpaceExplorer:Multitool","RobotSpaceExplorer:Blaster"],"picked":"RobotSpaceExplorer:Scanner","floor":33},{"not_picked":["RobotSpaceExplorer:SurgingStrike","RobotSpaceExplorer:ShockKick","RobotSpaceExplorer:Counterblock"],"picked":"SKIP","floor":35}],"player_experience":752003,"relics_obtained":[{"floor":9,"key":"reliquary:Stiletto"},{"floor":11,"key":"Bag of Marbles"},{"floor":24,"key":"HornCleat"}],"event_choices":[{"cards_removed":["RobotSpaceExplorer:Strike"],"damage_healed":0,"gold_gain":0,"player_choice":"Card Removal","damage_taken":0,"max_hp_gain":0,"max_hp_loss":0,"event_name":"The Cleric","floor":2,"gold_loss":50},{"damage_healed":0,"gold_gain":100,"player_choice":"Pray","damage_taken":0,"max_hp_gain":0,"max_hp_loss":0,"event_name":"Golden Shrine","floor":3,"gold_loss":0},{"damage_healed":0,"gold_gain":0,"player_choice":"Relic ","damage_taken":3,"max_hp_gain":0,"max_hp_loss":0,"event_name":"betterThird:BetterScrap","floor":10,"gold_loss":0,"cards_obtained":["Pummel"]},{"damage_healed":0,"gold_gain":0,"player_choice":"Trade","damage_taken":0,"relics_obtained":["SsserpentHead"],"max_hp_gain":0,"max_hp_loss":0,"event_name":"FaceTrader","floor":19,"gold_loss":0},{"damage_healed":0,"gold_gain":0,"player_choice":"Upgraded","damage_taken":0,"max_hp_gain":0,"max_hp_loss":0,"event_name":"Upgrade Shrine","floor":30,"gold_loss":0,"cards_upgraded":["RobotSpaceExplorer:Scan"]},{"damage_healed":0,"gold_gain":0,"player_choice":"Ignored","damage_taken":0,"max_hp_gain":0,"max_hp_loss":0,"event_name":"Tomb of Lord Red Mask","floor":36,"gold_loss":0}],"is_beta":false,"boss_relics":[{"not_picked":["Calling Bell","Tiny House"],"picked":"RobotSpaceExplorer:Reprocessor"},{"not_picked":["SacredBark","Black Star"],"picked":"SlaversCollar"}],"items_purged_floors":[7,37],"is_endless":false,"potions_floor_spawned":[1,4,14,22,24,27,31,33],"killed_by":"Orb Walker","ascension_level":0}}