{"host":"j4g6ia6asvpyu2b0","time":1612303184,"event":{"mods":["BaseMod","Colored Map","Minty Spire (QoL Compilation)","Permanent Neow","Quick Restart","Relic Stats","StSLib","Unceasing Turn Reminder"],"gold_per_floor":[110,110,120,136,136,136,164,164,164,181,181,213,230,76,76,180,180,190,190,204,204,218,243,243,243,243,269,269,304,316,333,333,435,435,453,221,221,239,251,280,300,334,334,360,410,420,420,420,420,420,420,420,38,67,67,67],"floor_reached":55,"language":"ENG","playtime":1235,"items_purged":["Strike_R","Strike_R"],"score":1128,"play_id":"6fa9e465-5c67-4560-a454-923c9b50431a","local_time":"20210202145944","is_ascension_mode":true,"campfire_choices":[{"data":"Metamorphosis","floor":6,"key":"SMITH"},{"data":"Uppercut","floor":8,"key":"SMITH"},{"data":"Inflame","floor":15,"key":"SMITH"},{"data":"RitualDagger","floor":24,"key":"SMITH"},{"floor":28,"key":"RECALL"},{"data":"Inflame","floor":32,"key":"SMITH"},{"data":"Juggernaut","floor":49,"key":"SMITH"},{"data":"Feel No Pain","floor":52,"key":"SMITH"}],"circlet_count":0,"master_deck":["Strike_R","Defend_R","Defend_R+1","Defend_R+1","Bash","Metamorphosis+1","Anger","Whirlwind+1","Inflame+1","Uppercut+1","Infernal Blade+1","Armaments+1","Inflame+1","Offering+1","Limit Break+1","Sword Boomerang","True Grit+1","RitualDagger+1","Flex+1","Battle Trance+1","Clothesline","Feel No Pain+1","Pommel Strike","Warcry+1","Havoc+1","Armaments+1","Juggernaut+1","True Grit+1","Seeing Red+1","Metamorphosis+1","Discovery+1","Enlightenment+1","Body Slam","Flex+1","Evolve","Shrug It Off+1","Blind+1"],"relics":["Burning Blood","Toxic Egg 2","Mercury Hourglass","Gremlin Horn","Bottled Flame","Busted Crown","Thread and Needle","Lantern","Bottled Lightning","Vajra","Black Star","Membership Card","Mummified Hand","Eternal Feather","Art of War","Paper Frog","FossilizedHelix","War Paint","Pocketwatch","Shuriken","Turnip","Blood Vial","Pen Nib"],"acts_visited":["Exordium","TheCity","TheBeyond","TheEnding"],"potions_floor_usage":[27,55,55,55],"damage_taken":[{"damage":4,"enemies":"2 Louse","floor":1,"turns":4},{"damage":2,"enemies":"Small Slimes","floor":3,"turns":4},{"damage":1,"enemies":"Cultist","floor":4,"turns":3},{"damage":31,"enemies":"Lagavulin","floor":7,"turns":6},{"damage":7,"enemies":"Looter","floor":10,"turns":3},{"damage":0,"enemies":"3 Sentries","floor":12,"turns":1},{"damage":7,"enemies":"Blue Slaver","floor":13,"turns":2},{"damage":6,"enemies":"Slime Boss","floor":16,"turns":3},{"damage":0,"enemies":"3 Byrds","floor":18,"turns":2},{"damage":6,"enemies":"Chosen","floor":20,"turns":3},{"damage":0,"enemies":"3 Cultists","floor":22,"turns":2},{"damage":18,"enemies":"Book of Stabbing","floor":23,"turns":4},{"damage":6,"enemies":"Gremlin Leader","floor":27,"turns":3},{"damage":6,"enemies":"Slavers","floor":29,"turns":1},{"damage":6,"enemies":"Centurion and Healer","floor":30,"turns":2},{"damage":0,"enemies":"Sentry and Sphere","floor":31,"turns":1},{"damage":6,"enemies":"Champ","floor":33,"turns":5},{"damage":6,"enemies":"3 Shapes","floor":35,"turns":1},{"damage":6,"enemies":"Orb Walker","floor":38,"turns":3},{"damage":13,"enemies":"Writhing Mass","floor":39,"turns":2},{"damage":6,"enemies":"Reptomancer","floor":40,"turns":3},{"damage":6,"enemies":"Spire Growth","floor":41,"turns":2},{"damage":6,"enemies":"Giant Head","floor":42,"turns":4},{"damage":14,"enemies":"Nemesis","floor":44,"turns":3},{"damage":0,"enemies":"Mind Bloom Boss Battle","floor":45,"turns":1},{"damage":0,"enemies":"Sphere and 2 Shapes","floor":46,"turns":1},{"damage":23,"enemies":"Time Eater","floor":50,"turns":4},{"damage":0,"enemies":"Shield and Spear","floor":54,"turns":3},{"damage":77,"enemies":"The Heart","floor":55,"turns":5}],"seed_played":"3875032714375188285","potions_obtained":[{"floor":3,"key":"FairyPotion"},{"floor":13,"key":"FearPotion"},{"floor":18,"key":"Fire Potion"},{"floor":29,"key":"PowerPotion"},{"floor":41,"key":"Swift Potion"}],"is_trial":false,"path_per_floor":["M","?","M","M","?","R","E","R","T","M","?","E","M","$","R","B",null,"M","?","M","?","M","E","R","?","T","E","R","E","M","M","R","B",null,"M","$","?","M","M","E","M","E","T","E","?","M","T","?","R","B",null,"R","$","E","B"],"character_chosen":"IRONCLAD","items_purchased":["Offering+1","Membership Card","Feel No Pain","Pommel Strike","Body Slam","Flex+1","Turnip","Evolve","LiquidBronze","Shrug It Off+1","Blind+1"],"campfire_rested":0,"item_purchase_floors":[14,36,36,36,53,53,53,53,53,53,53],"current_hp_per_floor":[72,65,69,72,69,69,44,44,44,43,43,49,48,48,48,48,72,72,59,59,53,59,47,47,47,47,47,47,47,47,53,53,53,77,77,77,77,77,70,70,70,70,70,62,68,74,74,64,77,60,77,77,77,77,0,0],"gold":67,"neow_bonus":"RANDOM_COLORLESS_2","is_daily":false,"chose_seed":false,"campfire_upgraded":7,"win_rate":0.0,"timestamp":1612303184,"path_taken":["M","?","M","M","?","R","E","R","T","M","?","E","M","$","R","BOSS","M","?","M","?","M","E","R","?","T","E","R","E","M","M","R","BOSS","M","$","?","M","M","E","M","E","T","E","?","M","?","?","R","BOSS","R","$","E","BOSS"],"items_purchased_type":["Card","Relic","Card","Card","Card","Card","Relic","Card","Potion","Card","Card"],"build_version":"2020-12-22","purchased_purges":2,"victory":false,"max_hp_per_floor":[72,72,72,72,72,72,72,72,72,72,72,72,72,72,72,72,72,72,77,77,77,77,77,77,77,77,77,77,77,77,77,77,77,77,77,77,77,77,77,77,77,77,77,77,77,77,77,77,77,77,77,77,77,77,77,77],"relic_stats":{"Gremlin Horn":[12,13],"counters":[29,81],"Eternal Feather":13,"Pen Nib":[1],"War Paint":["Defend_R","Defend_R"],"Burning Blood":152,"Mercury Hourglass":[246],"Blood Vial":0,"Busted Crown":44,"Mummified Hand":[29],"Shuriken":[6],"Turnip":[2],"Black Star":4,"Art of War":[0],"obtain_stats":[{"Lantern":26,"Gremlin Horn":9,"Vajra":29,"Thread and Needle":23,"Eternal Feather":40,"Pen Nib":54,"War Paint":44,"Burning Blood":0,"Mercury Hourglass":7,"Blood Vial":54,"Bottled Flame":12,"Busted Crown":17,"Mummified Hand":40,"Shuriken":47,"Turnip":53,"Black Star":34,"Art of War":42,"Bottled Lightning":27,"Membership Card":36,"Toxic Egg 2":5,"FossilizedHelix":44,"Paper Frog":42,"Pocketwatch":45},{"Lantern":12,"Gremlin Horn":4,"Vajra":14,"Thread and Needle":12,"Eternal Feather":21,"Pen Nib":28,"War Paint":24,"Burning Blood":0,"Mercury Hourglass":4,"Blood Vial":28,"Bottled Flame":6,"Busted Crown":8,"Mummified Hand":21,"Shuriken":26,"Turnip":27,"Black Star":17,"Art of War":23,"Bottled Lightning":13,"Membership Card":18,"Toxic Egg 2":3,"FossilizedHelix":24,"Paper Frog":23,"Pocketwatch":25},{"Lantern":37,"Gremlin Horn":17,"Vajra":41,"Thread and Needle":37,"Eternal Feather":58,"Pen Nib":76,"War Paint":67,"Burning Blood":0,"Mercury Hourglass":17,"Blood Vial":76,"Bottled Flame":21,"Busted Crown":26,"Mummified Hand":58,"Shuriken":69,"Turnip":73,"Black Star":49,"Art of War":64,"Bottled Lightning":40,"Membership Card":50,"Toxic Egg 2":11,"FossilizedHelix":67,"Paper Frog":64,"Pocketwatch":68}],"Pocketwatch":[0]},"card_choices":[{"not_picked":["Secret Technique","Secret Weapon"],"picked":"Metamorphosis","floor":0},{"not_picked":["Havoc","Pommel Strike"],"picked":"Anger","floor":1},{"not_picked":["Havoc","Rampage"],"picked":"Whirlwind","floor":3},{"not_picked":["Body Slam","Warcry"],"picked":"Inflame","floor":4},{"not_picked":["Iron Wave","Perfected Strike"],"picked":"Uppercut","floor":7},{"not_picked":["Clash","Twin Strike"],"picked":"Infernal Blade+1","floor":10},{"not_picked":["Searing Blow","Perfected Strike","Armaments+1"],"picked":"SKIP","floor":12},{"not_picked":["Searing Blow","Perfected Strike"],"picked":"Armaments+1","floor":12},{"not_picked":["Entrench+1","Dropkick"],"picked":"Inflame","floor":13},{"not_picked":["Fiend Fire","Feed"],"picked":"Limit Break+1","floor":16},{"not_picked":[],"picked":"Sword Boomerang","floor":18},{"not_picked":[],"picked":"True Grit+1","floor":20},{"not_picked":["Anger"],"picked":"SKIP","floor":22},{"not_picked":[],"picked":"Flex+1","floor":23},{"not_picked":["Reckless Charge+1"],"picked":"SKIP","floor":27},{"not_picked":["Power Through+1"],"picked":"SKIP","floor":29},{"not_picked":["Cleave+1"],"picked":"SKIP","floor":30},{"not_picked":[],"picked":"Battle Trance+1","floor":31},{"not_picked":[],"picked":"Clothesline","floor":35},{"not_picked":[],"picked":"Warcry+1","floor":38},{"not_picked":[],"picked":"Havoc+1","floor":39},{"not_picked":[],"picked":"Armaments+1","floor":40},{"not_picked":["Hemokinesis"],"picked":"SKIP","floor":41},{"not_picked":[],"picked":"Juggernaut","floor":42},{"not_picked":[],"picked":"True Grit+1","floor":44},{"not_picked":[],"picked":"Seeing Red+1","floor":45},{"not_picked":["Clash"],"picked":"SKIP","floor":46},{"not_picked":[],"picked":"Metamorphosis+1","floor":48},{"not_picked":[],"picked":"Discovery+1","floor":48},{"not_picked":[],"picked":"Enlightenment+1","floor":48},{"not_picked":["Perfected Strike+1"],"picked":"SKIP","floor":54}],"player_experience":1108615,"relics_obtained":[{"floor":7,"key":"Mercury Hourglass"},{"floor":9,"key":"Gremlin Horn"},{"floor":12,"key":"Bottled Flame"},{"floor":23,"key":"Thread and Needle"},{"floor":26,"key":"Lantern"},{"floor":27,"key":"Bottled Lightning"},{"floor":29,"key":"Vajra"},{"floor":40,"key":"Mummified Hand"},{"floor":40,"key":"Eternal Feather"},{"floor":42,"key":"Art of War"},{"floor":42,"key":"Paper Frog"},{"floor":44,"key":"FossilizedHelix"},{"floor":44,"key":"War Paint"},{"floor":45,"key":"Pocketwatch"},{"floor":47,"key":"Shuriken"},{"floor":54,"key":"Blood Vial"},{"floor":54,"key":"Pen Nib"}],"event_choices":[{"cards_removed":["Strike_R"],"damage_healed":0,"gold_gain":0,"player_choice":"Card Removal","damage_taken":7,"max_hp_gain":0,"max_hp_loss":0,"event_name":"Golden Wing","floor":2,"gold_loss":0},{"damage_healed":0,"gold_gain":0,"player_choice":"Success","damage_taken":3,"relics_obtained":["Toxic Egg 2"],"max_hp_gain":0,"max_hp_loss":0,"event_name":"Scrap Ooze","floor":5,"gold_loss":0},{"damage_healed":0,"gold_gain":0,"player_choice":"Grow","damage_taken":0,"max_hp_gain":0,"max_hp_loss":0,"event_name":"Living Wall","floor":11,"gold_loss":0,"cards_upgraded":["Whirlwind"]},{"damage_healed":0,"gold_gain":0,"player_choice":"Shed Blood","damage_taken":18,"max_hp_gain":5,"max_hp_loss":0,"event_name":"Forgotten Altar","floor":19,"gold_loss":0},{"damage_healed":0,"gold_gain":0,"player_choice":"Joined the Cult","damage_taken":6,"max_hp_gain":0,"max_hp_loss":0,"event_name":"Nest","floor":21,"gold_loss":0,"cards_obtained":["RitualDagger"]},{"cards_removed":["Strike_R"],"damage_healed":0,"gold_gain":0,"player_choice":"Purged","damage_taken":0,"max_hp_gain":0,"max_hp_loss":0,"event_name":"Purifier","floor":25,"gold_loss":0},{"cards_removed":["Defend_R"],"damage_healed":0,"gold_gain":0,"player_choice":"Removed Skill","damage_taken":0,"max_hp_gain":0,"max_hp_loss":0,"event_name":"Falling","floor":37,"gold_loss":0},{"damage_healed":0,"gold_gain":0,"player_choice":"Fight","damage_taken":0,"max_hp_gain":0,"max_hp_loss":0,"event_name":"MindBloom","floor":45,"gold_loss":0},{"damage_healed":0,"gold_gain":0,"player_choice":"Memory 3","damage_taken":10,"max_hp_gain":0,"max_hp_loss":0,"event_name":"SensoryStone","floor":48,"gold_loss":0}],"is_beta":false,"boss_relics":[{"not_picked":["Philosopher\u0027s Stone","Runic Pyramid"],"picked":"Busted Crown"},{"not_picked":["SlaversCollar","SacredBark"],"picked":"Black Star"}],"items_purged_floors":[36,53],"is_endless":false,"potions_floor_spawned":[3,13,18,23,29,40,41,44,45],"killed_by":"The Heart","ascension_level":1}}