{"host":"4gr5irrdjh39ysed","time":1612229806,"event":{"mods":["AchievementEnabler","BaseMod","Colored Map","Downfall","Hermit","Minty Spire (QoL Compilation)","Random Character Button","StSLib","The Construct","The Cursed","The Disciple","The Hierophant","The Mystic","The Necromancer","The Runesmith"],"gold_per_floor":[113,123,123,3,18,50,60,77,104,104,133,133,159,170,170,242,242,262,262,187,71,71,103,103,119,119,119,135,145,179,41,41,119,119,136,154,74,91,91,91,121,121,176,187,187,214,239,62,62,62,62,62,62,89,89],"floor_reached":56,"language":"ENG","playtime":2302,"items_purged":["Defend_B"],"score":1973,"play_id":"2fa5a8cd-ff74-48e5-8dda-2075f892a34c","local_time":"20210201183645","is_ascension_mode":true,"campfire_choices":[{"floor":10,"key":"RECALL"},{"data":"Electrodynamics","floor":15,"key":"SMITH"},{"data":"Forethought","floor":24,"key":"SMITH"},{"data":"Electrodynamics","floor":32,"key":"SMITH"},{"data":"Echo Form","floor":40,"key":"SMITH"},{"data":"Apotheosis","floor":42,"key":"SMITH"},{"data":"Defragment","floor":49,"key":"SMITH"},{"data":"Violence","floor":52,"key":"SMITH"}],"circlet_count":0,"master_deck":["AscendersBane","Dualcast","Doom and Gloom","Redo","Ball Lightning+1","Defragment+1","Compile Driver+1","Compile Driver+1","Rebound+1","Capacitor","Cold Snap+1","Glacier","Electrodynamics+1","Electrodynamics+1","Sunder+1","Ball Lightning+1","Forethought+1","Stack","Barrage+1","Compile Driver+1","Bite+1","Bite+1","Bite+1","Bite+1","Bite+1","Go for the Eyes+1","Sweeping Beam+1","Meteor Strike+1","Echo Form+1","Chaos+1","Lockon+1","Machine Learning","Apotheosis+1","Violence+1","Blizzard+1","Ball Lightning+1","FTL+1","Fusion+1","Compile Driver+1","Sunder+1"],"relics":["Cracked Core","Molten Egg 2","Toy Ornithopter","Regal Pillow","Orichalcum","Empty Cage","Omamori","Pen Nib","Juzu Bracelet","PreservedInsect","Sozu","construct:FoamFinger","Lantern","Thread and Needle","StoneCalendar","Happy Flower","Nunchaku"],"acts_visited":["Exordium","TheCity","TheBeyond","TheEnding"],"potions_floor_usage":[11,16,25,33,55,55],"damage_taken":[{"damage":1,"enemies":"Cultist","floor":1,"turns":3},{"damage":0,"enemies":"Small Slimes","floor":2,"turns":3},{"damage":12,"enemies":"Jaw Worm","floor":5,"turns":2},{"damage":36,"enemies":"Gremlin Nob","floor":6,"turns":4},{"damage":40,"enemies":"Gremlin Gang","floor":7,"turns":3},{"damage":21,"enemies":"Blue Slaver","floor":8,"turns":3},{"damage":40,"enemies":"Lagavulin","floor":11,"turns":5},{"damage":50,"enemies":"3 Sentries","floor":13,"turns":5},{"damage":4,"enemies":"Exordium Wildlife","floor":14,"turns":3},{"damage":25,"enemies":"The Guardian","floor":16,"turns":8},{"damage":12,"enemies":"Chosen","floor":18,"turns":4},{"damage":52,"enemies":"Slavers","floor":23,"turns":4},{"damage":21,"enemies":"Spheric Guardian","floor":25,"turns":4},{"damage":11,"enemies":"Snecko","floor":28,"turns":4},{"damage":36,"enemies":"Snake Plant","floor":29,"turns":4},{"damage":36,"enemies":"Gremlin Leader","floor":30,"turns":5},{"damage":73,"enemies":"Collector","floor":33,"turns":7},{"damage":23,"enemies":"3 Darklings","floor":35,"turns":3},{"damage":19,"enemies":"3 Shapes","floor":36,"turns":3},{"damage":33,"enemies":"Writhing Mass","floor":38,"turns":5},{"damage":137,"enemies":"Reptomancer","floor":41,"turns":5},{"damage":24,"enemies":"4 Shapes","floor":44,"turns":4},{"damage":35,"enemies":"Nemesis","floor":46,"turns":5},{"damage":575,"enemies":"Mind Bloom Boss Battle","floor":47,"turns":6},{"damage":222,"enemies":"Time Eater","floor":50,"turns":13},{"damage":56,"enemies":"Shield and Spear","floor":54,"turns":5},{"damage":323,"enemies":"The Heart","floor":55,"turns":11}],"seed_played":"5012062497464156232","potions_obtained":[{"floor":1,"key":"Guardian:BlockOnCardUsePotion"},{"floor":7,"key":"PotionOfCapacity"},{"floor":13,"key":"SteroidPotion"},{"floor":16,"key":"Strength Potion"},{"floor":25,"key":"FocusPotion"},{"floor":33,"key":"champ:CounterPotion"}],"is_trial":false,"path_per_floor":["M","M","T","$","M","E","M","M","T","R","E","?","E","M","R","B",null,"M","?","?","$","?","E","R","M","T","?","M","M","E","$","R","B",null,"M","M","$","M","?","R","E","R","T","M","?","E","?","$","R","B",null,"R","$","E","B",null],"character_chosen":"DEFECT","items_purchased":["Ball Lightning+1","Ball Lightning+1","Forethought","Meteor Strike+1","Machine Learning","Happy Flower","Compile Driver+1"],"campfire_rested":0,"item_purchase_floors":[4,21,21,31,37,48,48],"current_hp_per_floor":[2067,2067,2067,2067,2055,2019,1979,1958,1958,1958,1923,1923,1873,1869,1869,1849,2019,2007,2007,2007,2007,2007,1955,1955,1939,1939,1452,1444,1417,1390,1390,1390,1331,1422,1402,1389,1389,1362,1357,1357,1223,1223,1223,1202,1202,1170,604,604,604,406,1191,1191,1191,1150,846],"gold":89,"neow_bonus":"REMOVE_CARD","is_daily":false,"chose_seed":false,"campfire_upgraded":7,"win_rate":0.0,"timestamp":1612229805,"path_taken":["M","?","?","$","?","E","M","M","T","R","E","?","E","M","R","BOSS","M","?","?","$","?","E","R","?","T","?","M","M","E","?","R","BOSS","M","M","$","M","?","R","E","R","T","M","?","E","?","?","R","BOSS","R","$","E","BOSS"],"items_purchased_type":["Card","Card","Card","Card","Card","Relic","Card"],"build_version":"2020-12-22","purchased_purges":1,"victory":true,"max_hp_per_floor":[2075,2075,2075,2075,2075,2075,2075,2075,2075,2075,2075,2075,2075,2075,2075,2075,2075,2075,2075,2075,2075,2075,2075,2075,2075,2075,1452,1452,1452,1452,1452,1452,1452,1452,1452,1452,1452,1452,1452,1452,1452,1452,1452,1452,1452,1452,1452,1452,1452,1452,1452,1452,1452,1452,1452],"card_choices":[{"not_picked":["Tempest","Barrage"],"picked":"Doom and Gloom","floor":1},{"not_picked":["Barrage","Reprogram"],"picked":"Redo","floor":2},{"not_picked":["Hologram","Streamline+1"],"picked":"Defragment","floor":5},{"not_picked":["Sweeping Beam+1","Turbo"],"picked":"Compile Driver+1","floor":6},{"not_picked":["Scrape+1","Rip and Tear+1"],"picked":"Compile Driver+1","floor":7},{"not_picked":["Leap","Steam"],"picked":"Rebound+1","floor":8},{"not_picked":["Rebound+1","Storm"],"picked":"Capacitor","floor":11},{"not_picked":["Capacitor","Reinforced Body"],"picked":"Glacier","floor":13},{"not_picked":["Gash+1","Coolheaded"],"picked":"Electrodynamics","floor":14},{"not_picked":["Buffer","Hyperbeam+1"],"picked":"Electrodynamics","floor":16},{"not_picked":["Ball Lightning+1","Heatsinks"],"picked":"Sunder+1","floor":18},{"not_picked":["Go for the Eyes+1","Ball Lightning+1"],"picked":"Barrage+1","floor":23},{"not_picked":["Leap","Reprogram+1"],"picked":"Compile Driver+1","floor":25},{"not_picked":["Hello World","Glacier","Coolheaded"],"picked":"SKIP","floor":28},{"not_picked":["Hologram","Glacier"],"picked":"Go for the Eyes+1","floor":29},{"not_picked":["Force Field","Hyperbeam+1"],"picked":"Sweeping Beam+1","floor":30},{"not_picked":["Creative AI","Hyperbeam+1"],"picked":"Echo Form","floor":33},{"not_picked":["Lockon+1","Rebound+1"],"picked":"Chaos+1","floor":35},{"not_picked":["Chill","Self Repair"],"picked":"Lockon+1","floor":36},{"not_picked":["Turbo","Gash+1","Compile Driver+1"],"picked":"SKIP","floor":38},{"not_picked":["Chrysalis","Good Instincts"],"picked":"Apotheosis","floor":39},{"not_picked":["PanicButton","Bandage Up"],"picked":"Violence","floor":39},{"not_picked":["Static Discharge","Hologram"],"picked":"Blizzard+1","floor":41},{"not_picked":["Steam Power","Hello World"],"picked":"Ball Lightning+1","floor":44},{"not_picked":["Force Field","Stack"],"picked":"FTL+1","floor":46},{"not_picked":["Hologram+1","Beam Cell+1"],"picked":"Fusion+1","floor":47},{"not_picked":["Go for the Eyes+1","Melter+1"],"picked":"Sunder+1","floor":54}],"player_experience":282511,"relics_obtained":[{"floor":3,"key":"Molten Egg 2"},{"floor":6,"key":"Toy Ornithopter"},{"floor":11,"key":"Regal Pillow"},{"floor":13,"key":"Orichalcum"},{"floor":23,"key":"Pen Nib"},{"floor":26,"key":"Juzu Bracelet"},{"floor":30,"key":"PreservedInsect"},{"floor":41,"key":"construct:FoamFinger"},{"floor":43,"key":"Lantern"},{"floor":46,"key":"Thread and Needle"},{"floor":47,"key":"StoneCalendar"},{"floor":54,"key":"Nunchaku"}],"event_choices":[{"damage_healed":0,"gold_gain":0,"cards_transformed":["Defend_B"],"player_choice":"Change","damage_taken":0,"max_hp_gain":0,"max_hp_loss":0,"event_name":"Living Wall","floor":12,"gold_loss":0,"cards_obtained":["Cold Snap"]},{"damage_healed":0,"gold_gain":0,"player_choice":"Opened","damage_taken":0,"relics_obtained":["Omamori"],"max_hp_gain":0,"max_hp_loss":0,"event_name":"The Mausoleum","floor":19,"gold_loss":0},{"cards_removed":["Strike_B"],"damage_healed":0,"gold_gain":0,"player_choice":"Gave Gold","damage_taken":0,"max_hp_gain":0,"max_hp_loss":0,"event_name":"Beggar","floor":20,"gold_loss":75},{"damage_healed":0,"gold_gain":0,"cards_transformed":["Strike_B"],"player_choice":"Transformed","damage_taken":0,"max_hp_gain":0,"max_hp_loss":0,"event_name":"Transmorgrifier","floor":22,"gold_loss":0,"cards_obtained":["Stack"]},{"damage_healed":0,"gold_gain":0,"player_choice":"Became a vampire","damage_taken":0,"max_hp_gain":0,"max_hp_loss":623,"event_name":"Vampires","floor":27,"gold_loss":0,"cards_obtained":["Bite","Bite","Bite","Bite","Bite"]},{"damage_healed":0,"gold_gain":0,"player_choice":"Memory 2","damage_taken":5,"max_hp_gain":0,"max_hp_loss":0,"event_name":"SensoryStone","floor":39,"gold_loss":0},{"damage_healed":0,"gold_gain":0,"player_choice":"Ignored","damage_taken":0,"max_hp_gain":0,"max_hp_loss":0,"event_name":"Tomb of Lord Red Mask","floor":45,"gold_loss":0},{"damage_healed":0,"gold_gain":0,"player_choice":"Fight","damage_taken":0,"max_hp_gain":0,"max_hp_loss":0,"event_name":"MindBloom","floor":47,"gold_loss":0}],"is_beta":false,"boss_relics":[{"not_picked":["Cursed Key","SacredBark"],"picked":"Empty Cage"},{"not_picked":["Runic Pyramid","Calling Bell"],"picked":"Sozu"}],"items_purged_floors":[4],"is_endless":false,"potions_floor_spawned":[1,7,13,16,25,29,33,44,47,54],"ascension_level":13}}