{"host":"21ilc3txkeir89i9","time":1612248923,"event":{"mods":["BaseMod","BetterRewards","Block Reminder","Card Forge","Hermit","Minty Spire (QoL Compilation)","Spicy Shops","StSLib","The Jungle"],"gold_per_floor":[110,110,185,185,2,2,17,44,44,57,89,17,17,30,30,128,128,146,146,162,112,112,139,139,173,173,59,59,59,75,102,102,198,198,213,213,59,59,59,59,93,105,130,130,52,52,106,133,133,133],"floor_reached":51,"language":"ENG","playtime":2391,"items_purged":[],"score":1290,"play_id":"8dc3a123-7738-46b2-857c-7a011f7305e1","local_time":"20210201225523","is_ascension_mode":true,"campfire_choices":[{"floor":6,"key":"RECALL"},{"floor":13,"key":"REST"},{"floor":15,"key":"REST"},{"floor":28,"key":"REST"},{"data":"Escape Plan","floor":32,"key":"SMITH"},{"floor":40,"key":"REST"},{"floor":44,"key":"REST"},{"floor":49,"key":"REST"}],"circlet_count":0,"master_deck":["Strike_G+1","Strike_G+1","Strike_G+1","Strike_G+1","Defend_G+1","Defend_G+1","Defend_G+1","Defend_G+1","Defend_G+1","Survivor+1","Neutralize+1","Footwork+1","Backflip+1","Outmaneuver+1","Transmutation+1","Flying Knee+1","Infinite Blades+1","Noxious Fumes+1","Dash+1","Deadly Poison+1","Dagger Spray+1","Dagger Throw+1","Bane+1","Deflect+1","Backstab+1","Flying Knee+1","Envenom+1","Deadly Poison+1","Sucker Punch+1","Bane+1","Catalyst+1","Crippling Poison+1","Skewer+1","Escape Plan+1","Die Die Die+1","Predator+1","Bane+1","Bane+1","Flechettes+1","PiercingWail+1","Dagger Throw+1","Dash+1","Dodge and Roll+1","Accuracy+1","All Out Attack+1"],"relics":["Ring of the Snake","Hammer of Thor","Seething Fire","Anvil of the Gods","Membership Card","Peace Pipe","Blood Vial","Juzu Bracelet","Dream Catcher","Mercury Hourglass","Ice Cream","Bronze Scales","Oddly Smooth Stone","FossilizedHelix","InkBottle","TwistedFunnel","HoveringKite","theJungle:BirthdayCakeSlice","Letter Opener","Sundial","Vajra","Frozen Eye","theJungle:WildPear","Fusion Hammer","Omamori","MealTicket","Strawberry","ClockworkSouvenir","Torii","Mango"],"acts_visited":["Exordium","Exordium","TheBeyond"],"potions_floor_usage":[18,33,35,47,50],"damage_taken":[{"damage":0,"enemies":"Cultist","floor":1,"turns":5},{"damage":0,"enemies":"2 Louse","floor":7,"turns":2},{"damage":2,"enemies":"Lagavulin","floor":8,"turns":4},{"damage":0,"enemies":"Jaw Worm","floor":10,"turns":2},{"damage":0,"enemies":"Gremlin Nob","floor":11,"turns":3},{"damage":0,"enemies":"Blue Slaver","floor":14,"turns":2},{"damage":21,"enemies":"The Guardian","floor":16,"turns":7},{"damage":4,"enemies":"theJungle:Flameango_and_Byrd","floor":18,"turns":3},{"damage":0,"enemies":"theJungle:GiantWrat","floor":20,"turns":4},{"damage":2,"enemies":"theJungle:Cassacara","floor":23,"turns":4},{"damage":0,"enemies":"theJungle:MamaSnecko","floor":25,"turns":4},{"damage":0,"enemies":"theJungle:JungleHuntersEncounter","floor":30,"turns":3},{"damage":1,"enemies":"theJungle:FunGuy","floor":33,"turns":6},{"damage":6,"enemies":"3 Darklings","floor":35,"turns":3},{"damage":0,"enemies":"Nemesis","floor":41,"turns":5},{"damage":4,"enemies":"3 Shapes","floor":42,"turns":2},{"damage":11,"enemies":"2 Orb Walkers","floor":47,"turns":4},{"damage":29,"enemies":"Reptomancer","floor":48,"turns":4},{"damage":98,"enemies":"Donu and Deca","floor":50,"turns":9}],"seed_played":"7281668983177664850","potions_obtained":[{"floor":10,"key":"PowerPotion"},{"floor":11,"key":"Block Potion"},{"floor":14,"key":"SkillPotion"},{"floor":16,"key":"Explosive Potion"},{"floor":18,"key":"AttackPotion"},{"floor":22,"key":"DuplicationPotion"},{"floor":30,"key":"EssenceOfSteel"},{"floor":48,"key":"Poison Potion"}],"is_trial":false,"path_per_floor":["M","?","?","?","$","R","M","E","T","M","E","$","R","M","R","B",null,"M","?","M","?","?","E","?","E","T","$","R","?","M","T","R","B",null,"M","?","$","?","?","R","E","M","T","R","$","?","?","E","R","B",null],"character_chosen":"THE_SILENT","items_purchased":["Membership Card","Footwork","Backflip","Outmaneuver","Transmutation","Blood Vial","Juzu Bracelet","Dream Catcher","Mercury Hourglass","Ice Cream","Noxious Fumes","Dash","Bronze Scales","TwistedFunnel","Crippling Poison","Frozen Eye","Omamori","Bane","Blur","ClockworkSouvenir"],"campfire_rested":6,"item_purchase_floors":[0,0,0,0,0,0,0,0,0,0,5,5,5,12,27,27,37,37,37,45],"current_hp_per_floor":[70,70,59,59,59,59,61,61,61,63,65,65,70,70,70,49,70,66,71,73,73,73,73,73,75,75,75,75,85,85,85,85,84,85,79,79,79,85,85,85,85,81,88,92,92,92,81,68,99,3],"gold":133,"neow_bonus":"","is_daily":false,"chose_seed":false,"campfire_upgraded":1,"win_rate":0.0,"timestamp":1612248923,"path_taken":["M","?","?","?","?","R","M","E","T","M","E","$","R","M","R","BOSS","M","?","M","?","?","E","?","E","T","$","R","?","M","?","R","BOSS","M","?","?","?","?","R","E","M","T","R","?","?","?","E","R","BOSS"],"items_purchased_type":["Relic","Card","Card","Card","Card","Relic","Relic","Relic","Relic","Relic","Card","Card","Relic","Relic","Card","Relic","Relic","Card","Card","Relic"],"build_version":"2020-12-22","purchased_purges":0,"victory":true,"max_hp_per_floor":[70,70,70,70,70,70,70,70,70,70,70,70,70,70,70,70,70,70,75,75,75,75,75,75,75,75,75,75,85,85,85,85,85,85,85,85,85,85,85,85,85,85,92,92,92,92,92,106,106,106],"card_choices":[{"not_picked":["Prepared","Acrobatics"],"picked":"Flying Knee","floor":1},{"not_picked":["PiercingWail","Underhanded Strike"],"picked":"Deadly Poison","floor":7},{"not_picked":["Sucker Punch","Underhanded Strike"],"picked":"Dagger Spray","floor":8},{"not_picked":["Leg Sweep","Malaise"],"picked":"Dagger Throw","floor":10},{"not_picked":["Well Laid Plans","Flying Knee"],"picked":"Bane","floor":11},{"not_picked":["Prepared","Slice"],"picked":"Deflect","floor":13},{"not_picked":["Cloak And Dagger","Riddle With Holes"],"picked":"Backstab","floor":14},{"not_picked":["Outmaneuver","Cloak And Dagger"],"picked":"Flying Knee","floor":15},{"not_picked":["Die Die Die","After Image"],"picked":"Envenom","floor":16},{"not_picked":["Slice","Outmaneuver"],"picked":"Deadly Poison","floor":18},{"not_picked":["Concentrate","Masterful Stab"],"picked":"Sucker Punch+1","floor":20},{"not_picked":["Noxious Fumes","Prepared"],"picked":"Bane+1","floor":23},{"not_picked":["Crippling Poison","Dodge and Roll"],"picked":"Catalyst","floor":25},{"not_picked":["Dash+1","Noxious Fumes"],"picked":"Skewer+1","floor":28},{"not_picked":["Outmaneuver+1","Slice+1"],"picked":"Escape Plan","floor":30},{"not_picked":["Wraith Form v2","Unload"],"picked":"Die Die Die","floor":33},{"not_picked":["Masterful Stab","Quick Slash"],"picked":"Predator","floor":35},{"not_picked":["Backflip","Tactician"],"picked":"Bane+1","floor":40},{"not_picked":["Tactician","Footwork+1"],"picked":"Flechettes","floor":41},{"not_picked":["Noxious Fumes+1","Underhanded Strike"],"picked":"PiercingWail","floor":42},{"not_picked":["PiercingWail+1","Deflect+1"],"picked":"Dagger Throw","floor":44},{"not_picked":["Noxious Fumes","Sucker Punch"],"picked":"Dodge and Roll","floor":47},{"not_picked":["Dagger Spray+1","Quick Slash"],"picked":"Accuracy+1","floor":48},{"not_picked":["Skewer+1","Acrobatics+1"],"picked":"All Out Attack+1","floor":49}],"player_experience":276817,"relics_obtained":[{"floor":8,"key":"Oddly Smooth Stone"},{"floor":9,"key":"FossilizedHelix"},{"floor":11,"key":"InkBottle"},{"floor":23,"key":"Letter Opener"},{"floor":25,"key":"Sundial"},{"floor":26,"key":"Vajra"},{"floor":41,"key":"MealTicket"},{"floor":43,"key":"Strawberry"},{"floor":47,"key":"Torii"},{"floor":48,"key":"Mango"}],"event_choices":[{"damage_healed":0,"gold_gain":0,"cards_transformed":["Strike_G"],"player_choice":"Change","damage_taken":0,"max_hp_gain":0,"max_hp_loss":0,"event_name":"Living Wall","floor":2,"gold_loss":0,"cards_obtained":["Infinite Blades"]},{"damage_healed":0,"gold_gain":75,"player_choice":"Gather Gold","damage_taken":11,"max_hp_gain":0,"max_hp_loss":0,"event_name":"World of Goop","floor":3,"gold_loss":0},{"damage_healed":0,"gold_gain":0,"player_choice":"Leave","damage_taken":0,"max_hp_gain":0,"max_hp_loss":0,"event_name":"The Cleric","floor":4,"gold_loss":0},{"damage_healed":0,"gold_gain":0,"player_choice":"Got Potions","damage_taken":0,"max_hp_gain":0,"max_hp_loss":0,"event_name":"Lab","floor":22,"gold_loss":0},{"damage_healed":0,"gold_gain":0,"player_choice":"Ignored","damage_taken":0,"max_hp_gain":0,"max_hp_loss":0,"event_name":"Upgrade Shrine","floor":36,"gold_loss":0},{"cards_removed":["Blur"],"damage_healed":6,"gold_gain":0,"player_choice":"Offered Uncommon","damage_taken":0,"max_hp_gain":0,"max_hp_loss":0,"event_name":"Bonfire Elementals","floor":38,"gold_loss":0},{"damage_healed":0,"gold_gain":0,"player_choice":"Ignored","damage_taken":0,"max_hp_gain":0,"max_hp_loss":0,"event_name":"Purifier","floor":39,"gold_loss":0},{"damage_healed":0,"gold_gain":0,"player_choice":"Copied","damage_taken":0,"max_hp_gain":0,"max_hp_loss":0,"event_name":"Duplicator","floor":46,"gold_loss":0,"cards_obtained":["Dash"]},{"damage_healed":0,"gold_gain":0,"player_choice":"Fight","damage_taken":0,"max_hp_gain":0,"max_hp_loss":0,"event_name":"Mysterious Sphere","floor":47,"gold_loss":0}],"is_beta":false,"boss_relics":[{"not_picked":["Cursed Key","Tiny House"],"picked":"HoveringKite"},{"not_picked":["Astrolabe","Coffee Dripper"],"picked":"Fusion Hammer"}],"items_purged_floors":[],"is_endless":false,"potions_floor_spawned":[10,11,14,16,18,30,35,48],"ascension_level":2}}