{"host":"klqcd4cqxrk2p1u3","time":1612235313,"event":{"mods":["BaseMod","Downfall","Minty Spire (QoL Compilation)","StSLib"],"gold_per_floor":[99,111,286,306,306,26,51,61,61,61,73,104,4,4,18,18,18,18],"floor_reached":16,"language":"ENG","playtime":1623,"items_purged":[],"score":125,"play_id":"1a6464f2-e79e-42d5-b7a1-1d9a1ddda84a","local_time":"20210201220833","is_ascension_mode":false,"campfire_choices":[{"floor":1,"key":"RECALL"},{"floor":9,"key":"REST"},{"data":"bronze:Return","floor":13,"key":"SMITH"}],"circlet_count":0,"master_deck":["bronze:Strike","bronze:Strike","bronze:Strike","bronze:Defend","bronze:Defend","bronze:Defend","bronze:Defend","bronze:Replicate","bronze:Goto","bronze:Assembly","bronze:Return+1","bronze:ClassDefault","bronze:Fortify","bronze:Iterate","bronze:Flail","bronze:WildBeam","bronze:Separator","bronze:ClassDefault","bronze:Iterate"],"relics":["bronze:BronzeCore","Anchor","bronze:SilverBullet","downfall:HeartBlessingBlue"],"acts_visited":["Exordium"],"potions_floor_usage":[12],"damage_taken":[{"damage":10,"enemies":"Jaw Worm","floor":2,"turns":7},{"damage":7,"enemies":"Small Slimes","floor":4,"turns":5},{"damage":5,"enemies":"downfall:FleeingMerchant","floor":6,"turns":4},{"damage":1,"enemies":"Cultist","floor":8,"turns":4},{"damage":8,"enemies":"Large Slime","floor":11,"turns":7},{"damage":0,"enemies":"3 Sentries","floor":12,"turns":6},{"damage":0,"enemies":"2 Fungi Beasts","floor":15,"turns":3},{"damage":83,"enemies":"WA_ARCHETYPE_RETAIN","floor":16,"turns":7}],"seed_played":"4849137823982741894","potions_obtained":[{"floor":8,"key":"bronze:FreeFunctionsPotion"},{"floor":11,"key":"DistilledChaos"}],"is_trial":false,"path_per_floor":["R","M","?","M","?","$","T","M","R","?","M","E","R","?","M","B"],"character_chosen":"THE_AUTOMATON","items_purchased":["Anchor","bronze:Iterate","bronze:Flail"],"campfire_rested":1,"item_purchase_floors":[6,6,6],"current_hp_per_floor":[49,39,39,32,32,27,27,26,47,70,62,62,72,72,72,0,0,0],"gold":18,"neow_bonus":"THREE_RARE_CARDS","is_daily":false,"chose_seed":false,"campfire_upgraded":1,"win_rate":0.0,"timestamp":1612235313,"path_taken":["R","M","?","M","?","$","T","?","R","?","M","E","R","?","M","BOSS"],"items_purchased_type":["Relic","Card","Card"],"build_version":"2020-12-22","purchased_purges":0,"victory":false,"max_hp_per_floor":[70,70,70,70,70,70,70,70,70,70,70,70,80,80,80,80,80,80],"card_choices":[{"not_picked":["bronze:ThunderWave","bronze:HyperBeam"],"picked":"bronze:Assembly","floor":0},{"not_picked":["bronze:Separator","bronze:OilSpill"],"picked":"bronze:Return","floor":2},{"not_picked":["bronze:OilSpill","bronze:Shield"],"picked":"bronze:ClassDefault","floor":4},{"not_picked":["bronze:BitShift","bronze:Refactor"],"picked":"bronze:Fortify","floor":6},{"not_picked":["bronze:Return","bronze:Overheat"],"picked":"bronze:WildBeam","floor":8},{"not_picked":["bronze:Flail","bronze:Allocate"],"picked":"bronze:Separator","floor":11},{"not_picked":["bronze:Shield","bronze:Frontload"],"picked":"bronze:ClassDefault","floor":12},{"not_picked":["bronze:NullPointer","bronze:DelayedGuard"],"picked":"bronze:Iterate","floor":15}],"player_experience":1393270,"relics_obtained":[{"floor":12,"key":"bronze:SilverBullet"}],"event_choices":[{"damage_healed":23,"gold_gain":0,"player_choice":"Banana","damage_taken":0,"max_hp_gain":0,"max_hp_loss":0,"event_name":"Big Fish","floor":10,"gold_loss":0}],"is_beta":false,"boss_relics":[],"items_purged_floors":[],"is_endless":false,"potions_floor_spawned":[8,11],"killed_by":"WA_ARCHETYPE_RETAIN","ascension_level":0}}