{"host":"2wp95sdfrgw3k439","time":1612227885,"event":{"mods":["BaseMod","Better Altar","Better Skull","Better Third Choice","Curses Come First","Minty Spire (QoL Compilation)","Permanent Neow","StSLib"],"gold_per_floor":[112,37,57,69,69,104,104,116,116,180,199,199,199],"floor_reached":12,"language":"ENG","playtime":671,"items_purged":["Strike_R"],"score":141,"play_id":"dfbc7358-d453-48e0-b482-ebc9e3a1191d","local_time":"20210201180445","is_ascension_mode":true,"campfire_choices":[{"data":"Feed","floor":7,"key":"SMITH"}],"circlet_count":0,"master_deck":["Strike_R","Strike_R","Strike_R","Defend_R","Defend_R","Defend_R","Defend_R","Bash","Feed+1","Metallicize","Bloodletting","Shockwave","Barricade","Thunderclap","Iron Wave"],"relics":["Burning Blood","Torii","Sundial","Kunai"],"acts_visited":["Exordium"],"potions_floor_usage":[6],"damage_taken":[{"damage":15,"enemies":"Cultist","floor":1,"turns":5},{"damage":12,"enemies":"Small Slimes","floor":3,"turns":6},{"damage":0,"enemies":"2 Louse","floor":4,"turns":3},{"damage":48,"enemies":"3 Sentries","floor":6,"turns":14},{"damage":7,"enemies":"Exordium Wildlife","floor":8,"turns":6},{"damage":46,"enemies":"3 Sentries","floor":10,"turns":17},{"damage":8,"enemies":"3 Louse","floor":11,"turns":4},{"damage":24,"enemies":"Gremlin Nob","floor":12,"turns":3}],"seed_played":"-4686708982713769245","potions_obtained":[{"floor":4,"key":"Regen Potion"}],"is_trial":false,"path_per_floor":["M","$","M","M","?","E","R","M","T","?","M","E"],"character_chosen":"IRONCLAD","items_purchased":[],"campfire_rested":0,"item_purchase_floors":[],"current_hp_per_floor":[66,66,63,72,72,48,48,51,51,15,17,0,0],"gold":199,"neow_bonus":"ONE_RANDOM_RARE_CARD","is_daily":false,"chose_seed":false,"campfire_upgraded":1,"win_rate":0.0,"timestamp":1612227885,"path_taken":["M","?","M","M","?","E","R","?","T","?","M","E"],"items_purchased_type":[],"build_version":"2020-12-22","purchased_purges":1,"victory":false,"max_hp_per_floor":[83,83,86,89,89,92,92,96,96,100,104,104,104],"card_choices":[{"not_picked":["Flex","Warcry"],"picked":"Metallicize","floor":1},{"not_picked":["Havoc","Armaments"],"picked":"Bloodletting","floor":3},{"not_picked":["Reckless Charge","Dual Wield"],"picked":"Shockwave","floor":4},{"not_picked":["Combust","Warcry"],"picked":"Barricade","floor":6},{"not_picked":["Seeing Red","True Grit","Second Wind"],"picked":"SKIP","floor":8},{"not_picked":["Shrug It Off","Sentinel"],"picked":"Thunderclap","floor":10},{"not_picked":["Ghostly Armor","Twin Strike"],"picked":"Iron Wave","floor":11}],"player_experience":531353,"relics_obtained":[{"floor":6,"key":"Torii"},{"floor":9,"key":"Sundial"}],"event_choices":[{"cards_removed":["Strike_R"],"damage_healed":0,"gold_gain":0,"player_choice":"Purged","damage_taken":0,"max_hp_gain":0,"max_hp_loss":0,"event_name":"Purifier","floor":5,"gold_loss":0},{"damage_healed":0,"gold_gain":0,"player_choice":"Searched \u00273\u0027 times","damage_taken":0,"relics_obtained":["Kunai"],"max_hp_gain":0,"max_hp_loss":0,"event_name":"Dead Adventurer","floor":10,"gold_loss":0}],"is_beta":false,"boss_relics":[],"items_purged_floors":[2],"is_endless":false,"potions_floor_spawned":[4],"killed_by":"Gremlin Nob","ascension_level":9}}