{"host":"9a3qwu24ipen98v3","time":1612292414,"event":{"mods":["BaseMod","BetterRewards","Downfall","Infinite Spire","Minty Spire (QoL Compilation)","StSLib","The Bug Knight","The Necromancer","The Runesmith","Yuri Mod"],"gold_per_floor":[119,133,10,21,21,50,50,50,50,84,6,6,32,32,32,131,131,141,107,107,107,107],"floor_reached":21,"language":"ENG","playtime":1233,"items_purged":["Runesmith:Strike_RS"],"score":220,"play_id":"4568c785-810c-43f8-b28a-a6aaf432d797","local_time":"20210202200014","is_ascension_mode":false,"campfire_choices":[{"data":"Runesmith:BackupBattery","floor":7,"key":"SMITH"},{"floor":8,"key":"RECALL"},{"floor":12,"key":"REST"},{"floor":15,"key":"REST"}],"circlet_count":0,"master_deck":["Runesmith:Strike_RS","Runesmith:Strike_RS","Runesmith:Defend_RS","Runesmith:Defend_RS","Runesmith:Defend_RS","Runesmith:CraftFirestone","Runesmith:Fortify","Runesmith:CraftObretio","Runesmith:BackupBattery+1","Runesmith:CraftProtectio","Runesmith:CraftMagma","Runesmith:RuneHurl","Runesmith:StaticCage","Runesmith:CraftIndustria","Runesmith:CraftIndustria","Runesmith:UnlimitedPower","Runesmith:EnergizedChisel+1","Runesmith:CraftMagma"],"relics":["Runesmith:BrokenRuby","WingedGreaves","infinitespire:CursedDice","Vajra","Boot","Sozu","HollowMod:StagPassRelic"],"acts_visited":["Exordium","TheCity"],"potions_floor_usage":[10,10,10],"damage_taken":[{"damage":4,"enemies":"Cultist","floor":1,"turns":5},{"damage":6,"enemies":"2 Louse","floor":2,"turns":3},{"damage":3,"enemies":"Small Slimes","floor":4,"turns":4},{"damage":0,"enemies":"Lagavulin","floor":6,"turns":7},{"damage":16,"enemies":"Gremlin Nob","floor":10,"turns":4},{"damage":37,"enemies":"HollowMod:MossKnight","floor":13,"turns":15},{"damage":18,"enemies":"Hexaghost","floor":16,"turns":13},{"damage":14,"enemies":"Shell Parasite","floor":18,"turns":9},{"damage":22,"enemies":"2 Thieves","floor":19,"turns":5},{"damage":49,"enemies":"Cultist and Chosen","floor":21,"turns":11}],"seed_played":"7652038756421644902","potions_obtained":[{"floor":1,"key":"Weak Potion"},{"floor":2,"key":"Ancient Potion"},{"floor":6,"key":"champ:CounterPotion"}],"is_trial":false,"path_per_floor":["M","M","$","M","$","E","R","R","T","E","$","R","E","$","R","B",null,"M","M","T","M"],"character_chosen":"RUNESMITH_CLASS","items_purchased":["Runesmith:CraftProtectio","Runesmith:CraftIndustria"],"campfire_rested":2,"item_purchase_floors":[3,11],"current_hp_per_floor":[45,39,39,36,36,36,36,36,36,20,20,41,4,4,25,7,70,56,34,34,0,0],"gold":107,"neow_bonus":"REMOVE_TWO","is_daily":false,"chose_seed":false,"campfire_upgraded":1,"win_rate":0.0,"timestamp":1612292414,"path_taken":["M","M","$","M","?","E","R","R","T","E","?","R","E","$","R","BOSS","M","M","?","M"],"items_purchased_type":["Card","Card"],"build_version":"2020-12-22","purchased_purges":1,"victory":false,"max_hp_per_floor":[70,70,70,70,70,70,70,70,70,70,70,70,70,70,70,70,70,70,70,70,70,70],"card_choices":[{"not_picked":["Runesmith:Empowerment","Runesmith:Permafrost"],"picked":"Runesmith:CraftObretio","floor":1},{"not_picked":["Runesmith:HammerThrow","Runesmith:StaticCage"],"picked":"Runesmith:BackupBattery","floor":2},{"not_picked":["Runesmith:ShiftingStrike","Runesmith:Discharge"],"picked":"Runesmith:CraftMagma","floor":4},{"not_picked":["Runesmith:Overpower","Runesmith:HeatExchange"],"picked":"Runesmith:RuneHurl","floor":6},{"not_picked":["Runesmith:HammerThrow","Runesmith:UnstableHammer"],"picked":"Runesmith:StaticCage","floor":10},{"not_picked":["Runesmith:NanitesCloud","Runesmith:Overpower"],"picked":"Runesmith:CraftIndustria","floor":13},{"not_picked":["Runesmith:CraftIndustria","Runesmith:Duplicate"],"picked":"Runesmith:UnlimitedPower","floor":16},{"not_picked":["Runesmith:EarthShield","Runesmith:Grindstone+1"],"picked":"Runesmith:EnergizedChisel+1","floor":18},{"not_picked":["Runesmith:Grindstone+1","Runesmith:Empowerment"],"picked":"Runesmith:CraftMagma","floor":19}],"player_experience":383836,"relics_obtained":[{"floor":6,"key":"WingedGreaves"},{"floor":9,"key":"infinitespire:CursedDice"},{"floor":10,"key":"Vajra"},{"floor":13,"key":"Boot"},{"floor":20,"key":"HollowMod:StagPassRelic"}],"event_choices":[],"is_beta":false,"boss_relics":[{"not_picked":["Snecko Eye","Runesmith:PocketReactor"],"picked":"Sozu"}],"items_purged_floors":[3],"is_endless":false,"potions_floor_spawned":[1,2,6,18],"killed_by":"Cultist and Chosen","ascension_level":0}}