{"host":"bg0cyinkrjnqf173","time":1612299814,"event":{"mods":["2.2 Compatiblity","Aspiration","BaseMod","Beaked The Cultist","Better Third Choice","BetterRewards","Colored Map","Conspire","Curses Come First","Defuse TimeMaze Blight","Displayed Cursed Tome","Googly Eyes","Halation","Hubris","Infinite Spire","Jedi Mod","Minty Spire (QoL Compilation)","Permanent Neow","Quick Restart","Rare Cards Sparkle","Relic Sorter","Replay The Spire","Shop Mod","Spicy Shops","Spikes Relics","StSLib","The Bladedancer","The Construct","The Valiant"],"gold_per_floor":[116,131,131,131,147,177,190,190,190],"floor_reached":8,"language":"ENG","playtime":774,"items_purged":[],"score":61,"play_id":"1aa65022-ad83-45e8-9465-ab3aedd63ad1","local_time":"20210202160334","is_ascension_mode":true,"campfire_choices":[],"circlet_count":0,"master_deck":["beaked:Strike_Y","beaked:Strike_Y","beaked:Strike_Y","beaked:Strike_Y","beaked:Strike_Y","beaked:Strike_Y","beaked:Defend_Y","beaked:Defend_Y","beaked:Defend_Y","beaked:Defend_Y","beaked:Ceremony","beaked:Ceremony","beaked:Ceremony","beaked:Tweet","beaked:Evade","Setup","beaked:BloodForTheGods","Dagger Throw"],"relics":["beaked:MendingPlumage","aspiration:Nostalgia","Replay:M_StaffOfTheSnake","aspiration:EmptySkull","Replay:Wax Seal"],"acts_visited":["Exordium"],"potions_floor_usage":[],"damage_taken":[{"damage":7.0,"enemies":"2 Louse","floor":1.0,"turns":3.0},{"damage":12.0,"enemies":"Small Slimes","floor":2.0,"turns":3.0},{"damage":15.0,"enemies":"Cultist","floor":5.0,"turns":4.0},{"damage":21,"enemies":"Lagavulin","floor":6,"turns":6},{"damage":38,"enemies":"2 Fungi Beasts","floor":7,"turns":5},{"damage":45,"enemies":"Gremlin Nob","floor":8,"turns":4}],"seed_played":"-6765700638572652532","potions_obtained":[{"floor":5.0,"key":"Flashbang"},{"floor":6,"key":"Reflective Coating"}],"is_trial":false,"path_per_floor":["M","M","?","?","M","E","M","E"],"character_chosen":"BEAKED_THE_CULTIST","items_purchased":[],"campfire_rested":0,"item_purchase_floors":[],"current_hp_per_floor":[49,46,46,46,43,35,30,0,0],"gold":190,"neow_bonus":"NOSTALGIA","is_daily":false,"chose_seed":false,"campfire_upgraded":0,"win_rate":0.0,"timestamp":1612299814,"path_taken":["M","M","?","?","M","E","M","E"],"items_purchased_type":[],"build_version":"2020-12-22","purchased_purges":0,"victory":false,"max_hp_per_floor":[50,50,50,50,50,50,50,50,50],"card_choices":[{"not_picked":["beaked:WarriorEssence","SashWhip"],"picked":"beaked:Tweet","floor":1.0},{"not_picked":["beaked:Cower","beaked:Molting"],"picked":"beaked:Evade","floor":2.0},{"not_picked":["beaked:Pecker","beaked:SurvivalInstinct"],"picked":"Setup","floor":5.0},{"not_picked":["Nirvana","Glass Knife"],"picked":"beaked:BloodForTheGods","floor":6},{"not_picked":["beaked:Cower","beaked:MimicHuntress"],"picked":"Dagger Throw","floor":7}],"player_experience":763815,"relics_obtained":[{"floor":4.0,"key":"aspiration:EmptySkull"},{"floor":6,"key":"Replay:Wax Seal"}],"event_choices":[{"damage_healed":0.0,"max_hp_gain":0.0,"max_hp_loss":0.0,"gold_gain":0.0,"event_name":"betterThird:BetterSerpent","player_choice":"Ignored","floor":3.0,"gold_loss":0.0,"damage_taken":131.0}],"is_beta":false,"boss_relics":[],"items_purged_floors":[],"is_endless":false,"potions_floor_spawned":[5,6],"killed_by":"Gremlin Nob","ascension_level":1}}