{"host":"osk2oboccoevp2u5","time":1612293904,"event":{"mods":["AchievementEnabler","Alarm Clock","BaseMod","Colored Powertips","Disable Question Mark Monsters","Displayed Cursed Tome","Key Reminder","Koishi","Minty Spire (QoL Compilation)","Potion Indicator Mod","Quick Restart","Rare Cards Sparkle","Reorder Act Four","StSLib","Useless Jewels Mod"],"gold_per_floor":[119,44,62,62,76,101,101,71,71,71,71,71,84,103,103,208,208,224,237,254,271,271,271,271],"floor_reached":23,"language":"ENG","playtime":1270,"items_purged":["Koishi:BasicStrike"],"score":193,"play_id":"01d9bf71-c7d4-46bc-ba87-4293ecb67c06","local_time":"20210202152504","is_ascension_mode":false,"campfire_choices":[{"floor":7,"key":"REST"},{"data":"Koishi:ReleaseOfTheId","floor":11,"key":"SMITH"},{"data":"Koishi:ReleaseOfTheId","floor":15,"key":"SMITH"}],"circlet_count":0,"master_deck":["Koishi:BasicDefend","Koishi:BasicDefend","Koishi:BasicDefend","Koishi:BasicDefend","Koishi:Provoke","Koishi:HauntingSlash","Koishi:ReleaseOfTheId+1","Koishi:ReleaseOfTheId+1","Koishi:ReflexRadar+1","Koishi:SuperEgo"],"relics":["Koishi:ImaginaryFriend","Turnip","PreservedInsect","Ice Cream","HornCleat","Empty Cage"],"acts_visited":["Exordium","TheCity"],"potions_floor_usage":[0,0,6,6,16,23,23,23],"damage_taken":[{"damage":0,"enemies":"2 Louse","floor":1,"turns":4},{"damage":2,"enemies":"Small Slimes","floor":3,"turns":5},{"damage":1,"enemies":"Cultist","floor":5,"turns":5},{"damage":8,"enemies":"Gremlin Nob","floor":6,"turns":6},{"damage":5,"enemies":"Looter","floor":8,"turns":4},{"damage":0,"enemies":"Large Slime","floor":13,"turns":4},{"damage":5,"enemies":"3 Louse","floor":14,"turns":3},{"damage":45,"enemies":"Hexaghost","floor":16,"turns":8},{"damage":0,"enemies":"Spheric Guardian","floor":18,"turns":2},{"damage":0,"enemies":"Chosen","floor":19,"turns":6},{"damage":6,"enemies":"Snake Plant","floor":20,"turns":7},{"damage":8,"enemies":"Shelled Parasite and Fungi","floor":21,"turns":3},{"damage":28,"enemies":"Book of Stabbing","floor":23,"turns":8}],"seed_played":"7195869425086169914","potions_obtained":[{"floor":0,"key":"Fruit Juice"},{"floor":0,"key":"BlessingOfTheForge"},{"floor":0,"key":"Fruit Juice"},{"floor":3,"key":"SpeedPotion"},{"floor":5,"key":"BlessingOfTheForge"},{"floor":14,"key":"Regen Potion"},{"floor":18,"key":"DuplicationPotion"},{"floor":19,"key":"FearPotion"}],"is_trial":false,"path_per_floor":["M","$","M","?","M","E","R","M","T","?","R","?","M","M","R","B",null,"M","M","M","M","?","E"],"character_chosen":"KOISHI","items_purchased":[],"campfire_rested":1,"item_purchase_floors":[],"current_hp_per_floor":[70,70,68,43,43,39,60,55,55,55,55,55,55,51,51,22,70,70,70,65,58,58,30,30],"gold":271,"neow_bonus":"THREE_SMALL_POTIONS","is_daily":false,"chose_seed":false,"campfire_upgraded":2,"win_rate":0.0,"timestamp":1612293904,"path_taken":["M","$","M","?","M","E","R","M","T","?","R","?","M","M","R","BOSS","M","M","M","M","?","E"],"items_purchased_type":[],"build_version":"2020-12-22","purchased_purges":1,"victory":false,"max_hp_per_floor":[70,70,70,70,70,70,70,70,70,70,70,70,70,70,70,70,70,70,70,70,70,70,70,70],"card_choices":[{"not_picked":["Koishi:GeneticsOfTheUnconscious","Koishi:FleetingPhantom"],"picked":"Koishi:ReleaseOfTheId","floor":1},{"not_picked":["Koishi:BloodcurdlingScream","Koishi:RorschachInDanmaku","Koishi:UnansweredLove"],"picked":"SKIP","floor":3},{"not_picked":["Koishi:MassHysteria","Koishi:GeneticsOfTheUnconscious","Koishi:TraumaticStroke"],"picked":"SKIP","floor":5},{"not_picked":["Koishi:UnconsciousUprising","Koishi:ReflexRadar"],"picked":"Koishi:ReleaseOfTheId","floor":6},{"not_picked":["Koishi:Jaunt","Koishi:BloodcurdlingScream"],"picked":"Koishi:ReflexRadar","floor":8},{"not_picked":["Koishi:Heartbroken","Koishi:HeartAttack","Koishi:DreadfulBlow"],"picked":"SKIP","floor":13},{"not_picked":["Koishi:UnseenTerror","Koishi:UnansweredLove","Koishi:DreadfulBlow"],"picked":"SKIP","floor":14},{"not_picked":["Koishi:SilentAndRestless","Koishi:Heartbroken"],"picked":"Koishi:SuperEgo","floor":16},{"not_picked":["Koishi:JumpScare","Koishi:MindNumbingTerror+1","Koishi:StingingMind"],"picked":"SKIP","floor":18},{"not_picked":["Koishi:JumpScare","Koishi:HeartAttack","Koishi:UnansweredLove+1"],"picked":"SKIP","floor":19},{"not_picked":["Koishi:CatchAndRose","Koishi:UnconsciousUprising+1","Koishi:GrowingPain"],"picked":"SKIP","floor":20},{"not_picked":["Koishi:HeartfeltFancy","Koishi:HeartAttack","Koishi:UnansweredLove+1"],"picked":"SKIP","floor":21}],"player_experience":921797,"relics_obtained":[{"floor":6,"key":"PreservedInsect"},{"floor":9,"key":"Ice Cream"}],"event_choices":[{"damage_healed":0,"gold_gain":0,"player_choice":"Success","damage_taken":25,"relics_obtained":["Turnip"],"max_hp_gain":0,"max_hp_loss":0,"event_name":"Scrap Ooze","floor":4,"gold_loss":0},{"damage_healed":0,"gold_gain":0,"player_choice":"Grow","damage_taken":0,"max_hp_gain":0,"max_hp_loss":0,"event_name":"Living Wall","floor":10,"gold_loss":0,"cards_upgraded":["Koishi:ReflexRadar"]},{"damage_healed":0,"gold_gain":0,"player_choice":"Searched \u00271\u0027 times","damage_taken":0,"relics_obtained":["HornCleat"],"max_hp_gain":0,"max_hp_loss":0,"event_name":"Dead Adventurer","floor":12,"gold_loss":0},{"cards_removed":["Koishi:BasicStrike"],"damage_healed":0,"gold_gain":0,"player_choice":"Purged","damage_taken":0,"max_hp_gain":0,"max_hp_loss":0,"event_name":"Purifier","floor":22,"gold_loss":0}],"is_beta":false,"boss_relics":[{"not_picked":["Calling Bell","Ectoplasm"],"picked":"Empty Cage"}],"items_purged_floors":[2],"is_endless":false,"potions_floor_spawned":[3,5,14,18,19],"killed_by":"Book of Stabbing","ascension_level":0}}