{"host":"f4xk8spljo3akohx","time":1612244696,"event":{"mods":["Act Like it!","Arknights","BaseMod","Downfall","Gensokyo","GifTheSpireLib","Hallownest","Highlight Path","Marisa£®ÏF”Í°°ƒß¿Ì…≥£©","Minty Spire (QoL Compilation)","Quick Restart","StSLib","The Bug Knight"],"gold_per_floor":[115,115,115,115,134,165,115,153,153,172,97,97,118,18,18,149,149,170,269,200,214,239,239],"floor_reached":22,"language":"ZHS","playtime":777,"items_purged":["ats:Defend","ats:Strike C"],"score":230,"play_id":"42fecef6-97d6-4b28-b282-d5ccc4a3262c","local_time":"20210202134456","is_ascension_mode":true,"campfire_choices":[{"floor":12.0,"key":"REST"},{"floor":15.0,"key":"REST"}],"circlet_count":0,"master_deck":["ats:Strike S","ats:Armor Crushing Shot","ats:Defend","ats:Defend","ats:Defend","ats:Emotion Absorption","ats:Ignite","ats:Very Hot Blade","ats:Guard Mode","ats:Cat Scratch","ats:Dogmatic Field","ats:Shadow Raid","ats:Burning Ground"],"relics":["ats:Sanity","NeowsBlessing","Pantograph","Golden Idol","ats:Originium","Matryoshka","ats:Spiritual Recovery","ats:Ability Aura","Letter Opener","Runic Dome"],"acts_visited":["Exordium","TheCity"],"potions_floor_usage":[16],"damage_taken":[{"damage":0.0,"enemies":"Small Slimes","floor":1.0,"turns":1.0},{"damage":0.0,"enemies":"Jaw Worm","floor":5.0,"turns":1.0},{"damage":0.0,"enemies":"Lagavulin","floor":6.0,"turns":1.0},{"damage":42.0,"enemies":"3 Sentries","floor":8.0,"turns":11.0},{"damage":0.0,"enemies":"2 Louse","floor":10.0,"turns":3.0},{"damage":17.0,"enemies":"Large Slime","floor":13.0,"turns":8.0},{"damage":41,"enemies":"The Guardian","floor":16,"turns":17},{"damage":15,"enemies":"2 Thieves","floor":18,"turns":5},{"damage":16,"enemies":"Spheric Guardian","floor":21,"turns":5},{"damage":31,"enemies":"Centurion and Healer","floor":22,"turns":8}],"seed_played":"6937032556542104369","potions_obtained":[{"floor":10.0,"key":"DuplicationPotion"},{"floor":13.0,"key":"Dexterity Potion"},{"floor":16,"key":"Weak Potion"},{"floor":18,"key":"GamblersBrew"}],"is_trial":false,"path_per_floor":["M","?","?","?","M","E","?","E","T","M","$","R","M","$","R","B",null,"M","?","$","M","M"],"character_chosen":"DOCTOR_CLASS","items_purchased":["ats:Burning Ground"],"campfire_rested":2,"item_purchase_floors":[20],"current_hp_per_floor":[72,72,65,47,47,47,47,5,5,5,5,26,9,9,30,14,72,57,57,57,41,32,32],"gold":239,"neow_bonus":"THREE_ENEMY_KILL","is_daily":false,"chose_seed":false,"campfire_upgraded":0,"win_rate":0.0,"timestamp":1612244696,"path_taken":["M","?","?","?","M","E","?","E","T","?","$","R","M","?","R","BOSS","M","?","$","M","M"],"items_purchased_type":["Card"],"build_version":"2020-12-22","purchased_purges":2,"victory":false,"max_hp_per_floor":[72,72,72,72,72,72,72,72,72,72,72,72,72,72,72,72,72,72,72,72,72,72,72],"card_choices":[{"not_picked":["ats:Very Hot Blade","ats:Assault Order"],"picked":"ats:Ignite","floor":1.0},{"not_picked":["ats:Explosion Area Strengthen","ats:Red Shift"],"picked":"ats:Very Hot Blade","floor":5.0},{"not_picked":["ats:Blood Oath","ats:Powerful Strike","ats:Hammer On"],"picked":"SKIP","floor":6.0},{"not_picked":["ats:Assault Order","ats:Explosion Area Strengthen"],"picked":"ats:Guard Mode","floor":8.0},{"not_picked":["ats:Absolute Focus","ats:Sashimi Platter"],"picked":"ats:Cat Scratch","floor":10.0},{"not_picked":["ats:Shell Defense","ats:Cat Scratch","ats:Automatic Cover"],"picked":"SKIP","floor":13.0},{"not_picked":["ats:Disruption Kick","ats:Soul Rend"],"picked":"ats:Dogmatic Field","floor":16},{"not_picked":["ats:Cat Scratch","ats:Assault Order"],"picked":"ats:Shadow Raid","floor":18},{"not_picked":["ats:Revitalization","ats:Powerful Strike","ats:Blood Oath"],"picked":"SKIP","floor":21}],"player_experience":70151,"relics_obtained":[{"floor":6.0,"key":"ats:Originium"},{"floor":6.0,"key":"Matryoshka"},{"floor":8.0,"key":"ats:Originium"},{"floor":8.0,"key":"ats:Spiritual Recovery"},{"floor":9.0,"key":"ats:Ability Aura"},{"floor":9.0,"key":"Letter Opener"}],"event_choices":[{"cards_removed":["ats:Strike V"],"damage_healed":0.0,"max_hp_gain":0.0,"max_hp_loss":0.0,"gold_gain":0.0,"event_name":"Living Wall","player_choice":"Forget","floor":2.0,"gold_loss":0.0,"damage_taken":0.0},{"damage_healed":0.0,"max_hp_gain":0.0,"max_hp_loss":0.0,"gold_gain":0.0,"event_name":"Scrap Ooze","player_choice":"Success","floor":3.0,"gold_loss":0.0,"damage_taken":7.0,"relics_obtained":["Pantograph"]},{"damage_healed":0.0,"max_hp_gain":0.0,"max_hp_loss":0.0,"gold_gain":0.0,"event_name":"Golden Idol","player_choice":"Take Damage","floor":4.0,"gold_loss":0.0,"damage_taken":18.0,"relics_obtained":["Golden Idol"]},{"cards_removed":["ats:Strike G"],"damage_healed":0.0,"max_hp_gain":0.0,"max_hp_loss":0.0,"gold_gain":0.0,"event_name":"The Cleric","player_choice":"Card Removal","floor":7.0,"gold_loss":50.0,"damage_taken":0.0},{"damage_healed":0,"gold_gain":99,"player_choice":"Stole From Cult","damage_taken":0,"max_hp_gain":0,"max_hp_loss":0,"event_name":"Nest","floor":19,"gold_loss":0}],"is_beta":false,"boss_relics":[{"not_picked":["Calling Bell","ats:Omniscience"],"picked":"Runic Dome"}],"items_purged_floors":[11,14],"is_endless":false,"potions_floor_spawned":[10,13,16,18],"killed_by":"Centurion and Healer","ascension_level":1}}