{"host":"p8bnstsjdxjza4jm","time":1612292480,"event":{"mods":["BaseMod","Colored Powertips","Marisa£¨Ùöéë¡¡Øª×âÞÞ£©","Minty Spire (QoL Compilation)","Quick Restart","StSLib"],"gold_per_floor":[117,192,192,117,67,67,97,108,108,108,58,71,82,102,102,204,204,221,237,237,118,134,134,84,84,137,157,157,82,42,77,77,77,77],"floor_reached":33,"language":"KOR","playtime":1151,"items_purged":["Defend_R","Bash","Strike_R","Strike_R"],"score":302,"play_id":"b1a3e7f2-f6d1-416f-9601-d43f6658586c","local_time":"20210203040120","is_ascension_mode":true,"campfire_choices":[{"data":"Heavy Blade","floor":6,"key":"SMITH"},{"data":"Inflame","floor":15,"key":"SMITH"},{"floor":23,"key":"REST"},{"floor":25,"key":"REST"},{"floor":32,"key":"REST"}],"circlet_count":0,"master_deck":["Defend_R","Defend_R","Defend_R","Heavy Blade+1","Inflame+1","Limit Break","Flex","Heavy Blade","Heavy Blade","Inflame","Seeing Red+1"],"relics":["Burning Blood","NeowsBlessing","Smiling Mask","Mummified Hand","Runic Cube","PreservedInsect","Toxic Egg 2"],"acts_visited":["Exordium","TheCity"],"potions_floor_usage":[7,16,16,16,16,16,16,18,27],"damage_taken":[{"damage":0,"enemies":"Small Slimes","floor":1,"turns":1},{"damage":0,"enemies":"3 Sentries","floor":7,"turns":2},{"damage":0,"enemies":"2 Louse","floor":8,"turns":1},{"damage":9,"enemies":"Cultist","floor":12,"turns":4},{"damage":22,"enemies":"Exordium Wildlife","floor":13,"turns":6},{"damage":5,"enemies":"3 Louse","floor":14,"turns":4},{"damage":68,"enemies":"The Guardian","floor":16,"turns":8},{"damage":47,"enemies":"3 Byrds","floor":18,"turns":5},{"damage":5,"enemies":"Spheric Guardian","floor":19,"turns":3},{"damage":37,"enemies":"Snake Plant","floor":22,"turns":3},{"damage":23,"enemies":"Sentry and Sphere","floor":27,"turns":4},{"damage":26,"enemies":"Gremlin Leader","floor":31,"turns":3},{"damage":71,"enemies":"Champ","floor":33,"turns":6}],"seed_played":"3687652378177271559","potions_obtained":[{"floor":1,"key":"EntropicBrew"},{"floor":16,"key":"BloodPotion"},{"floor":18,"key":"Dexterity Potion"}],"is_trial":false,"path_per_floor":["M","?","?","$","?","R","E","M","T","?","$","M","M","M","R","B",null,"M","M","?","$","M","R","$","R","T","M","?","?","$","E","R","B"],"character_chosen":"IRONCLAD","items_purchased":["Flex","Heavy Blade","Inflame"],"campfire_rested":3,"item_purchase_floors":[21,21,30],"current_hp_per_floor":[80,69,62,62,62,62,68,74,74,74,74,71,55,56,56,10,80,55,56,56,56,25,49,49,73,73,56,56,56,56,36,60,0,0],"gold":77,"neow_bonus":"THREE_ENEMY_KILL","is_daily":false,"chose_seed":false,"campfire_upgraded":2,"win_rate":0.0,"timestamp":1612292480,"path_taken":["M","?","?","$","?","R","E","M","T","?","$","M","M","M","R","BOSS","M","M","?","$","?","R","$","R","T","M","?","?","$","E","R","BOSS"],"items_purchased_type":["Card","Card","Card"],"build_version":"2020-12-22","purchased_purges":4,"victory":false,"max_hp_per_floor":[80,80,80,80,80,80,80,80,80,80,80,80,80,80,80,80,80,80,80,80,80,80,80,80,80,80,80,80,80,80,80,80,80,80],"card_choices":[{"not_picked":["Evolve","Thunderclap"],"picked":"Heavy Blade","floor":1},{"not_picked":["Combust","Pommel Strike","Iron Wave"],"picked":"SKIP","floor":7},{"not_picked":["Hemokinesis","Headbutt","Dual Wield"],"picked":"SKIP","floor":8},{"not_picked":["Wild Strike","Rupture"],"picked":"Warcry","floor":12},{"not_picked":["Iron Wave","Headbutt","Immolate"],"picked":"SKIP","floor":13},{"not_picked":["Anger","Rampage"],"picked":"Inflame","floor":14},{"not_picked":["Double Tap","Barricade"],"picked":"Limit Break","floor":16},{"not_picked":["Clothesline","Shockwave","Carnage"],"picked":"SKIP","floor":18},{"not_picked":["Uppercut+1","Burning Pact","Shrug It Off"],"picked":"SKIP","floor":19},{"not_picked":["Perfected Strike+1","True Grit"],"picked":"Heavy Blade","floor":22},{"not_picked":["Blood for Blood","Wild Strike","Shrug It Off"],"picked":"SKIP","floor":27},{"not_picked":["Headbutt","Searing Blow"],"picked":"Seeing Red+1","floor":31}],"player_experience":80903,"relics_obtained":[{"floor":7,"key":"Smiling Mask"},{"floor":9,"key":"Mummified Hand"},{"floor":26,"key":"PreservedInsect"},{"floor":31,"key":"Toxic Egg 2"}],"event_choices":[{"damage_healed":0,"gold_gain":75,"player_choice":"Gather Gold","damage_taken":11,"max_hp_gain":0,"max_hp_loss":0,"event_name":"World of Goop","floor":2,"gold_loss":0},{"cards_removed":["Strike_R"],"damage_healed":0,"gold_gain":0,"player_choice":"Card Removal","damage_taken":7,"max_hp_gain":0,"max_hp_loss":0,"event_name":"Golden Wing","floor":3,"gold_loss":0},{"cards_removed":["Strike_R"],"damage_healed":0,"gold_gain":0,"player_choice":"Card Removal","damage_taken":0,"max_hp_gain":0,"max_hp_loss":0,"event_name":"The Cleric","floor":5,"gold_loss":50},{"damage_healed":0,"gold_gain":0,"player_choice":"Ignored","damage_taken":0,"max_hp_gain":0,"max_hp_loss":0,"event_name":"Liars Game","floor":10,"gold_loss":0},{"damage_healed":0,"gold_gain":0,"player_choice":"Bought 0 Potions","damage_taken":0,"max_hp_gain":0,"max_hp_loss":0,"event_name":"The Woman in Blue","floor":20,"gold_loss":0},{"cards_removed":["Strike_R"],"damage_healed":0,"gold_gain":0,"player_choice":"Elegance","damage_taken":0,"max_hp_gain":0,"max_hp_loss":0,"event_name":"Back to Basics","floor":28,"gold_loss":0},{"cards_removed":["Warcry"],"damage_healed":0,"gold_gain":0,"player_choice":"Gave Gold","damage_taken":0,"max_hp_gain":0,"max_hp_loss":0,"event_name":"Beggar","floor":29,"gold_loss":75}],"is_beta":false,"boss_relics":[{"not_picked":["Sozu","Ectoplasm"],"picked":"Runic Cube"}],"items_purged_floors":[4,11,21,24],"is_endless":false,"potions_floor_spawned":[1,7,16,18],"killed_by":"Champ","ascension_level":1}}