{"host":"bq4pt811tk9yrmjl","time":1612284191,"event":{"mods":["AchievementEnabler","BaseMod","Colored Map","Colored Powertips","Defuse TimeMaze Blight","Hermit","Minty Spire (QoL Compilation)","Smile Girya","StSLib","SuperFastMode"],"gold_per_floor":[113,113,127,52,52,77,96,96,169,169,100,110,124,156,156,254,254,270,122,138,237,254,254,100,127,127,146,159,159,159],"floor_reached":29,"language":"ENG","playtime":491,"items_purged":["Regret"],"score":326,"play_id":"908bf9fe-a37a-4f4a-aa21-695c9fea3a4a","local_time":"20210202144311","is_ascension_mode":true,"campfire_choices":[{"data":"Zap","floor":10,"key":"SMITH"},{"data":"White Noise","floor":15,"key":"SMITH"},{"floor":23,"key":"REST"}],"circlet_count":0,"master_deck":["Strike_B+1","Defend_B","Defend_B","Defend_B","Defend_B","Zap+1","Dualcast","FTL","Defragment+1","Go for the Eyes","Beam Cell","Melter+1","Reinforced Body","Conserve Battery","White Noise+1","Echo Form","Creative AI+1","Core Surge+1","Cold Snap+1","Self Repair"],"relics":["Cracked Core","NeowsBlessing","Bag of Marbles","Bottled Flame","Whetstone","Astrolabe","OrangePellets","Membership Card","Omamori","Girya"],"acts_visited":["Exordium","TheCity"],"potions_floor_usage":[14,18,29],"damage_taken":[{"damage":0,"enemies":"Small Slimes","floor":1,"turns":1},{"damage":0,"enemies":"Jaw Worm","floor":3,"turns":1},{"damage":0,"enemies":"Lagavulin","floor":6,"turns":1},{"damage":0,"enemies":"Cultist","floor":7,"turns":2},{"damage":0,"enemies":"Exordium Wildlife","floor":12,"turns":3},{"damage":0,"enemies":"Blue Slaver","floor":13,"turns":3},{"damage":18,"enemies":"3 Sentries","floor":14,"turns":7},{"damage":0,"enemies":"Slime Boss","floor":16,"turns":6},{"damage":0,"enemies":"Shell Parasite","floor":18,"turns":4},{"damage":26,"enemies":"3 Byrds","floor":20,"turns":4},{"damage":32,"enemies":"Snake Plant","floor":22,"turns":5},{"damage":16,"enemies":"Centurion and Healer","floor":27,"turns":6},{"damage":47,"enemies":"3 Cultists","floor":28,"turns":8},{"damage":14,"enemies":"Shelled Parasite and Fungi","floor":29,"turns":3}],"seed_played":"8019679406012791613","potions_obtained":[{"floor":13,"key":"Dexterity Potion"},{"floor":14,"key":"Ancient Potion"},{"floor":16,"key":"SkillPotion"},{"floor":18,"key":"EssenceOfSteel"}],"is_trial":false,"path_per_floor":["M","?","M","$","?","E","M","$","T","R","$","M","M","E","R","B",null,"M","$","M","?","M","R","$","T","T","M","M","M"],"character_chosen":"DEFECT","items_purchased":["Melter","OrangePellets","Membership Card"],"campfire_rested":1,"item_purchase_floors":[11,19,24],"current_hp_per_floor":[75,75,75,75,75,75,75,75,75,75,75,75,75,57,57,57,75,75,75,49,49,31,53,53,53,53,51,18,4,4],"gold":159,"neow_bonus":"THREE_ENEMY_KILL","is_daily":false,"chose_seed":false,"campfire_upgraded":2,"win_rate":0.0,"timestamp":1612284191,"path_taken":["M","?","M","$","?","E","M","?","T","R","$","M","M","E","R","BOSS","M","?","M","?","M","R","$","?","T","M","?","M"],"items_purchased_type":["Card","Relic","Relic"],"build_version":"2020-12-22","purchased_purges":1,"victory":false,"max_hp_per_floor":[75,75,75,75,75,75,75,75,75,75,75,75,75,75,75,75,75,75,75,75,75,75,75,75,75,75,75,75,75,75],"card_choices":[{"not_picked":["Beam Cell","Barrage"],"picked":"FTL","floor":1},{"not_picked":["Sweeping Beam","White Noise"],"picked":"Defragment","floor":3},{"not_picked":["Rebound","Melter"],"picked":"Go for the Eyes","floor":6},{"not_picked":["Rebound","BootSequence"],"picked":"Beam Cell","floor":7},{"not_picked":["Stack","Steam"],"picked":"Reinforced Body","floor":12},{"not_picked":["Coolheaded","Barrage"],"picked":"Conserve Battery","floor":13},{"not_picked":["Reprogram","Storm"],"picked":"White Noise","floor":14},{"not_picked":["Fission","All For One"],"picked":"Echo Form","floor":16},{"not_picked":["Compile Driver","Melter"],"picked":"Self Repair","floor":18},{"not_picked":["Barrage+1","Sweeping Beam","Leap"],"picked":"SKIP","floor":20},{"not_picked":["Barrage","Rebound","Genetic Algorithm+1"],"picked":"SKIP","floor":22},{"not_picked":["Rebound+1","Recycle","Go for the Eyes"],"picked":"SKIP","floor":27},{"not_picked":["Force Field","Gash","Compile Driver"],"picked":"SKIP","floor":28}],"player_experience":301671,"relics_obtained":[{"floor":6,"key":"Bottled Flame"},{"floor":14,"key":"Whetstone"},{"floor":25,"key":"Omamori"},{"floor":26,"key":"Girya"}],"event_choices":[{"damage_healed":0,"gold_gain":0,"player_choice":"Box","damage_taken":0,"relics_obtained":["Bag of Marbles"],"max_hp_gain":0,"max_hp_loss":0,"event_name":"Big Fish","floor":2,"gold_loss":0,"cards_obtained":["Regret"]},{"damage_healed":0,"gold_gain":0,"player_choice":"Grow","damage_taken":0,"max_hp_gain":0,"max_hp_loss":0,"event_name":"Living Wall","floor":5,"gold_loss":0,"cards_upgraded":["Defragment"]},{"damage_healed":0,"gold_gain":99,"player_choice":"Stole From Cult","damage_taken":0,"max_hp_gain":0,"max_hp_loss":0,"event_name":"Nest","floor":21,"gold_loss":0}],"is_beta":false,"boss_relics":[{"not_picked":["SacredBark","Ectoplasm"],"picked":"Astrolabe"}],"items_purged_floors":[4],"is_endless":false,"potions_floor_spawned":[13,14,16,18],"killed_by":"Shelled Parasite and Fungi","ascension_level":1}}