{"host":"rguvlafm46vqn9ib","time":1612260342,"event":{"mods":["2.2 Compatiblity","AchievementEnabler","Act Like it!","Arknights","Aspiration","BaseMod","Beaked The Cultist","Better Match","Better Note","Better Third Choice","BetterRewards","Colored Map","Downfall","Elementarium","GifTheSpireLib","Hermit","Highlight Path","Hubris","JesterMod","Mad Scientist","Minty Spire (QoL Compilation)","RRrroohrrRGHHhhh!!","Reliquary","Reorder Act Four","Replay The Spire","Retaliation","SCP261 Mod","Small Relic Pack","Spikes Relics","StSLib","Stuff the Spire","The Blackbeard","The Bug Knight","The Construct","The Death Knight","The Disciple","The Forsaken","The Judge","The Marked","The Mystic","The Necromancer","The Problem Sleuth","The Runesmith","TheSwordswoman"],"gold_per_floor":[119,134,152,152,27,27,53,66,66,66,101,117,117,117,117,117,117],"floor_reached":16,"language":"ENG","playtime":933,"items_purged":[],"score":192,"play_id":"7776d68d-0552-4a53-af9f-e479a6638a74","local_time":"20210202100542","is_ascension_mode":true,"campfire_choices":[{"data":"Infernal Blade","floor":6,"key":"SMITH"},{"floor":10,"key":"REST"},{"floor":15,"key":"REST"}],"circlet_count":0,"master_deck":["Strike_R","Strike_R","Strike_R","Strike_R","Strike_R","Defend_R","Defend_R","Defend_R","Defend_R","Bash","DDmod:SpikedSkill","DDmod:EasePowerCard","DDmod:SpikedSkill","Whirlwind+1","Infernal Blade+1","Uppercut","Shrug It Off","Thunderclap","Limit Break","Heavy Blade"],"relics":["Burning Blood","HandDrill","Vajra","Replay:Kaleidoscope","RollingBoulder","reliquary:TridentHead"],"acts_visited":["Exordium"],"potions_floor_usage":[3,12],"damage_taken":[{"damage":10,"enemies":"Small Slimes","floor":1,"turns":4},{"damage":11,"enemies":"Cultist","floor":2,"turns":4},{"damage":7,"enemies":"Jaw Worm","floor":3,"turns":5},{"damage":61,"enemies":"Lagavulin","floor":7,"turns":9},{"damage":14,"enemies":"Looter","floor":8,"turns":3},{"damage":30,"enemies":"Gremlin Nob","floor":11,"turns":4},{"damage":12,"enemies":"Blue Slaver","floor":12,"turns":3},{"damage":43,"enemies":"Slime Boss","floor":16,"turns":6}],"seed_played":"-8429409115754481026","potions_obtained":[{"floor":2,"key":"Dexterity Potion"},{"floor":11,"key":"Energy Potion"}],"is_trial":false,"path_per_floor":["M","M","M","?","$","R","E","M","T","R","E","M","?","T","R","B"],"character_chosen":"IRONCLAD","items_purchased":["HandDrill","Pummel","DDmod:SpikedSkill","DDmod:EasePowerCard","Uppercut","Shrug It Off"],"campfire_rested":2,"item_purchase_floors":[0,0,0,0,5,5],"current_hp_per_floor":[65,60,59,80,80,80,25,21,21,45,21,15,14,14,38,0,0],"gold":117,"neow_bonus":"","is_daily":false,"chose_seed":false,"campfire_upgraded":1,"win_rate":0.0,"timestamp":1612260342,"path_taken":["M","M","M","?","?","R","E","M","T","R","E","M","?","?","R","BOSS"],"items_purchased_type":["Relic","Card","Card","Card","Card","Card"],"build_version":"2020-12-22","purchased_purges":0,"victory":false,"max_hp_per_floor":[80,80,80,80,80,80,80,80,80,80,80,80,80,80,80,80,80],"card_choices":[{"not_picked":["Sever Soul","StuffTheSpire:Pyroclast"],"picked":"DDmod:SpikedSkill","floor":1},{"not_picked":["Cleave","Shrug It Off"],"picked":"Whirlwind","floor":2},{"not_picked":["Run Through","Perfected Strike"],"picked":"Infernal Blade","floor":3},{"not_picked":["DDmod:BurningFumesPowerCard","Twin Strike"],"picked":"Thunderclap","floor":7},{"not_picked":["Body Slam","Twin Strike"],"picked":"StuffTheSpire:Resist","floor":8},{"not_picked":["DDmod:SpikedSkill","DDmod:GrandUltimatumAttack"],"picked":"Limit Break","floor":11},{"not_picked":["Power Through","Rupture"],"picked":"Heavy Blade","floor":12}],"player_experience":997437,"relics_obtained":[{"floor":7,"key":"Vajra"},{"floor":9,"key":"Replay:Kaleidoscope"},{"floor":11,"key":"RollingBoulder"},{"floor":14,"key":"reliquary:TridentHead"}],"event_choices":[{"cards_removed":["Pummel"],"damage_healed":21,"gold_gain":0,"player_choice":"Offered Uncommon","damage_taken":0,"max_hp_gain":0,"max_hp_loss":0,"event_name":"Bonfire Elementals","floor":4,"gold_loss":0}],"is_beta":false,"boss_relics":[],"items_purged_floors":[],"is_endless":false,"potions_floor_spawned":[2,11],"killed_by":"Slime Boss","ascension_level":4}}