{"host":"6h0diz2ap0m56grs","time":1612233461,"event":{"mods":["2.2 Compatiblity","BaseMod","Colored Map","Marisa????????","Minty Spire (QoL Compilation)","Quick Restart","Replay The Spire","Shop Mod","StSLib","The Servant 0.9.4"],"gold_per_floor":[116,135,135,135,135,162,162,192,216,291,291,318,318,344,344,344,344],"floor_reached":16,"language":"ENG","playtime":471,"items_purged":[],"score":209,"play_id":"ff48be66-2160-45a8-8244-640d4a7cfe5f","local_time":"20210201203741","daily_mods":["SealedDeck","Heirloom","Time Dilation","Flight"],"is_ascension_mode":true,"campfire_choices":[{"data":"Defragment","floor":7,"key":"SMITH"},{"data":"BasicCrystalCard","floor":11,"key":"SMITH"},{"data":"Glacier","floor":13,"key":"SMITH"},{"data":"Doom and Gloom","floor":15,"key":"SMITH"}],"circlet_count":0,"master_deck":["Self Repair","Static Discharge","Crystallizer","Force Field","Loop","Ball Lightning","Ball Lightning","Conserve Battery","Ball Lightning","Defragment+1","Chill","Glacier+1","BasicCrystalCard+1","Doom and Gloom+1"],"relics":["Cracked Core","replay:Trail_Library","Gambling Chip","Pet Ghost","Toy Ornithopter","Replay:Baseball","Iron Hammer","Prayer Wheel"],"acts_visited":["Exordium"],"potions_floor_usage":[],"damage_taken":[{"damage":0,"enemies":"Cultist","floor":1,"turns":2},{"damage":4,"enemies":"Jaw Worm","floor":2,"turns":2},{"damage":0,"enemies":"Gremlin Nob","floor":6,"turns":3},{"damage":0,"enemies":"3 Sentries","floor":8,"turns":6},{"damage":0,"enemies":"Gremlin Nob","floor":12,"turns":3},{"damage":9,"enemies":"3 Sentries","floor":14,"turns":5},{"damage":0,"enemies":"Fading Forest","floor":16,"turns":7}],"seed_played":"2073891716545362391","potions_obtained":[{"floor":6,"key":"DuplicationPotion"},{"floor":14,"key":"Death Potion"}],"is_trial":true,"path_per_floor":["M","M","$","$","?","E","R","E","T","?","R","E","R","E","R","B"],"character_chosen":"DEFECT","items_purchased":[],"campfire_rested":0,"item_purchase_floors":[],"current_hp_per_floor":[75,75,75,75,75,75,75,75,75,64,64,64,64,65,65,65,65],"gold":344,"neow_bonus":"","is_daily":false,"chose_seed":false,"campfire_upgraded":4,"win_rate":0.0,"timestamp":1612233461,"path_taken":["M","M","?","$","?","E","R","E","T","?","R","E","R","E","R","BOSS"],"items_purchased_type":[],"build_version":"2020-12-22","purchased_purges":0,"victory":false,"max_hp_per_floor":[75,75,75,75,75,75,75,75,75,75,75,75,75,75,75,75,75],"card_choices":[{"not_picked":["Coolheaded","Leap"],"picked":"Chill","floor":1},{"not_picked":["Recycle","Panic Button"],"picked":"Glacier","floor":2},{"not_picked":["Self Repair","Darkness","Lockon"],"picked":"SKIP","floor":6},{"not_picked":["Streamline","Stack","Gash"],"picked":"SKIP","floor":8},{"not_picked":["Redo","Reinforced Body"],"picked":"Doom and Gloom","floor":12},{"not_picked":["Compile Driver","Reinforced Body","ReplayTheSpireMod:Fabricate Wheel"],"picked":"SKIP","floor":14}],"player_experience":241800,"relics_obtained":[{"floor":6,"key":"Pet Ghost"},{"floor":8,"key":"Toy Ornithopter"},{"floor":9,"key":"Replay:Baseball"},{"floor":12,"key":"Iron Hammer"},{"floor":14,"key":"Prayer Wheel"}],"event_choices":[{"damage_healed":0,"gold_gain":0,"player_choice":"Ignored","damage_taken":0,"max_hp_gain":0,"max_hp_loss":0,"event_name":"Liars Game","floor":5,"gold_loss":0},{"damage_healed":0,"gold_gain":75,"player_choice":"Gather Gold","damage_taken":11,"max_hp_gain":0,"max_hp_loss":0,"event_name":"World of Goop","floor":10,"gold_loss":0}],"is_beta":false,"boss_relics":[],"items_purged_floors":[],"is_endless":false,"potions_floor_spawned":[6,14],"killed_by":"Fading Forest","ascension_level":1}}