{"host":"sum4dy402bbv9y4o","time":1612299164,"event":{"mods":["Aspiration","BaseMod","Conspire","Highlight Path","Minty Spire (QoL Compilation)","StSLib"],"gold_per_floor":[113,3,15,33,33,66,85,85,85,101,137,137,158,83,83,166,166,194,203,225,239,260,300,300,33,33,75,100,118,133,58,58,132,141,160,187,210,219,87,121,121,151,151,151,192,217,217,242,242,242,242],"floor_reached":50,"language":"ENG","playtime":2122,"items_purged":["Strike_P"],"score":1218,"play_id":"3e0a81c8-bad0-4bd3-8db8-e7e6b424646b","local_time":"20210202235244","is_ascension_mode":true,"campfire_choices":[{"data":"Eruption","floor":12,"key":"SMITH"},{"data":"MentalFortress","floor":15,"key":"SMITH"},{"data":"Adaptation","floor":24,"key":"SMITH"},{"floor":32,"key":"REST"},{"data":"Madness","floor":41,"key":"SMITH"},{"data":"Ragnarok","floor":44,"key":"SMITH"},{"floor":47,"key":"REST"},{"data":"EmptyBody","floor":49,"key":"SMITH"}],"circlet_count":0,"master_deck":["AscendersBane","Strike_P","Defend_P","Defend_P+1","Eruption+1","Vigilance","EmptyBody+1","FlurryOfBlows","SashWhip+1","Halt","FearNoEvil+1","Consecrate+1","CrushJoints+1","MentalFortress+1","Vengeance+1","LessonLearned","FlyingSleeves+1","Ragnarok+1","Halt","EmptyFist+1","Adaptation+1","Evaluate+1","DeusExMachina+1","CurseOfTheBell","FlurryOfBlows+1","FlurryOfBlows","Madness+1","Consecrate","EmptyBody+1","Parasite"],"relics":["PureWater","aspiration:Nostalgia","Burning Blood","TungstenRod","Pen Nib","Bag of Marbles","CeramicFish","Empty Cage","Blood Vial","aspiration:HummingbirdHeart","Eternal Feather","Boot","Calling Bell","Oddly Smooth Stone","aspiration:StickyExplosives","Torii","Blue Candle","conspire:Flyswatter","Yang","Letter Opener","Turnip"],"acts_visited":["Exordium","TheCity","TheBeyond"],"potions_floor_usage":[6,10,18,21,23,36,37,40,42,45,46,50,50],"damage_taken":[{"damage":0,"enemies":"2 Louse","floor":1,"turns":3},{"damage":7,"enemies":"Jaw Worm","floor":3,"turns":5},{"damage":0,"enemies":"conspire:RoseBush","floor":4,"turns":4},{"damage":13,"enemies":"Lagavulin","floor":6,"turns":5},{"damage":0,"enemies":"2 Fungi Beasts","floor":7,"turns":3},{"damage":0,"enemies":"3 Louse","floor":10,"turns":1},{"damage":8,"enemies":"3 Sentries","floor":11,"turns":6},{"damage":0,"enemies":"Looter","floor":13,"turns":1},{"damage":13,"enemies":"The Guardian","floor":16,"turns":7},{"damage":6,"enemies":"3 Byrds","floor":18,"turns":5},{"damage":0,"enemies":"Spheric Guardian","floor":20,"turns":2},{"damage":17,"enemies":"Shelled Parasite and Fungi","floor":21,"turns":2},{"damage":0,"enemies":"Snake Plant","floor":22,"turns":2},{"damage":10,"enemies":"conspire:SneckoGhost","floor":23,"turns":8},{"damage":55,"enemies":"Slavers","floor":27,"turns":5},{"damage":0,"enemies":"Centurion and Healer","floor":28,"turns":2},{"damage":12,"enemies":"3 Cultists","floor":29,"turns":4},{"damage":0,"enemies":"Snecko","floor":30,"turns":2},{"damage":13,"enemies":"Champ","floor":33,"turns":10},{"damage":0,"enemies":"3 Shapes","floor":35,"turns":3},{"damage":0,"enemies":"3 Darklings","floor":36,"turns":4},{"damage":5,"enemies":"Jaw Worm Horde","floor":37,"turns":4},{"damage":24,"enemies":"Reptomancer","floor":40,"turns":7},{"damage":8,"enemies":"Giant Head","floor":42,"turns":4},{"damage":89,"enemies":"Nemesis","floor":45,"turns":10},{"damage":16,"enemies":"Writhing Mass","floor":46,"turns":6},{"damage":0,"enemies":"Mind Bloom Boss Battle","floor":48,"turns":1},{"damage":78,"enemies":"Awakened One","floor":50,"turns":8}],"seed_played":"7955963978930008696","potions_obtained":[{"floor":4,"key":"Energy Potion"},{"floor":6,"key":"SteroidPotion"},{"floor":13,"key":"Block Potion"},{"floor":16,"key":"DistilledChaos"},{"floor":21,"key":"GamblersBrew"},{"floor":28,"key":"FairyPotion"},{"floor":29,"key":"conspire:TimeTravelPotion"},{"floor":33,"key":"Ambrosia"},{"floor":36,"key":"EssenceOfSteel"},{"floor":40,"key":"Block Potion"},{"floor":45,"key":"Ancient Potion"},{"floor":46,"key":"DuplicationPotion"},{"floor":48,"key":"Block Potion"}],"is_trial":false,"path_per_floor":["M","$","M","M","?","E","M","?","T","M","E","R","M","?","R","B",null,"M","?","M","M","M","E","R","$","T","E","M","M","M","?","R","B",null,"M","M","M","?","$","E","R","E","T","R","E","M","R","?","R","B"],"character_chosen":"WATCHER","items_purchased":["FlurryOfBlows","Explosive Potion","aspiration:HummingbirdHeart","Weak Potion"],"campfire_rested":2,"item_purchase_floors":[2,2,25,39],"current_hp_per_floor":[67,67,66,68,50,43,49,68,68,68,66,66,68,68,68,61,66,66,66,68,57,63,59,59,59,59,12,20,16,24,24,56,51,64,68,68,68,68,68,50,65,65,65,68,17,9,47,55,68,0,0],"gold":242,"neow_bonus":"NOSTALGIA","is_daily":false,"chose_seed":false,"campfire_upgraded":6,"win_rate":0.0,"timestamp":1612299164,"path_taken":["M","$","M","M","?","E","M","?","T","M","E","R","M","?","R","BOSS","M","?","?","M","M","E","R","$","T","E","M","M","M","?","R","BOSS","M","M","M","?","$","E","R","E","T","R","E","M","R","?","R","BOSS"],"items_purchased_type":["Card","Potion","Relic","Potion"],"build_version":"2020-12-22","purchased_purges":1,"victory":false,"max_hp_per_floor":[68,68,68,68,68,68,68,68,68,68,68,68,68,68,68,68,68,68,68,68,68,68,68,68,68,68,68,68,68,68,68,68,68,68,68,68,68,68,68,68,68,68,68,68,68,68,68,68,68,68,68],"card_choices":[{"not_picked":["Prostrate","ClearTheMind"],"picked":"EmptyBody","floor":1},{"not_picked":["WindmillStrike","Protect"],"picked":"SashWhip","floor":3},{"not_picked":["ThirdEye","EmptyBody"],"picked":"Halt","floor":4},{"not_picked":["FlyingSleeves","Sanctity"],"picked":"FearNoEvil","floor":6},{"not_picked":["Evaluate","WindmillStrike"],"picked":"Consecrate","floor":7},{"not_picked":["Vengeance","Evaluate"],"picked":"CrushJoints","floor":10},{"not_picked":["Halt","Prostrate"],"picked":"MentalFortress","floor":11},{"not_picked":["FlyingSleeves","PathToVictory"],"picked":"Vengeance","floor":13},{"not_picked":["Establishment","Scrawl"],"picked":"LessonLearned","floor":16},{"not_picked":["Pray","Indignation"],"picked":"FlyingSleeves+1","floor":18},{"not_picked":["EmptyFist","Meditate"],"picked":"Halt","floor":20},{"not_picked":["FollowUp","FearNoEvil","Nirvana"],"picked":"SKIP","floor":21},{"not_picked":["Fasting2","Protect"],"picked":"EmptyFist+1","floor":22},{"not_picked":["Conclude","BattleHymn"],"picked":"Adaptation","floor":23},{"not_picked":["FearNoEvil","CarveReality"],"picked":"Evaluate+1","floor":27},{"not_picked":["SashWhip","Nirvana+1"],"picked":"DeusExMachina","floor":28},{"not_picked":["SashWhip","Protect","EmptyBody"],"picked":"SKIP","floor":29},{"not_picked":["Indignation","Adaptation","BowlingBash+1"],"picked":"SKIP","floor":30},{"not_picked":["Halt","Study","BowlingBash+1"],"picked":"SKIP","floor":35},{"not_picked":["EmptyFist","EmptyBody"],"picked":"FlurryOfBlows+1","floor":36},{"not_picked":["WreathOfFlame","BowlingBash+1"],"picked":"FlurryOfBlows","floor":37},{"not_picked":["HandOfGreed","Dramatic Entrance"],"picked":"Madness","floor":38},{"not_picked":["EmptyBody+1","EmptyMind"],"picked":"Consecrate","floor":40},{"not_picked":["Crescendo","FlyingSleeves","Study"],"picked":"SKIP","floor":42},{"not_picked":["EmptyFist+1","SashWhip+1"],"picked":"EmptyBody+1","floor":45},{"not_picked":["Collect+1","JustLucky","SignatureMove+1"],"picked":"SKIP","floor":46}],"player_experience":3033770,"relics_obtained":[{"floor":6,"key":"Pen Nib"},{"floor":9,"key":"Bag of Marbles"},{"floor":11,"key":"CeramicFish"},{"floor":23,"key":"Blood Vial"},{"floor":26,"key":"Eternal Feather"},{"floor":27,"key":"Boot"},{"floor":34,"key":"Oddly Smooth Stone"},{"floor":34,"key":"aspiration:StickyExplosives"},{"floor":34,"key":"Torii"},{"floor":40,"key":"Blue Candle"},{"floor":42,"key":"conspire:Flyswatter"},{"floor":43,"key":"Yang"},{"floor":45,"key":"Letter Opener"},{"floor":48,"key":"Turnip"}],"event_choices":[{"damage_healed":0,"gold_gain":0,"player_choice":"Success","damage_taken":18,"relics_obtained":["TungstenRod"],"max_hp_gain":0,"max_hp_loss":0,"event_name":"Scrap Ooze","floor":5,"gold_loss":0},{"damage_healed":22,"gold_gain":0,"player_choice":"Banana","damage_taken":0,"max_hp_gain":0,"max_hp_loss":0,"event_name":"Big Fish","floor":8,"gold_loss":0},{"cards_removed":["Strike_P"],"damage_healed":0,"gold_gain":0,"player_choice":"Card Removal","damage_taken":0,"max_hp_gain":0,"max_hp_loss":0,"event_name":"The Cleric","floor":14,"gold_loss":75},{"damage_healed":0,"gold_gain":0,"player_choice":"1 cards matched","damage_taken":0,"max_hp_gain":0,"max_hp_loss":0,"event_name":"Match and Keep!","floor":19,"gold_loss":0,"cards_obtained":["Ragnarok"]},{"cards_removed":["Defend_P"],"damage_healed":0,"gold_gain":0,"player_choice":"Gave Gold","damage_taken":0,"max_hp_gain":0,"max_hp_loss":0,"event_name":"Beggar","floor":31,"gold_loss":75},{"damage_healed":0,"gold_gain":0,"player_choice":"Memory 1","damage_taken":0,"max_hp_gain":0,"max_hp_loss":0,"event_name":"SensoryStone","floor":38,"gold_loss":0},{"damage_healed":0,"gold_gain":0,"player_choice":"Fight","damage_taken":0,"max_hp_gain":0,"max_hp_loss":0,"event_name":"MindBloom","floor":48,"gold_loss":0}],"is_beta":false,"boss_relics":[{"not_picked":["conspire:RunicOctahedron","conspire:SlowCooker"],"picked":"Empty Cage"},{"not_picked":["Snecko Eye","Philosopher\u0027s Stone"],"picked":"Calling Bell"}],"items_purged_floors":[39],"is_endless":false,"potions_floor_spawned":[4,6,13,16,21,28,29,30,33,36,40,45,46,48],"killed_by":"Awakened One","ascension_level":20}}