{"host":"f4xk8spljo3akohx","time":1612253736,"event":{"mods":["Act Like it!","Arknights","BaseMod","Downfall","Gensokyo","GifTheSpireLib","Hallownest","Hermit","Highlight Path","Marisa£®ÏF”Í°°ƒß¿Ì…≥£©","Minty Spire (QoL Compilation)","Quick Restart","StSLib","The Bug Knight"],"gold_per_floor":[117,117,117,128,146,146,178,206,206,131,146,146,165,190,190,292,292,304,304,4,4,4,33,33,48,74,102,102,102,102],"floor_reached":29,"language":"ZHS","playtime":772,"items_purged":["Defend_MRS"],"score":319,"play_id":"e8b13b20-df80-498b-8390-679ff52391ac","local_time":"20210202161536","is_ascension_mode":false,"campfire_choices":[{"data":"FinalSpark","floor":6.0,"key":"SMITH"},{"floor":15.0,"key":"REST"},{"data":"FinalSpark","floor":24.0,"key":"SMITH"}],"circlet_count":0,"master_deck":["Strike_MRS","Strike_MRS","Strike_MRS","Strike_MRS+1","Defend_MRS","Defend_MRS","MasterSpark","UpSweep","SuperPerseids+1","MilkyWay","FinalSpark+1","Parasite","Parasite","BlazeAway","FinalSpark+1","Writhe","DoubleSpark+1","Shame","ManaConvection+1","ats:Flexible Camouflage+1"],"relics":["BewitchedHakkero","Peace Pipe","Du-Vu Doll","ShroomBag","Mango","Ancient Tea Set","Ornamental Fan","Gensokyo:MosesMiracle","Torii","HollowMod:PaleOreRelic","Sundial"],"acts_visited":["Exordium","Gensokyo:Gensokyoer"],"potions_floor_usage":[29],"damage_taken":[{"damage":4.0,"enemies":"2 Louse","floor":1.0,"turns":3.0},{"damage":1.0,"enemies":"Jaw Worm","floor":4.0,"turns":3.0},{"damage":1.0,"enemies":"Cultist","floor":5.0,"turns":3.0},{"damage":26.0,"enemies":"Lagavulin","floor":7.0,"turns":4.0},{"damage":24.0,"enemies":"The Mushroom Lair","floor":8.0,"turns":3.0},{"damage":12.0,"enemies":"Blue Slaver","floor":11.0,"turns":2.0},{"damage":0.0,"enemies":"Looter","floor":13.0,"turns":2.0},{"damage":27.0,"enemies":"Gremlin Nob","floor":14.0,"turns":4.0},{"damage":0.0,"enemies":"Slime Boss","floor":16.0,"turns":3.0},{"damage":2.0,"enemies":"Gensokyo:2_Gloops","floor":18.0,"turns":3.0},{"damage":23.0,"enemies":"Gensokyo:Koishi","floor":23.0,"turns":4.0},{"damage":31.0,"enemies":"Gensokyo:3_Dogs","floor":25.0,"turns":4.0},{"damage":27.0,"enemies":"Gensokyo:Tenshi","floor":27.0,"turns":3.0},{"damage":10,"enemies":"Gensokyo:Slime_Group","floor":29,"turns":2}],"seed_played":"6666200242737668038","potions_obtained":[{"floor":1.0,"key":"Swift Potion"},{"floor":8.0,"key":"DuplicationPotion"},{"floor":11.0,"key":"bronze:BurnAndBuffPotion"},{"floor":14.0,"key":"Block Potion"}],"is_trial":false,"path_per_floor":["M","?","?","M","M","R","E","?","T","$","M","?","M","E","R","B",null,"M","?","$","?","?","E","R","M","T","E","?","M"],"character_chosen":"MARISA","items_purchased":["DoubleSpark","Ornamental Fan"],"campfire_rested":1,"item_purchase_floors":[20,20],"current_hp_per_floor":[71,71,71,70,69,69,43,19,33,33,25,25,29,6,32,36,89,87,87,87,87,87,66,66,39,39,14,14,8,8],"gold":102,"neow_bonus":"ONE_RARE_RELIC","is_daily":false,"chose_seed":false,"campfire_upgraded":2,"win_rate":0.0,"timestamp":1612253736,"path_taken":["M","?","?","M","?","R","E","?","T","$","M","?","?","E","R","BOSS","M","?","?","?","?","E","R","?","T","E","?","M"],"items_purchased_type":["Card","Relic"],"build_version":"2020-12-22","purchased_purges":1,"victory":false,"max_hp_per_floor":[75,75,75,75,75,75,75,75,89,89,89,89,89,89,89,89,89,89,89,89,89,89,89,89,89,89,89,89,89,89],"card_choices":[{"not_picked":["NonDirectionalLaser","AsteroidBelt"],"picked":"SuperPerseids","floor":1.0},{"not_picked":["PulseMagic","UnstableBomb"],"picked":"MilkyWay","floor":4.0},{"not_picked":["GalacticHalo","ChargeUpSpray"],"picked":"FinalSpark","floor":5.0},{"not_picked":["MilkyWay","LuminesStrike","6A"],"picked":"SKIP","floor":7.0},{"not_picked":["AsteroidBelt","MysteriousBeam"],"picked":"BlazeAway","floor":11.0},{"not_picked":["SatelliteIllusion","ChargeUpSpray"],"picked":"PulseMagic","floor":13.0},{"not_picked":["NonDirectionalLaser","GravityBeat","MagicAbsorber"],"picked":"SKIP","floor":14.0},{"not_picked":["StarDustReverie","UltimateShortwave"],"picked":"FinalSpark","floor":16.0},{"not_picked":["MysteriousBeam","6A+1","WitchLeyline"],"picked":"SKIP","floor":18.0},{"not_picked":["GrandCross","NonDirectionalLaser","MilkyWay"],"picked":"SKIP","floor":23.0},{"not_picked":["SuperPerseids","GravityBeat"],"picked":"ManaConvection+1","floor":25.0},{"not_picked":["GasGiant","LuminesStrike","WitchOfGreed+1"],"picked":"SKIP","floor":27.0}],"player_experience":75886,"relics_obtained":[{"floor":7.0,"key":"Du-Vu Doll"},{"floor":8.0,"key":"ShroomBag"},{"floor":9.0,"key":"Mango"},{"floor":14.0,"key":"Ancient Tea Set"},{"floor":23.0,"key":"Torii"},{"floor":26.0,"key":"HollowMod:PaleOreRelic"},{"floor":27.0,"key":"Gensokyo:MosesMiracle"},{"floor":27.0,"key":"Sundial"}],"event_choices":[{"cards_removed":["Regret"],"damage_healed":0.0,"max_hp_gain":0.0,"max_hp_loss":0.0,"gold_gain":0.0,"event_name":"Living Wall","player_choice":"Forget","floor":2.0,"gold_loss":0.0,"damage_taken":0.0},{"damage_healed":0.0,"max_hp_gain":0.0,"max_hp_loss":0.0,"gold_gain":0.0,"event_name":"The Woman in Blue","player_choice":"Bought 0 Potions","floor":3.0,"gold_loss":0.0,"damage_taken":0.0},{"damage_healed":0.0,"max_hp_gain":0.0,"max_hp_loss":0.0,"gold_gain":0.0,"event_name":"Mushrooms_MRS","player_choice":"Fought Mushrooms","floor":8.0,"gold_loss":0.0,"damage_taken":0.0},{"damage_healed":0.0,"max_hp_gain":0.0,"max_hp_loss":0.0,"gold_gain":0.0,"event_name":"Lab","player_choice":"Got Potions","floor":12.0,"gold_loss":0.0,"damage_taken":0.0}],"is_beta":false,"boss_relics":[{"not_picked":["Tiny House","Philosopher\u0027s Stone"],"picked":"BewitchedHakkero"}],"items_purged_floors":[10],"is_endless":false,"potions_floor_spawned":[1,8,11,14],"killed_by":"Gensokyo:Slime_Group","ascension_level":0}}