{"host":"0kk91h4bq4kgfj0u","time":1612307020,"event":{"mods":["BaseMod","Minty Spire (QoL Compilation)","StSLib"],"gold_per_floor":[119,129,7,7,27,27,57,57,111,127,158,172,172,186,186,282,282,299,313,332,9,9,9],"floor_reached":22,"language":"ENG","playtime":979,"items_purged":[],"score":257,"play_id":"5dcc69a4-9c48-409f-a025-3573a4c73e2c","local_time":"20210202180340","is_ascension_mode":true,"campfire_choices":[{"floor":6.0,"key":"REST"},{"data":"Accuracy","floor":8.0,"key":"SMITH"},{"floor":15.0,"key":"REST"}],"circlet_count":0,"master_deck":["Strike_G","Strike_G","Strike_G","Strike_G","Strike_G","Defend_G","Defend_G","Defend_G","Defend_G","Defend_G","Survivor","Neutralize","Storm of Steel","Slice","Flying Knee","Accuracy+1","Backflip","Decay","Quick Slash","After Image","Footwork","Blade Dance","Backflip","Slice","CurseOfTheBell","Deadly Poison","Caltrops","Terror","Cloak And Dagger"],"relics":["Ring of the Snake","Nunchaku","PreservedInsect","Singing Bowl","Calling Bell","Art of War","Letter Opener","Torii","Sling"],"acts_visited":["Exordium","TheCity"],"potions_floor_usage":[20,22],"damage_taken":[{"damage":11.0,"enemies":"Cultist","floor":1.0,"turns":4.0},{"damage":0.0,"enemies":"Small Slimes","floor":2.0,"turns":3.0},{"damage":8.0,"enemies":"2 Louse","floor":5.0,"turns":2.0},{"damage":19.0,"enemies":"Lagavulin","floor":7.0,"turns":6.0},{"damage":2.0,"enemies":"Blue Slaver","floor":10.0,"turns":3.0},{"damage":28.0,"enemies":"Gremlin Nob","floor":11.0,"turns":5.0},{"damage":0.0,"enemies":"Looter","floor":12.0,"turns":3.0},{"damage":0.0,"enemies":"Exordium Wildlife","floor":14.0,"turns":3.0},{"damage":25.0,"enemies":"Slime Boss","floor":16.0,"turns":11.0},{"damage":19,"enemies":"Chosen","floor":18,"turns":5},{"damage":16,"enemies":"3 Byrds","floor":19,"turns":10},{"damage":26,"enemies":"Snake Plant","floor":20,"turns":5},{"damage":13,"enemies":"3 Cultists","floor":22,"turns":4}],"seed_played":"2864513613846778008","potions_obtained":[{"floor":2.0,"key":"Ancient Potion"},{"floor":5.0,"key":"Fruit Juice"},{"floor":12.0,"key":"ColorlessPotion"},{"floor":13.0,"key":"Fruit Juice"},{"floor":13.0,"key":"SteroidPotion"},{"floor":16.0,"key":"Poison Potion"},{"floor":20,"key":"SteroidPotion"}],"is_trial":false,"path_per_floor":["M","M","$","?","M","R","E","R","T","M","E","M","?","M","R","B",null,"M","M","M","$","M"],"character_chosen":"THE_SILENT","items_purchased":["Accuracy","Backflip","Sling","Terror","Cloak And Dagger","Block Potion"],"campfire_rested":2,"item_purchase_floors":[3,3,21,21,21,21],"current_hp_per_floor":[52,52,52,52,49,71,52,52,52,50,22,22,27,27,51,28,69,50,34,10,10,0,0],"gold":9,"neow_bonus":"ONE_RANDOM_RARE_CARD","is_daily":false,"chose_seed":false,"campfire_upgraded":1,"win_rate":0.0,"timestamp":1612307020,"path_taken":["M","M","?","?","M","R","E","R","T","?","E","M","?","?","R","BOSS","M","M","?","$","M"],"items_purchased_type":["Card","Card","Relic","Card","Card","Potion"],"build_version":"2020-12-22","purchased_purges":0,"victory":false,"max_hp_per_floor":[70,70,70,70,75,75,75,75,75,75,75,75,80,80,80,82,82,82,82,84,84,84,84],"card_choices":[{"not_picked":["Outmaneuver","Dagger Spray"],"picked":"Slice","floor":1.0},{"not_picked":["Expertise","Bane"],"picked":"Flying Knee","floor":2.0},{"not_picked":["Heel Hook","Acrobatics"],"picked":"Quick Slash","floor":5.0},{"not_picked":["Outmaneuver","Underhanded Strike"],"picked":"After Image","floor":7.0},{"not_picked":["Poisoned Stab","Setup"],"picked":"Footwork","floor":10.0},{"not_picked":["Reflex","Well Laid Plans"],"picked":"Blade Dance","floor":11.0},{"not_picked":["Dodge and Roll","Acrobatics"],"picked":"Backflip","floor":12.0},{"not_picked":["Dodge and Roll","Bouncing Flask"],"picked":"Slice","floor":14.0},{"not_picked":["Wraith Form v2","Tools of the Trade","Doppelganger"],"picked":"Singing Bowl","floor":16.0},{"not_picked":["Bane","Dagger Throw"],"picked":"Deadly Poison","floor":18},{"not_picked":["Dodge and Roll","Quick Slash"],"picked":"Caltrops","floor":19},{"not_picked":["Deadly Poison","Dodge and Roll","Riddle With Holes+1"],"picked":"Singing Bowl","floor":20}],"player_experience":839156,"relics_obtained":[{"floor":7.0,"key":"Nunchaku"},{"floor":9.0,"key":"PreservedInsect"},{"floor":11.0,"key":"Singing Bowl"},{"floor":17,"key":"Art of War"},{"floor":17,"key":"Letter Opener"},{"floor":17,"key":"Torii"}],"event_choices":[{"damage_healed":0.0,"max_hp_gain":0.0,"max_hp_loss":0.0,"gold_gain":0.0,"event_name":"Wheel of Change","player_choice":"Cursed","floor":4.0,"gold_loss":0.0,"damage_taken":0.0,"cards_obtained":["Decay"]},{"damage_healed":0.0,"max_hp_gain":0.0,"max_hp_loss":0.0,"gold_gain":0.0,"event_name":"Lab","player_choice":"Got Potions","floor":13.0,"gold_loss":0.0,"damage_taken":0.0}],"is_beta":false,"boss_relics":[{"not_picked":["Empty Cage","Astrolabe"],"picked":"Calling Bell"}],"items_purged_floors":[],"is_endless":false,"potions_floor_spawned":[2,5,12,14,16,20],"killed_by":"3 Cultists","ascension_level":6}}