{"host":"fdq5pmhluajjrf8d","time":1612288829,"event":{"mods":["BaseMod","Minty Spire (QoL Compilation)"],"gold_per_floor":[113,113,129,146,165,165,193,193,217,217,253,253,271,294,294,390,453,467,481,508,526,69,107,107,107,107],"floor_reached":25,"language":"ENG","playtime":1014,"items_purged":[],"score":464,"play_id":"bb3e7b77-3963-4293-bffb-5d67ecd38187","local_time":"20210202130029","is_ascension_mode":true,"campfire_choices":[{"data":"Vault","floor":6.0,"key":"SMITH"},{"floor":10.0,"key":"REST"},{"data":"Tantrum","floor":15.0,"key":"SMITH"},{"floor":24,"key":"REST"}],"circlet_count":0,"master_deck":["AscendersBane","Strike_P","Strike_P","Strike_P","Strike_P","Defend_P","Defend_P","Defend_P","Eruption+1","Vigilance","Adaptation+1","WheelKick+1","Consecrate","Vault+1","Wish","Injury","EmptyFist","Tantrum+1","Halt","ConjureBlade","Apotheosis"],"relics":["PureWater","Bronze Scales","Golden Idol","Happy Flower","Bag of Marbles","Tiny House","Toy Ornithopter","Shuriken","MealTicket"],"acts_visited":["Exordium","TheCity"],"potions_floor_usage":[18,23,23],"damage_taken":[{"damage":0.0,"enemies":"Small Slimes","floor":1.0,"turns":3.0},{"damage":0.0,"enemies":"Cultist","floor":3.0,"turns":2.0},{"damage":0.0,"enemies":"2 Louse","floor":4.0,"turns":2.0},{"damage":7.0,"enemies":"2 Fungi Beasts","floor":5.0,"turns":2.0},{"damage":20.0,"enemies":"3 Sentries","floor":7.0,"turns":6.0},{"damage":0.0,"enemies":"Gremlin Nob","floor":11.0,"turns":3.0},{"damage":3.0,"enemies":"Red Slaver","floor":13.0,"turns":4.0},{"damage":0.0,"enemies":"Exordium Wildlife","floor":14.0,"turns":3.0},{"damage":30.0,"enemies":"Slime Boss","floor":16.0,"turns":5.0},{"damage":26,"enemies":"2 Thieves","floor":18,"turns":4},{"damage":4,"enemies":"Chosen","floor":19,"turns":4},{"damage":22,"enemies":"3 Cultists","floor":21,"turns":6},{"damage":14,"enemies":"Gremlin Leader","floor":23,"turns":5},{"damage":51,"enemies":"Snecko","floor":25,"turns":5}],"seed_played":"4947093069610914394","potions_obtained":[{"floor":1.0,"key":"Fire Potion"},{"floor":3.0,"key":"FearPotion"},{"floor":14.0,"key":"Dexterity Potion"},{"floor":17,"key":"SkillPotion"},{"floor":21,"key":"LiquidBronze"},{"floor":23,"key":"Dexterity Potion"}],"is_trial":false,"path_per_floor":["M","?","M","M","M","R","E","?","T","R","E","?","M","M","R","B",null,"M","M","T","M","$","E","R","M"],"character_chosen":"WATCHER","items_purchased":["Shuriken","Apotheosis"],"campfire_rested":2,"item_purchase_floors":[22,22],"current_hp_per_floor":[61,61,61,61,54,54,34,34,34,54,54,54,51,51,51,21,61,35,31,31,9,9,5,26,0,0],"gold":107,"neow_bonus":"UPGRADE_CARD","is_daily":false,"chose_seed":false,"campfire_upgraded":2,"win_rate":0.0,"timestamp":1612288829,"path_taken":["M","?","M","?","M","R","E","?","T","R","E","?","M","M","R","BOSS","M","M","?","M","$","E","R","M"],"items_purchased_type":["Relic","Card"],"build_version":"2020-12-22","purchased_purges":0,"victory":false,"max_hp_per_floor":[68,68,68,68,68,68,68,68,68,68,68,68,68,68,68,68,73,73,73,73,73,73,73,73,73,73],"card_choices":[{"not_picked":["MentalFortress","Evaluate"],"picked":"Adaptation","floor":1.0},{"not_picked":["FollowUp","FlyingSleeves"],"picked":"WheelKick","floor":3.0},{"not_picked":["SashWhip","JustLucky"],"picked":"Consecrate","floor":4.0},{"not_picked":["ClearTheMind","Prostrate"],"picked":"Vault","floor":5.0},{"not_picked":["SashWhip","Perseverance"],"picked":"Wish","floor":7.0},{"not_picked":["Establishment","EmptyBody"],"picked":"EmptyFist","floor":11.0},{"not_picked":["FollowUp","Evaluate"],"picked":"Halt","floor":13.0},{"not_picked":["ReachHeaven","Crescendo","JustLucky"],"picked":"SKIP","floor":14.0},{"not_picked":["Brilliance","Judgement"],"picked":"ConjureBlade","floor":16.0},{"not_picked":["SandsOfTime","Consecrate","EmptyFist+1"],"picked":"SKIP","floor":18},{"not_picked":["Study","Evaluate","Adaptation"],"picked":"SKIP","floor":19},{"not_picked":["Prostrate","ClearTheMind","Meditate+1"],"picked":"SKIP","floor":21},{"not_picked":["CutThroughFate","Wish","Pray"],"picked":"SKIP","floor":23}],"player_experience":1968805,"relics_obtained":[{"floor":7.0,"key":"Bronze Scales"},{"floor":9.0,"key":"Happy Flower"},{"floor":11.0,"key":"Bag of Marbles"},{"floor":20,"key":"Toy Ornithopter"},{"floor":23,"key":"MealTicket"}],"event_choices":[{"damage_healed":0.0,"max_hp_gain":0.0,"max_hp_loss":0.0,"gold_gain":0.0,"event_name":"Upgrade Shrine","player_choice":"Upgraded","floor":2.0,"gold_loss":0.0,"damage_taken":0.0,"cards_upgraded":["Adaptation"]},{"damage_healed":0.0,"max_hp_gain":0.0,"max_hp_loss":0.0,"gold_gain":0.0,"event_name":"Golden Idol","player_choice":"Take Wound","floor":8.0,"gold_loss":0.0,"damage_taken":0.0,"relics_obtained":["Golden Idol"],"cards_obtained":["Injury"]},{"damage_healed":0.0,"max_hp_gain":0.0,"max_hp_loss":0.0,"gold_gain":0.0,"cards_transformed":["Defend_P"],"event_name":"Transmorgrifier","player_choice":"Transformed","floor":12.0,"gold_loss":0.0,"damage_taken":0.0,"cards_obtained":["Tantrum"]}],"is_beta":false,"boss_relics":[{"not_picked":["Pandora\u0027s Box","Ectoplasm"],"picked":"Tiny House"}],"items_purged_floors":[],"is_endless":false,"potions_floor_spawned":[1,3,5,14,21,23],"killed_by":"Snecko","ascension_level":16}}