{"host":"mw3dmj42qtkbha4b","time":1612275531,"event":{"mods":["BaseMod","Colored Map","Colored Powertips","DeckTracker","Minty Spire (QoL Compilation)","StSLib","SuperFastMode"],"gold_per_floor":[119,119,119,132,207,207,223,223,304,229,259,279,309,321,321,394,394,413,413,613,630,630,630],"floor_reached":22,"language":"KOR","playtime":603,"items_purged":["Defend_P"],"score":488,"play_id":"4904828c-577f-46a4-b6ca-0221056936f6","local_time":"20210202231851","is_ascension_mode":true,"campfire_choices":[{"data":"Vigilance","floor":6.0,"key":"SMITH"},{"data":"Indignation","floor":8.0,"key":"SMITH"},{"floor":15.0,"key":"REST"}],"circlet_count":0,"master_deck":["AscendersBane","Strike_P","Strike_P+1","Strike_P","Defend_P","Defend_P","Eruption+1","Vigilance+1","Indignation+1","BattleHymn","LessonLearned"],"relics":["PureWater","NeowsBlessing","Shuriken","Eternal Feather","Nunchaku","Empty Cage"],"acts_visited":["Exordium","TheCity"],"potions_floor_usage":[],"damage_taken":[{"damage":0.0,"enemies":"Jaw Worm","floor":1.0,"turns":1.0},{"damage":0.0,"enemies":"Cultist","floor":4.0,"turns":1.0},{"damage":0.0,"enemies":"2 Louse","floor":7.0,"turns":1.0},{"damage":44.0,"enemies":"3 Sentries","floor":11.0,"turns":6.0},{"damage":13.0,"enemies":"2 Fungi Beasts","floor":12.0,"turns":3.0},{"damage":16.0,"enemies":"Gremlin Nob","floor":13.0,"turns":3.0},{"damage":0.0,"enemies":"Lots of Slimes","floor":14.0,"turns":2.0},{"damage":0.0,"enemies":"Slime Boss","floor":16.0,"turns":5.0},{"damage":22.0,"enemies":"Spheric Guardian","floor":18.0,"turns":3.0},{"damage":10.0,"enemies":"3 Byrds","floor":21.0,"turns":4.0},{"damage":38,"enemies":"Cultist and Chosen","floor":22,"turns":5}],"seed_played":"3755975276089057491","potions_obtained":[{"floor":4.0,"key":"FairyPotion"},{"floor":7.0,"key":"ColorlessPotion"},{"floor":13.0,"key":"Explosive Potion"}],"is_trial":false,"path_per_floor":["M","$","?","M","?","R","M","R","T","$","E","M","E","M","R","B",null,"M","?","?","M","M"],"character_chosen":"WATCHER","items_purchased":[],"campfire_rested":1,"item_purchase_floors":[],"current_hp_per_floor":[61,61,61,61,50,50,50,50,50,50,6,20,4,4,30,30,59,37,37,37,27,0,0],"gold":630,"neow_bonus":"THREE_ENEMY_KILL","is_daily":false,"chose_seed":false,"campfire_upgraded":2,"win_rate":0.0,"timestamp":1612275531,"path_taken":["M","$","?","M","?","R","M","R","T","?","E","M","E","?","R","BOSS","M","?","?","M","?"],"items_purchased_type":[],"build_version":"2020-12-22","purchased_purges":1,"victory":false,"max_hp_per_floor":[68,68,68,68,68,68,68,68,68,68,68,68,68,68,68,68,68,68,68,68,68,68,68],"card_choices":[{"not_picked":["FlurryOfBlows","JustLucky"],"picked":"Indignation","floor":1.0},{"not_picked":["FlyingSleeves","Weave","CutThroughFate"],"picked":"SKIP","floor":4.0},{"not_picked":["CutThroughFate","WheelKick","Halt"],"picked":"SKIP","floor":7.0},{"not_picked":["Prostrate","ConjureBlade","Wireheading"],"picked":"SKIP","floor":11.0},{"not_picked":["PathToVictory","Wallop","FollowUp"],"picked":"SKIP","floor":12.0},{"not_picked":["SandsOfTime","Worship","Fasting2"],"picked":"SKIP","floor":13.0},{"not_picked":["FlyingSleeves","DeceiveReality"],"picked":"BattleHymn","floor":14.0},{"not_picked":["DeusExMachina","Scrawl"],"picked":"LessonLearned","floor":16.0},{"not_picked":["MentalFortress","Protect","WreathOfFlame"],"picked":"SKIP","floor":18.0},{"not_picked":["Crescendo+1","Wireheading","WheelKick"],"picked":"SKIP","floor":21.0}],"player_experience":1785017,"relics_obtained":[{"floor":9.0,"key":"Shuriken"},{"floor":11.0,"key":"Eternal Feather"},{"floor":13.0,"key":"Nunchaku"}],"event_choices":[{"damage_healed":0.0,"max_hp_gain":0.0,"max_hp_loss":0.0,"gold_gain":0.0,"event_name":"Living Wall","player_choice":"Grow","floor":3.0,"gold_loss":0.0,"damage_taken":0.0,"cards_upgraded":["Eruption"]},{"damage_healed":0.0,"max_hp_gain":0.0,"max_hp_loss":0.0,"gold_gain":75.0,"event_name":"World of Goop","player_choice":"Gather Gold","floor":5.0,"gold_loss":0.0,"damage_taken":11.0},{"damage_healed":0.0,"max_hp_gain":0.0,"max_hp_loss":0.0,"gold_gain":0.0,"event_name":"Vampires","player_choice":"Ignored","floor":19.0,"gold_loss":0.0,"damage_taken":0.0},{"damage_healed":0.0,"max_hp_gain":0.0,"max_hp_loss":0.0,"gold_gain":250.0,"event_name":"The Joust","player_choice":"Bet on Owner","floor":20.0,"gold_loss":50.0,"damage_taken":0.0}],"is_beta":false,"boss_relics":[{"not_picked":["Runic Dome","SacredBark"],"picked":"Empty Cage"}],"items_purged_floors":[10],"is_endless":false,"potions_floor_spawned":[4,7,13],"killed_by":"Cultist and Chosen","ascension_level":20}}