{"host":"farxtl2u8hmkbdo2","time":1612227994,"event":{"mods":["A Magickal Journey","BaseMod","Better Altar","Better Note","Better Sensory Stone","Better Skull","Better Third Choice","Challenge The Spire","Colored Map","Colored Powertips","Current Relic Mod","Energized Spire","Fox Events","Gremlin Mod","Hermit","Hubris","Mimic Mod","Minty Spire (QoL Compilation)","Quick Restart","READ ME - Guardian Mod","READ ME - Snecko Mod","Rare Cards Sparkle","StSLib","The Bladedancer","The Bug Knight","The Cursed","The Disciple","The Hierophant","The Marked","The Necromancer","The Runesmith","Transform Curses"],"gold_per_floor":[108,10,10,10,12,35,35,10,10,10,25,25,46,46,46,133,133,144,174,174,174,188,188,194,194,194,236,281,281,326,390,390,452,452,547,547,206,281,371,371,430,120,129,129,216,318,390,440,440,362],"floor_reached":51,"language":"SPA","playtime":3199,"items_purged":["hierophant:Defend_Hierophant"],"score":1171,"play_id":"c94e5c4f-5040-4b04-a4f7-e69133302edf","local_time":"20210201220634","is_ascension_mode":true,"campfire_choices":[{"data":"hierophant:Glossolalia","floor":10.0,"key":"SMITH"},{"floor":15.0,"key":"REST"},{"data":"RitualDagger","floor":23.0,"key":"SMITH"},{"data":"hierophant:PristineSoul","floor":25.0,"key":"SMITH"},{"data":"hierophant:Punish","floor":29.0,"key":"SMITH"},{"data":"hierophant:Doomsaying","floor":32.0,"key":"SMITH"},{"data":"hierophant:DivineIntervention","floor":40.0,"key":"SMITH"},{"data":"hierophant:Endure","floor":49,"key":"SMITH"}],"circlet_count":0,"master_deck":["hierophant:Punish+1","hierophant:Defend_Hierophant","Parasite","hierophant:Glossolalia+1","hierophant:PristineSoul+1","hierophant:FlamingChariot","hierophant:Doomsaying+1","hierophant:AuricBeam","hierophant:Sermon","hierophant:Batter","hierophant:ThreeLashes","hierophant:Determination+1","hierophant:Upheaval+1","hierophant:MorningPrayer+1","hierophant:FaithHealing+1","hierophant:Smite+1","hierophant:OrnateBuckler+1","RitualDagger+1","hierophant:SecretStash","hierophant:Glossolalia+1","hierophant:Chorus+1","Bite","Bite","Bite","Bite","Bite","hierophant:BulkyChest","hierophant:MirrorShield","hierophant:DivineIntervention+1","hierophant:Repentance+1","hierophant:Endure+1","hierophant:Smite","hierophant:ArchangelShield+1","hierophant:ArchangelShield+1","hubris:DuctTapeCard","hierophant:Blessing+1","hierophant:Doubloon+1","hierophant:Bribe","hierophant:Doubloon"],"relics":["hierophant:PropheticMaskRelic","TungstenRod","hubris:Icosahedron","Bottled Tornado","Omamori","HollowMod:PaleOreRelic","Frozen Egg 2","Astrolabe","HornCleat","Ancient Tea Set","Sundial","CeramicFish","energizedSpire:NeverEndingSparkler","DollysMirror","Bag of Marbles","Vajra","hubris:DuctTape","hubris:TinFlute"],"acts_visited":["Exordium","TheCity","TheBeyond"],"potions_floor_usage":[46,47,48,50,50],"damage_taken":[{"damage":6.0,"enemies":"2 Louse","floor":1.0,"turns":3.0},{"damage":1.0,"enemies":"Small Slimes","floor":5.0,"turns":3.0},{"damage":28.0,"enemies":"3 Sentries","floor":6.0,"turns":9.0},{"damage":11.0,"enemies":"Gremlin Nob","floor":11.0,"turns":4.0},{"damage":4.0,"enemies":"3 Sentries","floor":13.0,"turns":5.0},{"damage":17.0,"enemies":"Slime Boss","floor":16.0,"turns":8.0},{"damage":0.0,"enemies":"Spheric Guardian","floor":18.0,"turns":2.0},{"damage":7.0,"enemies":"Shell Parasite","floor":19.0,"turns":4.0},{"damage":2.0,"enemies":"Shell Parasite","floor":22.0,"turns":3.0},{"damage":0.0,"enemies":"Gremlin Leader","floor":24.0,"turns":5.0},{"damage":23.0,"enemies":"Book of Stabbing","floor":27.0,"turns":7.0},{"damage":7.0,"enemies":"Snake Plant","floor":30.0,"turns":2.0},{"damage":1.0,"enemies":"Cultist and Chosen","floor":31.0,"turns":5.0},{"damage":70.0,"enemies":"Automaton","floor":33.0,"turns":9.0},{"damage":10.0,"enemies":"Orb Walker","floor":35.0,"turns":3.0},{"damage":12.0,"enemies":"3 Shapes","floor":38.0,"turns":3.0},{"damage":27.0,"enemies":"3 Darklings","floor":39.0,"turns":6.0},{"damage":32.0,"enemies":"Jaw Worm Horde","floor":41.0,"turns":3.0},{"damage":0,"enemies":"Sphere and 2 Shapes","floor":45,"turns":4},{"damage":18,"enemies":"Writhing Mass","floor":46,"turns":5},{"damage":0,"enemies":"Transient","floor":47,"turns":5},{"damage":13,"enemies":"Reptomancer","floor":48,"turns":5},{"damage":18,"enemies":"Donu and Deca","floor":50,"turns":5}],"seed_played":"4488060651807007290","potions_obtained":[{"floor":6.0,"key":"Weak Potion"},{"floor":11.0,"key":"PowerPotion"},{"floor":13.0,"key":"Weak Potion"},{"floor":16.0,"key":"BlessingOfTheForge"},{"floor":22.0,"key":"GamblersBrew"},{"floor":24.0,"key":"Dexterity Potion"},{"floor":27.0,"key":"FearPotion"},{"floor":33.0,"key":"EssenceOfSteel"},{"floor":39.0,"key":"Dexterity Potion"},{"floor":46,"key":"DistilledChaos"},{"floor":47,"key":"Dexterity Potion"}],"is_trial":false,"path_per_floor":["M","$","?","?","M","E","?","$","T","R","E","?","E","?","R","B",null,"M","MIM","?","?","M","R","E","R","T","E","?","R","M","M","R","B",null,"M","?","$","M","M","R","M","$","T","?","M","M","M","E","R","B",null],"character_chosen":"HIEROPHANT","items_purchased":["hierophant:PristineSoul","hierophant:FlamingChariot","hierophant:Sermon","DollysMirror","hierophant:Endure","EntropicBrew","Bag of Marbles","Vajra"],"campfire_rested":1,"item_purchase_floors":[2,2,8,37,37,37,42,42],"current_hp_per_floor":[69,69,74,74,73,45,30,30,30,30,19,13,9,9,33,16,80,80,78,73,73,71,71,76,76,76,53,53,53,48,56,56,5,56,51,51,51,54,37,37,11,11,11,11,25,15,31,45,45,56],"gold":362,"neow_bonus":"ONE_RARE_RELIC","is_daily":false,"chose_seed":false,"campfire_upgraded":7,"win_rate":0.0,"timestamp":1612227994,"path_taken":["M","$","?","?","M","E","?","?","T","R","E","?","E","?","R","BOSS","M","?","?","?","M","R","E","R","T","E","?","R","M","M","R","BOSS","M","?","$","M","M","R","M","$","T","?","M","M","?","E","R","BOSS"],"items_purchased_type":["Card","Card","Card","Relic","Card","Potion","Relic","Relic"],"build_version":"2020-12-22","purchased_purges":1,"victory":true,"max_hp_per_floor":[75,75,80,80,80,80,80,80,80,80,80,80,80,80,80,80,80,80,80,80,80,80,80,80,80,80,80,56,56,56,56,56,56,56,56,56,56,56,56,56,56,56,56,56,56,56,56,56,56,56],"card_choices":[{"not_picked":["hierophant:Purify","hierophant:FlamingChariot"],"picked":"hierophant:Glossolalia","floor":1.0},{"not_picked":["hierophant:FlamingChariot","hierophant:Upheaval"],"picked":"hierophant:Doomsaying","floor":5.0},{"not_picked":["hierophant:Shelter","hierophant:Doubloon"],"picked":"hierophant:AuricBeam","floor":6.0},{"not_picked":["hierophant:Doubloon","hierophant:ThreeLashes"],"picked":"hierophant:Batter","floor":11.0},{"not_picked":["hierophant:Remorse","hierophant:AuricBeam"],"picked":"hierophant:ThreeLashes","floor":13.0},{"not_picked":["hierophant:Levitation","hierophant:MintersHammer"],"picked":"hierophant:Determination+1","floor":16.0},{"not_picked":["hierophant:RepressedViolence","hierophant:Shelter"],"picked":"hierophant:Smite+1","floor":18.0},{"not_picked":["hierophant:DisplayOfPower","hierophant:Sermon"],"picked":"hierophant:OrnateBuckler+1","floor":19.0},{"not_picked":["hierophant:Remorse","hierophant:Shelter"],"picked":"hierophant:SecretStash","floor":22.0},{"not_picked":["hierophant:AuricBeam","hierophant:Batter"],"picked":"hierophant:Glossolalia+1","floor":24.0},{"not_picked":["hierophant:Encroach","hierophant:HammerAndAnvil"],"picked":"hierophant:Chorus","floor":27.0},{"not_picked":["hierophant:Repentance","hierophant:HammerAndAnvil"],"picked":"hierophant:BulkyChest","floor":30.0},{"not_picked":["hierophant:PassingBell","hierophant:MorningPrayer"],"picked":"hierophant:MirrorShield","floor":31.0},{"not_picked":["hierophant:LocustPlague","hierophant:BulkyChest"],"picked":"hierophant:DivineIntervention","floor":33.0},{"not_picked":["hierophant:Chorus+1","hierophant:Shelter"],"picked":"hierophant:Repentance+1","floor":35.0},{"not_picked":["hierophant:Shelter+1","hierophant:AuricForm+1"],"picked":"hierophant:Smite","floor":38.0},{"not_picked":["hierophant:PassingBell+1","hierophant:FaithHealing"],"picked":"hierophant:ArchangelShield+1","floor":39.0},{"not_picked":["hierophant:CoinFling+1","hierophant:FieryStrike"],"picked":"hierophant:ArchangelShield+1","floor":41.0},{"not_picked":["hierophant:Martyrdom+1","hierophant:OrnateBuckler+1"],"picked":"hierophant:Blessing+1","floor":45},{"not_picked":["hierophant:SealAway","hierophant:Martyrdom+1"],"picked":"hierophant:Doubloon+1","floor":46},{"not_picked":["hierophant:Purify+1","hierophant:Sermon"],"picked":"hierophant:Bribe","floor":47},{"not_picked":["hierophant:Prophecy","hierophant:PassingBell"],"picked":"hierophant:Doubloon","floor":48}],"player_experience":2006827,"relics_obtained":[{"floor":6.0,"key":"Bottled Tornado"},{"floor":11.0,"key":"Omamori"},{"floor":13.0,"key":"HollowMod:PaleOreRelic"},{"floor":14.0,"key":"Frozen Egg 2"},{"floor":19.0,"key":"HornCleat"},{"floor":24.0,"key":"Ancient Tea Set"},{"floor":26.0,"key":"Sundial"},{"floor":27.0,"key":"CeramicFish"},{"floor":43.0,"key":"hubris:DuctTape"},{"floor":48,"key":"hubris:TinFlute"}],"event_choices":[{"damage_healed":0.0,"max_hp_gain":5.0,"max_hp_loss":0.0,"gold_gain":0.0,"event_name":"Big Fish","player_choice":"Donut","floor":3.0,"gold_loss":0.0,"damage_taken":0.0},{"damage_healed":45.0,"max_hp_gain":0.0,"max_hp_loss":80.0,"gold_gain":0.0,"event_name":"betterThird:BetterShining","player_choice":"Upgrade","floor":7.0,"gold_loss":0.0,"damage_taken":16.0,"cards_upgraded":["hierophant:Strike_Hierophant","hierophant:ChurchCoffers"]},{"cards_removed":["hierophant:Strike_Hierophant"],"damage_healed":0.0,"max_hp_gain":0.0,"max_hp_loss":0.0,"gold_gain":0.0,"event_name":"Golden Wing","player_choice":"Card Removal","floor":12.0,"gold_loss":0.0,"damage_taken":7.0},{"damage_healed":0.0,"max_hp_gain":0.0,"max_hp_loss":0.0,"gold_gain":0.0,"event_name":"Wheel of Change","player_choice":"Relic","floor":14.0,"gold_loss":0.0,"damage_taken":0.0},{"damage_healed":0.0,"max_hp_gain":0.0,"max_hp_loss":0.0,"gold_gain":0.0,"event_name":"betterThird:BetterNest","player_choice":"Dagger","floor":20.0,"gold_loss":0.0,"damage_taken":6.0,"cards_obtained":["RitualDagger"]},{"damage_healed":0.0,"max_hp_gain":0.0,"max_hp_loss":24.0,"gold_gain":0.0,"event_name":"Vampires","player_choice":"Became a vampire","floor":28.0,"gold_loss":0.0,"damage_taken":0.0,"cards_obtained":["Bite","Bite","Bite","Bite","Bite"]},{"damage_healed":0.0,"max_hp_gain":0.0,"max_hp_loss":0.0,"gold_gain":0.0,"event_name":"Tomb of Lord Red Mask","player_choice":"Ignored","floor":36.0,"gold_loss":0.0,"damage_taken":0.0},{"damage_healed":0.0,"max_hp_gain":0.0,"max_hp_loss":0.0,"gold_gain":0.0,"event_name":"Upgrade Shrine","player_choice":"Upgraded","floor":44.0,"gold_loss":0.0,"damage_taken":0.0,"cards_upgraded":["hierophant:Chorus"]}],"is_beta":false,"boss_relics":[{"not_picked":["hubris:GrandSneckoEye","Pandora\u0027s Box"],"picked":"Astrolabe"},{"not_picked":["Coffee Dripper","hubris:CrackedHourglass"],"picked":"energizedSpire:NeverEndingSparkler"}],"items_purged_floors":[37],"is_endless":false,"potions_floor_spawned":[6,11,13,16,22,24,27,33,39,41,46,47],"ascension_level":3}}