{"host":"o3b7ow6d1xe49css","time":1612250691,"event":{"mods":["Act Like it!","Aspiration","BaseMod","Bestiary","Better Altar","Better Match","Better Note","Better Sensory Stone","Better Skull","Better Third Choice","Colored Powertips","Conspire","Energized Spire","Force Act Four","GifTheSpireLib","Halation","Hermit","Hubris","Infinite Spire","Lobotomy","Minty Spire (QoL Compilation)","Quick Restart","Rare Cards Sparkle","Relic Filter Mod","Reliquary","Replay The Spire","Spicy Shops","Spikes Relics","Spire Arcade","StSLib","Stuff the Spire","The Blue Laboratory","Wandering Minibosses"],"gold_per_floor":[414,30,76,93,109,138,138,173,173,208,237,237,263,263,263,362,362,375,395,23,35,35,79,79,106,106,106,137,137,172,216,216,318,318,329,346,394,394,139,174,205,235,235,277,303,312,68,118,118,215,215,215,69,97,202],"floor_reached":56,"language":"ENG","playtime":2550,"items_purged":["Strike_P","Strike_P","Strike_P","Scorched","Strike_P"],"score":2295,"play_id":"95627ab3-f958-4f8f-8b19-47bab4c37a37","local_time":"20210201222451","daily_mods":["Heirloom","Flight","Elite Swarm"],"is_ascension_mode":true,"campfire_choices":[{"floor":7,"key":"REST"},{"data":"Vault","floor":12,"key":"SMITH"},{"data":"Defend_P","floor":15,"key":"SMITH"},{"floor":24,"key":"RECALL"},{"data":"Scrawl","floor":27,"key":"SMITH"},{"data":"Crescendo","floor":29,"key":"SMITH"},{"data":"BowlingBash","floor":32,"key":"SMITH"},{"floor":49,"key":"REST"},{"floor":52,"key":"REST"}],"circlet_count":0,"master_deck":["Defend_P+1","Defend_P+1","Defend_P","Defend_P+1","Eruption+1","Vigilance","UniverseFragment","BowlingBash+1","Crescendo+1","Meditate","DeusExMachina","Scrawl+1","Vault+1","Scrawl+1","DevaForm","FlurryOfBlows","Tantrum","CutThroughFate","DeusExMachina+1","Omniscience","BowlingBash+1","infinitespire:NeuralNetwork","Omniscience","infinitespire:UltimateForm","Fasting2","SandsOfTime"],"relics":["PureWater","Ring of Chaos","Old Coin","CogitoBucket","Prayer Wheel","Ice Cream","reliquary:Buckler","infinitespire:Golems Mask","Replay:Ringing Soul","Onion Ring","Akabeko","StuffTheSpire:Barrel","hubris:PeanutButter","Snecko Eye","Gambling Chip","CeramicFish","reliquary:FerryPass","Regal Pillow","aspiration:DSix","Blood Vial","Fusion Hammer","SkinProphecy","Nunchaku","wanderingMiniBosses:OtherGremlinHorn","aspiration:Lifesprig","Dream Catcher","Blue Doll","War Paint","infinitespire:WardingShard","infinitespire:CursedDice","hubris:FunFungus","reliquary:Knoch","infinitespire:Magic Flask","Coffee Dripper","Ring of Chaos","Vajra","Strawberry"],"acts_visited":["Exordium","TheCity","TheBeyond","Exordium","TheEnding"],"potions_floor_usage":[8,10,13,16,37,42,55],"damage_taken":[{"damage":0,"enemies":"Cultist","floor":1,"turns":3},{"damage":11,"enemies":"Jaw Worm","floor":4,"turns":3},{"damage":2,"enemies":"Small Slimes","floor":5,"turns":2},{"damage":53,"enemies":"3 Sentries","floor":6,"turns":5},{"damage":0,"enemies":"Gremlin Nob","floor":8,"turns":3},{"damage":0,"enemies":"Lagavulin","floor":10,"turns":4},{"damage":0,"enemies":"3 Sentries","floor":11,"turns":4},{"damage":12,"enemies":"Gremlin Nob","floor":13,"turns":1},{"damage":13,"enemies":"Hexaghost","floor":16,"turns":5},{"damage":0,"enemies":"2 Thieves","floor":18,"turns":2},{"damage":0,"enemies":"Spheric Guardian","floor":19,"turns":1},{"damage":0,"enemies":"3 Cultists","floor":21,"turns":2},{"damage":0,"enemies":"conspire:Head Lice","floor":23,"turns":1},{"damage":0,"enemies":"Nightmare","floor":25,"turns":2},{"damage":0,"enemies":"Replay:Snechameleon","floor":28,"turns":1},{"damage":2,"enemies":"Slavers","floor":30,"turns":2},{"damage":2,"enemies":"Gremlin Leader","floor":31,"turns":2},{"damage":0,"enemies":"Collector","floor":33,"turns":2},{"damage":0,"enemies":"3 Shapes","floor":35,"turns":2},{"damage":0,"enemies":"Orb Walker","floor":36,"turns":1},{"damage":0,"enemies":"conspire:MimicChest","floor":37,"turns":3},{"damage":0,"enemies":"Nightmare","floor":40,"turns":6},{"damage":0,"enemies":"R_Hoarder","floor":41,"turns":4},{"damage":0,"enemies":"Giant Head","floor":42,"turns":5},{"damage":0,"enemies":"R_Hoarder","floor":44,"turns":3},{"damage":0,"enemies":"Nemesis","floor":45,"turns":3},{"damage":0,"enemies":"Mind Bloom Boss Battle","floor":48,"turns":5},{"damage":40,"enemies":"Donu and Deca","floor":50,"turns":7},{"damage":0,"enemies":"Shield and Spear","floor":54,"turns":2},{"damage":46,"enemies":"The Heart","floor":55,"turns":6}],"seed_played":"4964799220637334722","potions_obtained":[{"floor":6,"key":"blueLaboratory:ImpenetrablePotion"},{"floor":8,"key":"FearPotion"},{"floor":11,"key":"Death Potion"},{"floor":13,"key":"Toxic Potion"},{"floor":19,"key":"blueLaboratory:LouseDecoction"},{"floor":21,"key":"StancePotion"},{"floor":40,"key":"BottledMiracle"},{"floor":42,"key":"FearPotion"},{"floor":44,"key":"blueLaboratory:MidnightOil"},{"floor":48,"key":"DuplicationPotion"},{"floor":55,"key":"blueLaboratory:AbyssPotion"}],"is_trial":true,"path_per_floor":["M","$","T","M","M","E","R","E","T","E","E","R","E","?","R","B",null,"M","M","$","M","AVR","E","R","NM","T","R","E","R","E","E","R","B",null,"M","M","?","?","$","NM","E","E","T","E","E","AVR","$","?","R","B",null,"R","$","E","B",null],"character_chosen":"WATCHER","items_purchased":["Prayer Wheel","Ice Cream","Gambling Chip","aspiration:Lifesprig","Fasting2","SandsOfTime","Vajra"],"campfire_rested":3,"item_purchase_floors":[2,2,20,39,47,47,53],"current_hp_per_floor":[72,72,72,61,59,6,27,30,30,33,36,36,24,24,24,14,67,70,73,73,84,84,95,95,95,95,95,95,95,93,94,94,96,98,99,97,98,98,98,99,98,96,96,97,95,98,101,131,131,133,133,133,133,142,103],"gold":202,"neow_bonus":"","is_daily":false,"chose_seed":false,"campfire_upgraded":5,"win_rate":0.0,"timestamp":1612250691,"path_taken":["M","$","?","M","M","E","R","E","T","E","E","R","E","?","R","BOSS","M","M","$","M","AVR","E","R","NM","T","R","E","R","E","E","R","BOSS","M","M","?","?","$","NM","E","E","T","E","E","AVR","$","?","R","BOSS","R","$","E","BOSS"],"items_purchased_type":["Relic","Relic","Relic","Relic","Card","Card","Relic"],"build_version":"2020-12-22","purchased_purges":5,"victory":true,"max_hp_per_floor":[72,72,72,72,72,72,72,75,75,78,81,81,81,81,81,84,84,87,90,90,93,93,96,96,96,96,96,96,96,96,99,99,99,99,99,101,106,106,106,111,114,116,116,121,123,126,129,131,131,133,133,133,133,142,144],"card_choices":[{"not_picked":["FairyFestival","OSAHOGD","LittlePrince"],"picked":"Singing Bowl","floor":1},{"not_picked":["CrumblingArmor","VoidDream"],"picked":"UniverseFragment","floor":1},{"not_picked":["WheelKick","EmptyFist","MentalFortress"],"picked":"SKIP","floor":1},{"not_picked":["Alriune","Murderer","Scarecrow"],"picked":"Singing Bowl","floor":4},{"not_picked":["Replay:AtTheReady","Collect"],"picked":"BowlingBash","floor":4},{"not_picked":["Replay:ManipulateFuture","Perseverance"],"picked":"Crescendo","floor":4},{"not_picked":["PunishingBird","MHz","FairyFestival"],"picked":"Singing Bowl","floor":5},{"not_picked":["PathToVictory","EmptyFist"],"picked":"Meditate","floor":5},{"not_picked":["Collect","PathToVictory","SignatureMove"],"picked":"SKIP","floor":5},{"not_picked":["HappyTeddy","GalaxyChild","MHz"],"picked":"Singing Bowl","floor":6},{"not_picked":["Ragnarok","Alpha"],"picked":"DeusExMachina","floor":6},{"not_picked":["BeautyBeast","SnowQueen","Scarecrow"],"picked":"Singing Bowl","floor":8},{"not_picked":["Blasphemy","DeusExMachina"],"picked":"Scrawl","floor":8},{"not_picked":["PunishingBird","BigBird","OSAHOGD"],"picked":"Singing Bowl","floor":10},{"not_picked":["SpiritShield","Brilliance"],"picked":"Vault","floor":10},{"not_picked":["Murderer","SilentOrchestra","Mercenary"],"picked":"Singing Bowl","floor":11},{"not_picked":["Yin","Rudolta"],"picked":"Scorched","floor":11},{"not_picked":["Wish","SpiritShield"],"picked":"Scrawl","floor":11},{"not_picked":["Bloodbath","VoidDream","SingingMachine"],"picked":"Singing Bowl","floor":13},{"not_picked":["MasterReality","Scrawl","SpiritShield"],"picked":"SKIP","floor":13},{"not_picked":["SpiritShield","LessonLearned"],"picked":"DevaForm","floor":16},{"not_picked":["OldLady","BodiesMountain","ShyLook"],"picked":"Singing Bowl","floor":16},{"not_picked":["FieryBird","PunishingBird","Porccubus"],"picked":"Singing Bowl","floor":18},{"not_picked":["FollowUp","Replay:LoomingThreat"],"picked":"FlurryOfBlows","floor":18},{"not_picked":["Weave+1","Halt","Crescendo+1"],"picked":"SKIP","floor":18},{"not_picked":["InnerPeace","MentalFortress"],"picked":"Tantrum","floor":19},{"not_picked":["Rudolta","OSAHOGD","Yin"],"picked":"Singing Bowl","floor":19},{"not_picked":["FlurryOfBlows","WaveOfTheHand","Prostrate"],"picked":"SKIP","floor":19},{"not_picked":["Collect","WheelKick"],"picked":"CutThroughFate","floor":21},{"not_picked":["Halt","Pray","WaveOfTheHand+1"],"picked":"SKIP","floor":21},{"not_picked":["QueenBee","Variant","SingingMachine"],"picked":"Singing Bowl","floor":21},{"not_picked":["Halt","Pray","WaveOfTheHand+1"],"picked":"SKIP","floor":21},{"not_picked":["OSAHOGD","LongBird","VoidDream"],"picked":"Singing Bowl","floor":23},{"not_picked":["SpiritShield","Replay:AllIn"],"picked":"DeusExMachina","floor":23},{"not_picked":["Murderer","OSAHOGD","BigBadWolf"],"picked":"Singing Bowl","floor":25},{"not_picked":["Replay:LoomingThreat","SpiritShield","Blasphemy"],"picked":"SKIP","floor":25},{"not_picked":["LongBird","FairyFestival","Yin"],"picked":"Singing Bowl","floor":28},{"not_picked":["ConjureBlade","MasterReality","Establishment"],"picked":"SKIP","floor":28},{"not_picked":["MeatLantern","Wellcheers","Freischutz"],"picked":"Singing Bowl","floor":30},{"not_picked":["LessonLearned","DevaForm","Establishment"],"picked":"SKIP","floor":30},{"not_picked":["LessonLearned","Scrawl"],"picked":"Omniscience","floor":31},{"not_picked":["Wellcheers","ShyLook","Murderer"],"picked":"Singing Bowl","floor":35},{"not_picked":["ClearTheMind+1","BowlingBash","FlyingSleeves+1"],"picked":"SKIP","floor":35},{"not_picked":["InnerPeace","Replay:AtTheReady","Replay:Vibes+1"],"picked":"SKIP","floor":35},{"not_picked":["DeceiveReality+1","EmptyMind","PathToVictory+1"],"picked":"SKIP","floor":36},{"not_picked":["Perseverance+1","Replay:ManipulateFuture","FlurryOfBlows"],"picked":"SKIP","floor":36},{"not_picked":["ShyLook","GreedKing","Woodsman"],"picked":"Singing Bowl","floor":37},{"not_picked":["Establishment","Crescendo"],"picked":"BowlingBash+1","floor":37},{"not_picked":["hubris:InfiniteBlow+121","infinitespire:Gouge"],"picked":"infinitespire:NeuralNetwork","floor":40},{"not_picked":["BigBadWolf","Variant","GreedKing"],"picked":"Singing Bowl","floor":40},{"not_picked":["DevaForm","Blasphemy","Establishment"],"picked":"SKIP","floor":40},{"not_picked":["DevaForm","ConjureBlade","Replay:AllIn"],"picked":"SKIP","floor":41},{"not_picked":["Yin","WhiteNight","Scarecrow"],"picked":"Singing Bowl","floor":42},{"not_picked":["MasterReality","Alpha","SpiritShield"],"picked":"SKIP","floor":42},{"not_picked":["Wish","LessonLearned"],"picked":"Omniscience","floor":44},{"not_picked":["Omniscience","DeusExMachina","SpiritShield"],"picked":"SKIP","floor":45},{"not_picked":["NothingThere","HappyTeddy","Variant"],"picked":"Singing Bowl","floor":48},{"not_picked":["Devotion","Wish","Alpha"],"picked":"SKIP","floor":54},{"not_picked":["Devotion","Wish","Alpha"],"picked":"SKIP","floor":54}],"player_experience":1266407,"relics_obtained":[{"floor":3,"key":"reliquary:Buckler"},{"floor":6,"key":"infinitespire:Golems Mask"},{"floor":8,"key":"Replay:Ringing Soul"},{"floor":9,"key":"Onion Ring"},{"floor":10,"key":"Akabeko"},{"floor":11,"key":"StuffTheSpire:Barrel"},{"floor":13,"key":"hubris:PeanutButter"},{"floor":23,"key":"reliquary:FerryPass"},{"floor":28,"key":"Regal Pillow"},{"floor":30,"key":"aspiration:DSix"},{"floor":31,"key":"Blood Vial"},{"floor":37,"key":"Nunchaku"},{"floor":37,"key":"wanderingMiniBosses:OtherGremlinHorn"},{"floor":40,"key":"Dream Catcher"},{"floor":41,"key":"Blue Doll"},{"floor":42,"key":"War Paint"},{"floor":43,"key":"infinitespire:WardingShard"},{"floor":44,"key":"infinitespire:CursedDice"},{"floor":45,"key":"hubris:FunFungus"},{"floor":48,"key":"infinitespire:Magic Flask"},{"floor":54,"key":"Strawberry"}],"event_choices":[{"damage_healed":0,"gold_gain":0,"player_choice":"Grow","damage_taken":0,"max_hp_gain":0,"max_hp_loss":0,"event_name":"Living Wall","floor":14,"gold_loss":0,"cards_upgraded":["Scrawl"]},{"damage_healed":0,"gold_gain":0,"player_choice":"Fight","damage_taken":0,"max_hp_gain":0,"max_hp_loss":0,"event_name":"MindBloom","floor":48,"gold_loss":0}],"is_beta":false,"boss_relics":[{"not_picked":["StuffTheSpire:RunicHypercube","SlaversCollar"],"picked":"Snecko Eye"},{"not_picked":["energizedSpire:DeadBattery","ReplayTheSpireMod:SealedPack"],"picked":"Fusion Hammer"},{"not_picked":["energizedSpire:OgreHead","halation:SmartPhone"],"picked":"Coffee Dripper"}],"items_purged_floors":[20,22,39,46,47],"is_endless":true,"potions_floor_spawned":[6,8,11,13,19,21,30,40,41,42,44,45,48,55],"ascension_level":5}}