{"host":"bakf0s4odzu8z5xt","time":1612297301,"event":{"mods":["BaseMod","Downfall","Friendly Minions","Minty Spire (QoL Compilation)","StSLib"],"gold_per_floor":[99,109,128,141,161,177,177,194,206,206,238,36,36,52,62,166,166,166,179,196,196,196,196],"floor_reached":21,"language":"ENG","playtime":2134,"items_purged":[],"score":187,"play_id":"ec0edf75-efa8-47da-a7f4-576121c57fdb","local_time":"20210202142141","is_ascension_mode":false,"campfire_choices":[{"data":"champ:Taunt","floor":1,"key":"SMITH"},{"data":"champ:HeartStrike","floor":13,"key":"SMITH"},{"data":"champ:BerserkerStyle","floor":18,"key":"SMITH"}],"circlet_count":0,"master_deck":["champ:Strike","champ:Strike","champ:Strike","champ:Strike","champ:Defend","champ:Defend","champ:Defend","champ:Defend","champ:Execute","champ:Taunt+1","champ:DefensiveStyle","champ:RisingSlash","champ:Endure","champ:HeartStrike+1","champ:RecklessLeap","champ:EnGarde","champ:BerserkerStyle+1","champ:EnchantCrown","champ:ShieldSigil","champ:CrookedStrike","champ:EndlessRage","champ:VampiricStrike","champ:GutPunch","champ:CrookedStrike"],"relics":["champ:ChampionCrownUpgraded","White Beast Statue","Anchor","Membership Card"],"acts_visited":["Exordium","TheCity"],"potions_floor_usage":[9,11,11,16,19],"damage_taken":[{"damage":11,"enemies":"Jaw Worm","floor":2,"turns":4},{"damage":20,"enemies":"Cultist","floor":3,"turns":4},{"damage":0,"enemies":"2 Louse","floor":4,"turns":2},{"damage":10,"enemies":"2 Fungi Beasts","floor":5,"turns":3},{"damage":51,"enemies":"Exordium Wildlife","floor":6,"turns":6},{"damage":38,"enemies":"Lots of Slimes","floor":8,"turns":5},{"damage":30,"enemies":"Exordium Thugs","floor":9,"turns":4},{"damage":63,"enemies":"Gremlin Nob","floor":11,"turns":4},{"damage":38,"enemies":"downfall:FleeingMerchant","floor":12,"turns":4},{"damage":39,"enemies":"3 Louse","floor":14,"turns":4},{"damage":33,"enemies":"Red Slaver","floor":15,"turns":5},{"damage":117,"enemies":"SI_SHIV_ARCHETYPE","floor":16,"turns":10},{"damage":29,"enemies":"Chosen","floor":19,"turns":4},{"damage":58,"enemies":"3 Byrds","floor":20,"turns":4},{"damage":14,"enemies":"downfall:FleeingMerchant","floor":21,"turns":3}],"seed_played":"4191415759415660861","potions_obtained":[{"floor":4,"key":"Block Potion"},{"floor":6,"key":"Dexterity Potion"},{"floor":8,"key":"Fire Potion"},{"floor":9,"key":"champ:OpenerPotion"},{"floor":11,"key":"ColorlessPotion"},{"floor":12,"key":"SpeedPotion"},{"floor":14,"key":"EssenceOfSteel"},{"floor":15,"key":"Slimebound:ThreeZeroPotion"},{"floor":16,"key":"SteroidPotion"},{"floor":19,"key":"Dexterity Potion"},{"floor":20,"key":"champ:CounterPotion"}],"is_trial":false,"path_per_floor":["R","M","M","M","M","M","T","M","M","?","E","$","R","M","M","B",null,"R","M","M","$"],"character_chosen":"THE_CHAMP","items_purchased":["Membership Card","champ:CrookedStrike"],"campfire_rested":0,"item_purchase_floors":[12,12],"current_hp_per_floor":[99,98,98,98,98,87,87,84,84,84,71,71,71,71,58,22,99,99,99,99,99,99,99],"gold":196,"neow_bonus":"TEN_PERCENT_HP_BONUS","is_daily":false,"chose_seed":false,"campfire_upgraded":3,"win_rate":0.0,"timestamp":1612297301,"path_taken":["R","M","M","M","M","M","T","M","M","?","E","?","R","M","M","BOSS","R","M","M","?"],"items_purchased_type":["Relic","Card"],"build_version":"2020-12-22","purchased_purges":0,"victory":false,"max_hp_per_floor":[99,99,99,99,99,99,99,99,99,99,99,99,99,99,99,99,99,99,99,99,99,99,99],"card_choices":[{"not_picked":["champ:BerserkersShout","champ:AdrenalArmor"],"picked":"champ:DefensiveStyle","floor":2},{"not_picked":["champ:Shatter","champ:BerserkerStyle"],"picked":"champ:RisingSlash","floor":3},{"not_picked":["champ:ShieldSlam","champ:DefensiveStyle"],"picked":"champ:Endure","floor":4},{"not_picked":["champ:TornadoPunch","champ:FlashCut"],"picked":"champ:HeartStrike","floor":5},{"not_picked":["champ:BladeFlurry","champ:Haymaker"],"picked":"champ:RecklessLeap","floor":6},{"not_picked":["champ:DefensiveStyle","champ:BerserkersShout"],"picked":"champ:EnGarde","floor":8},{"not_picked":["champ:FlashCut","champ:SkillfulDodge"],"picked":"champ:BerserkerStyle","floor":9},{"not_picked":["champ:Haymaker","champ:Shatter"],"picked":"champ:EnchantCrown","floor":11},{"not_picked":["champ:BerserkersShout","champ:Haymaker"],"picked":"champ:ShieldSigil","floor":12},{"not_picked":["champ:DefensiveShout","champ:GutPunch","champ:StanceDance"],"picked":"SKIP","floor":14},{"not_picked":["champ:HeartStrike","champ:TornadoPunch"],"picked":"champ:EndlessRage","floor":15},{"not_picked":["champ:LastStand","champ:EnchantCrown"],"picked":"champ:VampiricStrike","floor":16},{"not_picked":["champ:FalseCounter","champ:ArenaPreparation"],"picked":"champ:GutPunch","floor":19},{"not_picked":["champ:CrownThrow","champ:BladeFlurry"],"picked":"champ:CrookedStrike","floor":20}],"player_experience":2058006,"relics_obtained":[{"floor":7,"key":"White Beast Statue"},{"floor":11,"key":"Anchor"}],"event_choices":[],"is_beta":false,"boss_relics":[{"not_picked":["Black Star","Runic Pyramid"],"picked":"champ:ChampionCrownUpgraded"}],"items_purged_floors":[],"is_endless":false,"potions_floor_spawned":[4,6,8,9,11,12,14,15,16,19,20],"killed_by":"downfall:FleeingMerchant","ascension_level":0}}