{"host":"1vzdexsn8vtq5lt7","time":1612254341,"event":{"mods":["Act Like it!","BaseMod","Colored Map","Colored Powertips","Conspire","Downfall","Easy Mod","Energized Spire","Minty Spire (QoL Compilation)","Quick Restart","Relic Stats","Replay The Spire","StSLib","SuperFastMode","TestMod","【功能Mod】Neow奖励","【功能Mod】混沌之环修复补丁","【功能Mod】精心准备","【遗物卡牌】REMEMod","没有小屋子和绿帽子啦"],"gold_per_floor":[119,119,137,137,137,172,172,172,172],"floor_reached":8,"language":"ZHS","playtime":247,"items_purged":[],"score":89,"play_id":"e8847e94-005a-4d1a-96f1-6e1ad6883290","local_time":"20210202162541","is_ascension_mode":true,"campfire_choices":[{"data":"ReplayTheSpireMod:Necrogeddon","floor":7,"key":"SMITH"}],"circlet_count":0,"master_deck":["EasyMod:card_1","AscendersBane","Strike_G","Strike_G","Strike_G","Strike_G","Defend_G","Defend_G","Defend_G","Defend_G","Defend_G","Survivor","Neutralize","ReplayTheSpireMod:Necrogeddon+1","Backflip","Choke+1","Hidden Blade"],"relics":["REME_ComplimentaryCards","testmod-CardMagician","Coffee Dripper","Ring of Chaos","testmod-Maize"],"acts_visited":["Exordium"],"potions_floor_usage":[],"damage_taken":[{"damage":0,"enemies":"Small Slimes","floor":1,"turns":4},{"damage":0,"enemies":"Cultist","floor":3,"turns":4},{"damage":64,"enemies":"Replay:BlueRogue","floor":6,"turns":11},{"damage":7,"enemies":"3 Sentries","floor":8,"turns":2}],"seed_played":"1714842336886851584","potions_obtained":[],"is_trial":false,"path_per_floor":["M","?","M","?","?","E","R","E"],"character_chosen":"THE_SILENT","items_purchased":[],"campfire_rested":0,"item_purchase_floors":[],"current_hp_per_floor":[66,66,66,66,66,3,3,0,0],"gold":172,"neow_bonus":"BOSS_RELIC","is_daily":false,"chose_seed":false,"campfire_upgraded":1,"win_rate":0.0,"timestamp":1612254341,"path_taken":["M","?","?","?","?","E","R","E"],"items_purchased_type":[],"build_version":"2020-12-22","purchased_purges":0,"victory":false,"max_hp_per_floor":[70,70,70,70,70,70,70,70,70],"relic_stats":{"counters":[4,21],"obtain_stats":[{"testmod-Maize":6,"testmod-TestBox":0,"testmod-CardMagician":0,"Ring of Chaos":0,"Coffee Dripper":0,"Ring of the Snake":0,"REME_ComplimentaryCards":0},{"testmod-Maize":3,"testmod-TestBox":0,"testmod-CardMagician":0,"Ring of Chaos":0,"Coffee Dripper":0,"Ring of the Snake":0,"REME_ComplimentaryCards":0},{"testmod-Maize":19,"testmod-TestBox":0,"testmod-CardMagician":0,"Ring of Chaos":0,"Coffee Dripper":0,"Ring of the Snake":0,"REME_ComplimentaryCards":0}]},"card_choices":[{"not_picked":["Dodge and Roll","Acrobatics"],"picked":"Backflip","floor":1},{"not_picked":["Outmaneuver","Poisoned Stab"],"picked":"Choke","floor":3},{"not_picked":["Backflip","ReplayTheSpireMod:Speed Training"],"picked":"Hidden Blade","floor":6}],"player_experience":253829,"relics_obtained":[{"floor":6,"key":"testmod-Maize"}],"event_choices":[{"cards_removed":["Strike_G"],"damage_healed":0,"gold_gain":0,"player_choice":"Offered Basic","damage_taken":0,"max_hp_gain":0,"max_hp_loss":0,"event_name":"Bonfire Elementals","floor":2,"gold_loss":0},{"damage_healed":0,"gold_gain":0,"player_choice":"Grow","damage_taken":0,"max_hp_gain":0,"max_hp_loss":0,"event_name":"Living Wall","floor":4,"gold_loss":0,"cards_upgraded":["Choke"]}],"is_beta":false,"boss_relics":[],"items_purged_floors":[],"is_endless":false,"potions_floor_spawned":[],"killed_by":"3 Sentries","ascension_level":13}}