{"host":"i9wanet4r0ff4t9y","time":1612260686,"event":{"mods":["2.2 Compatiblity","Act Like it!","BaseMod","Bestiary","Better Altar","Better Match","Better Note","Better Sensory Stone","Better Skull","Better Third Choice","Better Vampires","BetterRewards","CapriCore","Colored Map","Curses Come First","Downfall","Minty Spire (QoL Compilation)","Quick Restart","READ ME - Guardian Mod","READ ME - Snecko Mod","Relic Stats","Reliquary","Say the Spire","Spicy Shops","StSLib","The Disciple","The Gatherer","Waifu the Spire"],"gold_per_floor":[138,138,183,183,221,247,247,247,247,247,247,299,299,349,349,471,471,513,713,729,740,26,26,52,69,69,69,69,88,121,121,121,221,221,268,281,299,299,299,299],"floor_reached":39,"language":"POL","playtime":1199,"items_purged":[],"score":699,"play_id":"2071d258-f3e2-4d1f-994b-67b04da42a83","local_time":"20210202111126","is_ascension_mode":true,"campfire_choices":[{"floor":7.0,"key":"REST"},{"floor":10.0,"key":"REST"},{"floor":13.0,"key":"REST"},{"data":"Wish","floor":15.0,"key":"SMITH"},{"floor":23,"key":"REST"},{"floor":28,"key":"REST"},{"data":"Devotion","floor":32,"key":"SMITH"}],"circlet_count":0,"master_deck":["Strike_P","Strike_P","Strike_P","Defend_P","Defend_P","Defend_P","Defend_P","Eruption","Vigilance","HandOfGreed","Enlightenment","Wish+1","EmptyFist","MentalFortress","FlyingSleeves","CrushJoints","Apotheosis+1","ThirdEye","DeusExMachina","JustLucky","Protect","EmptyFist","Alpha","EmptyBody","LikeWater+1","Protect+1","Mayhem","Establishment","FearNoEvil+1","Doubt","Clumsy","Protect+1","Devotion+1","Devotion","Omniscience","PathToVictory","EmptyFist","ClearTheMind+1"],"relics":["HolyWater","HandDrill","Sling","Pantograph","reliquary:NewFriend","Strawberry","Mercury Hourglass","downfall:ExtraCursedKey","Unceasing Top","Happy Flower","reliquary:Craggleroot","Gremlin Horn","ClockworkSouvenir","Bag of Marbles","Bronze Scales","reliquary:WeakTea","sneckomod:BabySnecko","reliquary:Boomerang","Spirit Poop"],"acts_visited":["Exordium","TheCity","TheBeyond"],"potions_floor_usage":[24,24,29,33,33],"damage_taken":[{"damage":7.0,"enemies":"Small Slimes","floor":1.0,"turns":3.0},{"damage":0.0,"enemies":"2 Louse","floor":3.0,"turns":2.0},{"damage":0.0,"enemies":"Jaw Worm","floor":5.0,"turns":2.0},{"damage":0.0,"enemies":"Gremlin Nob","floor":6.0,"turns":2.0},{"damage":5.0,"enemies":"3 Sentries","floor":12.0,"turns":4.0},{"damage":0.0,"enemies":"Lagavulin","floor":14.0,"turns":4.0},{"damage":0.0,"enemies":"The Guardian","floor":16.0,"turns":7.0},{"damage":16.0,"enemies":"3 Byrds","floor":18.0,"turns":5.0},{"damage":4,"enemies":"Shell Parasite","floor":20,"turns":3},{"damage":13,"enemies":"Snecko","floor":21,"turns":6},{"damage":0,"enemies":"Gremlin Leader","floor":24,"turns":4},{"damage":17,"enemies":"Shelled Parasite and Fungi","floor":25,"turns":5},{"damage":1,"enemies":"3 Cultists","floor":29,"turns":4},{"damage":14,"enemies":"Book of Stabbing","floor":30,"turns":5},{"damage":22,"enemies":"Automaton","floor":33,"turns":9},{"damage":32,"enemies":"3 Shapes","floor":35,"turns":4},{"damage":4,"enemies":"Orb Walker","floor":36,"turns":5},{"damage":15,"enemies":"Maw","floor":37,"turns":7},{"damage":30,"enemies":"Transient","floor":39,"turns":3}],"seed_played":"-3497282154951981129","potions_obtained":[{"floor":1.0,"key":"Fire Potion"},{"floor":5.0,"key":"SpeedPotion"},{"floor":14.0,"key":"EssenceOfSteel"},{"floor":21,"key":"SkillPotion"},{"floor":24,"key":"LiquidBronze"},{"floor":25,"key":"Slimebound:ThreeZeroPotion"}],"is_trial":false,"path_per_floor":["M","?","M","?","M","E","R","?","T","R","?","E","R","E","R","B",null,"M","?","M","M","$","R","E","M","T","?","R","M","E","?","R","B",null,"M","M","M","?","M"],"character_chosen":"WATCHER","items_purchased":["HandDrill","Sling","HandOfGreed","Enlightenment","Wish","EmptyFist","MentalFortress","FlyingSleeves","Gremlin Horn","ClockworkSouvenir","Mayhem","Bag of Marbles"],"campfire_rested":5,"item_purchase_floors":[0,0,0,0,0,0,0,0,22,22,22,22],"current_hp_per_floor":[33,33,33,8,8,8,29,36,36,59,59,54,77,77,77,79,79,63,63,59,46,46,69,69,52,52,52,75,74,60,60,60,57,79,47,43,28,28,0,0],"gold":299,"neow_bonus":"","is_daily":false,"chose_seed":false,"campfire_upgraded":2,"win_rate":0.0,"timestamp":1612260686,"path_taken":["M","?","M","?","M","E","R","?","T","R","?","E","R","E","R","BOSS","M","?","?","M","$","R","E","M","T","?","R","M","E","?","R","BOSS","M","M","?","?","?"],"items_purchased_type":["Relic","Relic","Card","Card","Card","Card","Card","Card","Relic","Relic","Card","Relic"],"build_version":"2020-12-22","purchased_purges":0,"victory":false,"max_hp_per_floor":[72,72,72,72,72,72,72,79,79,79,79,79,79,79,79,79,79,79,79,79,79,79,79,79,79,79,79,79,79,79,79,79,79,79,79,79,79,79,79,79],"relic_stats":{"Happy Flower":[22],"Gremlin Horn":[10,10],"counters":[19,84],"Pantograph":21,"Bronze Scales":[132],"HandDrill":[18],"obtain_stats":[{"reliquary:Boomerang":30,"Happy Flower":14,"Gremlin Horn":22,"Spirit Poop":38,"reliquary:WeakTea":26,"Sling":0,"Mercury Hourglass":9,"ClockworkSouvenir":22,"sneckomod:BabySnecko":27,"Pantograph":4,"Strawberry":8,"Bronze Scales":24,"reliquary:Craggleroot":17,"HolyWater":34,"reliquary:NewFriend":6,"downfall:ExtraCursedKey":11,"HandDrill":0,"Bag of Marbles":22,"PureWater":0,"Unceasing Top":12},{"reliquary:Boomerang":14,"Happy Flower":6,"Gremlin Horn":10,"Spirit Poop":18,"reliquary:WeakTea":12,"Sling":0,"Mercury Hourglass":4,"ClockworkSouvenir":10,"sneckomod:BabySnecko":12,"Pantograph":2,"Strawberry":4,"Bronze Scales":11,"reliquary:Craggleroot":7,"HolyWater":15,"reliquary:NewFriend":4,"downfall:ExtraCursedKey":4,"HandDrill":0,"Bag of Marbles":10,"PureWater":0,"Unceasing Top":5},{"reliquary:Boomerang":56,"Happy Flower":17,"Gremlin Horn":38,"Spirit Poop":81,"reliquary:WeakTea":47,"Sling":0,"Mercury Hourglass":9,"ClockworkSouvenir":38,"sneckomod:BabySnecko":47,"Pantograph":5,"Strawberry":9,"Bronze Scales":42,"reliquary:Craggleroot":24,"HolyWater":65,"reliquary:NewFriend":9,"downfall:ExtraCursedKey":9,"HandDrill":0,"Bag of Marbles":38,"PureWater":0,"Unceasing Top":13}],"Unceasing Top":[3],"Mercury Hourglass":[303]},"card_choices":[{"not_picked":["BowlingBash","BattleHymn"],"picked":"CrushJoints","floor":1.0},{"not_picked":["FlyingSleeves","Crescendo"],"picked":"ThirdEye","floor":3.0},{"not_picked":["EmptyFist","EmptyBody"],"picked":"DeusExMachina","floor":5.0},{"not_picked":["EmptyBody","Evaluate"],"picked":"JustLucky","floor":6.0},{"not_picked":["BowlingBash","MentalFortress"],"picked":"Protect","floor":12.0},{"not_picked":["ClearTheMind","Meditate"],"picked":"EmptyFist","floor":14.0},{"not_picked":["LessonLearned","MasterReality"],"picked":"Alpha","floor":16.0},{"not_picked":["Crescendo+1","Adaptation+1"],"picked":"EmptyBody","floor":18.0},{"not_picked":["Tantrum","Crescendo"],"picked":"LikeWater+1","floor":20},{"not_picked":["FlurryOfBlows","MentalFortress"],"picked":"Protect+1","floor":21},{"not_picked":["Protect","FlurryOfBlows"],"picked":"Establishment","floor":24},{"not_picked":["CutThroughFate","ThirdEye+1"],"picked":"FearNoEvil+1","floor":25},{"not_picked":["CrushJoints","Indignation"],"picked":"Protect+1","floor":29},{"not_picked":["BowlingBash+1","WreathOfFlame+1"],"picked":"Devotion","floor":30},{"not_picked":["Blasphemy","LessonLearned"],"picked":"Omniscience","floor":33},{"not_picked":["Crescendo","Weave"],"picked":"PathToVictory","floor":35},{"not_picked":["Adaptation+1","CutThroughFate"],"picked":"EmptyFist","floor":36},{"not_picked":["FlurryOfBlows+1","Protect"],"picked":"ClearTheMind+1","floor":37}],"player_experience":472221,"relics_obtained":[{"floor":6.0,"key":"reliquary:NewFriend"},{"floor":9.0,"key":"Mercury Hourglass"},{"floor":12.0,"key":"Unceasing Top"},{"floor":14.0,"key":"Happy Flower"},{"floor":24,"key":"Bronze Scales"},{"floor":26,"key":"reliquary:WeakTea"},{"floor":30,"key":"reliquary:Boomerang"}],"event_choices":[{"damage_healed":33.0,"max_hp_gain":0.0,"max_hp_loss":72.0,"gold_gain":0.0,"event_name":"betterThird:BetterShining","player_choice":"Embrace","floor":2.0,"gold_loss":0.0,"damage_taken":0.0},{"damage_healed":0.0,"max_hp_gain":0.0,"max_hp_loss":0.0,"gold_gain":0.0,"event_name":"betterThird:BetterScrap","player_choice":"Relic ","floor":4.0,"gold_loss":0.0,"damage_taken":25.0,"cards_obtained":["Fusion"]},{"damage_healed":0.0,"max_hp_gain":0.0,"max_hp_loss":0.0,"gold_gain":0.0,"event_name":"Dead Adventurer","player_choice":"Searched \u00272\u0027 times","floor":8.0,"gold_loss":0.0,"damage_taken":0.0,"relics_obtained":["Strawberry"]},{"damage_healed":0,"gold_gain":250,"player_choice":"Bet on Owner","damage_taken":0,"max_hp_gain":0,"max_hp_loss":0,"event_name":"The Joust","floor":19,"gold_loss":50},{"damage_healed":0,"gold_gain":0,"player_choice":"Copied","damage_taken":0,"max_hp_gain":0,"max_hp_loss":0,"event_name":"Duplicator","floor":31,"gold_loss":0,"cards_obtained":["Devotion"]},{"cards_removed":["downfall:Bewildered"],"damage_healed":0,"gold_gain":0,"player_choice":"Offered Curse","damage_taken":0,"relics_obtained":["Spirit Poop"],"max_hp_gain":0,"max_hp_loss":0,"event_name":"Bonfire Elementals","floor":38,"gold_loss":0}],"is_beta":false,"boss_relics":[{"not_picked":["Runic Pyramid","Snecko Eye"],"picked":"reliquary:Craggleroot"},{"not_picked":["Velvet Choker","SacredBark"],"picked":"HolyWater"}],"items_purged_floors":[],"is_endless":false,"potions_floor_spawned":[1,5,14,21,24,25],"killed_by":"Transient","ascension_level":3}}