{"host":"gf8hyl7jhl0is674","time":1612294443,"event":{"mods":["2.2 Compatiblity","Act Like it!","Aspiration","BaseMod","CapriCore","Chen","Colored Map","Gensokyo","Hallownest","Jorbs\u0027s Wanderer Trilogy","Koishi","Marisa????????","Minty Spire (QoL Compilation)","Onozuka Komachi Mod","Permanent Neow","Reimu??????","StSLib","The Administrix","The Blue Laboratory","The Immortal","The Jungle","The Servant 0.9.4","Waifu the Spire","Yakumo Yukari mod"],"gold_per_floor":[109,109,135,153,171,205,205,205,278,278,297,310,337,348,348,450,450,467,30,49,49,61,92,92,142,142,160,172,188,44,64,64,165,165,176,176,190,217,217,217,236,236,236,91,91,106,106,138,138,138,138,138,7,34,34],"floor_reached":56,"language":"ENG","playtime":4874,"items_purged":["Strike_P","Vigilance"],"score":1394,"play_id":"69d83fb4-5b51-4e60-9fb6-d2d75ca11351","local_time":"20210202123403","is_ascension_mode":false,"campfire_choices":[{"data":"Eruption","floor":8,"key":"SMITH"},{"floor":10,"key":"REST"},{"floor":15,"key":"RECALL"},{"data":"LessonLearned","floor":24,"key":"SMITH"},{"data":"Wallop","floor":32,"key":"SMITH"},{"data":"Wireheading","floor":40,"key":"SMITH"},{"data":"Scrawl","floor":45,"key":"SMITH"},{"data":"SashWhip","floor":49,"key":"SMITH"},{"data":"FlurryOfBlows","floor":52,"key":"SMITH"}],"circlet_count":0,"master_deck":["Strike_P+1","Strike_P+1","Strike_P+1","Defend_P+1","Defend_P","Eruption+1","EmptyBody+1","SashWhip+1","CrushJoints+1","FlurryOfBlows+1","CarveReality","Study+1","Wireheading+1","Protect+1","LessonLearned+1","DeceiveReality+1","Weave+1","Shame","Wallop+1","Scrawl+1","Rewind+1","Manipulate","ThirdEye+1","RealityMarble+1","Reset+1","DevaForm"],"relics":["Sozu","Ancient Tea Set","Bottled Flame","Hallownest:DreamNailRelic","Potion Belt","Coffee Dripper","aspiration:ChemicalBlood","Bronze Scales","theJungle:PaperFaux","Darkstone Periapt","Tiny Chest","Lee\u0027s Waffle","aspiration:ServantSkillbook","Happy Flower","Hallownest:BeastSealRelic","HornCleat","Anchor","Dream Catcher","Smiling Mask","Lantern"],"acts_visited":["Hallownest:Greenpath","Hallownest:Greenpath","Hallownest:KingdomsEdge","TheEnding"],"potions_floor_usage":[],"damage_taken":[{"damage":0,"enemies":"Hallownest:monsterHuskGuard","floor":1,"turns":2},{"damage":0,"enemies":"Hallownest:eliteMossKnight","floor":3,"turns":3},{"damage":0,"enemies":"Hallownest:monsterHuskWarrior","floor":4,"turns":3},{"damage":1,"enemies":"Hallownest:2_Baldur","floor":5,"turns":3},{"damage":43,"enemies":"Hallownest:eliteMossKnight","floor":6,"turns":8},{"damage":1,"enemies":"Hallownest:monsterFoolEater","floor":11,"turns":2},{"damage":0,"enemies":"Hallownest:monsterAspidMother","floor":12,"turns":5},{"damage":8,"enemies":"Hallownest:eliteCrystalGuardian","floor":13,"turns":5},{"damage":5,"enemies":"Hallownest:2_Tiktiks_1_Baldur_1_Crawlid","floor":14,"turns":5},{"damage":18,"enemies":"Hallownest:BossBrokenVessel","floor":16,"turns":7},{"damage":18,"enemies":"theJungle:MUSHROOMGANG","floor":18,"turns":4},{"damage":0,"enemies":"theJungle:GiantWrat","floor":20,"turns":4},{"damage":9,"enemies":"Snake Plant","floor":22,"turns":3},{"damage":23,"enemies":"theJungle:2_Phrogs","floor":23,"turns":7},{"damage":0,"enemies":"theJungle:2_Snecko_Cultists","floor":27,"turns":4},{"damage":1,"enemies":"theJungle:Lyon","floor":28,"turns":5},{"damage":3,"enemies":"theJungle:JungleHuntersEncounter","floor":29,"turns":5},{"damage":2,"enemies":"theJungle:SlimyTreeVines","floor":31,"turns":6},{"damage":0,"enemies":"theJungle:FunGuy","floor":33,"turns":10},{"damage":21,"enemies":"Hallownest:2_Littles","floor":35,"turns":5},{"damage":0,"enemies":"Hallownest:3_Siblings","floor":37,"turns":8},{"damage":0,"enemies":"Hallownest:monsterPrimalAspid","floor":41,"turns":4},{"damage":0,"enemies":"Hallownest:2_Wing_and_1_Kings","floor":46,"turns":7},{"damage":0,"enemies":"Hallownest:eliteCollector","floor":48,"turns":11},{"damage":0,"enemies":"Hallownest:Radiance","floor":50,"turns":10},{"damage":11,"enemies":"Shield and Spear","floor":54,"turns":9},{"damage":29,"enemies":"The Heart","floor":55,"turns":9}],"seed_played":"8973304327292608891","potions_obtained":[],"is_trial":false,"path_per_floor":["M","?","?","M","M","E","?","R","T","R","M","M","E","M","R","B",null,"M","$","M","?","M","E","R","?","T","M","M","M","$","M","R","B",null,"M","?","M","T","?","R","M","?","T","$","R","M","T","E","R","B",null,"R","$","E","B",null],"character_chosen":"WATCHER","items_purchased":["aspiration:ChemicalBlood","Weave","Bronze Scales","Lee\u0027s Waffle","Anchor","DevaForm"],"campfire_rested":1,"item_purchase_floors":[19,19,19,30,44,53],"current_hp_per_floor":[72,65,65,65,64,21,21,21,21,40,39,39,31,26,26,8,65,47,47,47,47,38,15,15,6,6,6,5,2,72,71,71,71,72,51,58,58,58,58,58,58,58,58,58,58,58,58,58,58,58,72,72,72,61,32],"gold":34,"neow_bonus":"BOSS_RELIC","is_daily":false,"chose_seed":false,"campfire_upgraded":7,"win_rate":0.0,"timestamp":1612294443,"path_taken":["M","?","?","M","M","E","?","R","T","R","M","M","E","M","R","BOSS","M","$","M","?","M","E","R","?","T","?","M","M","$","M","R","BOSS","M","?","?","?","?","R","M","?","T","?","R","M","?","E","R","BOSS","R","$","E","BOSS"],"items_purchased_type":["Relic","Card","Relic","Relic","Relic","Card"],"build_version":"2020-12-22","purchased_purges":2,"victory":true,"max_hp_per_floor":[72,65,65,65,65,65,65,65,65,65,65,65,65,65,65,65,65,65,65,65,65,65,65,65,65,65,65,65,65,72,72,72,72,72,72,72,72,72,72,72,72,72,72,72,72,72,72,72,72,72,72,72,72,72,72],"card_choices":[{"not_picked":["Crescendo","Indignation"],"picked":"EmptyBody","floor":1},{"not_picked":["CutThroughFate","EmptyMind"],"picked":"SashWhip","floor":3},{"not_picked":["ClearTheMind","Prostrate"],"picked":"CrushJoints","floor":4},{"not_picked":["Protect","PathToVictory"],"picked":"FlurryOfBlows","floor":5},{"not_picked":["CarveReality","BowlingBash","TalkToTheHand"],"picked":"SKIP","floor":6},{"not_picked":["BowlingBash","TalkToTheHand"],"picked":"CarveReality","floor":6},{"not_picked":["Devotion","Prostrate"],"picked":"Study","floor":11},{"not_picked":["FollowUp","WaveOfTheHand"],"picked":"Wireheading","floor":12},{"not_picked":["Crescendo","Consecrate"],"picked":"Protect","floor":13},{"not_picked":["PathToVictory","Conclude","Tantrum"],"picked":"SKIP","floor":14},{"not_picked":["Scrawl","MasterReality"],"picked":"LessonLearned","floor":16},{"not_picked":["EmptyFist","JustLucky"],"picked":"DeceiveReality+1","floor":18},{"not_picked":["Swivel+1","Study+1","SandsOfTime"],"picked":"SKIP","floor":20},{"not_picked":["Pray","EmptyMind+1"],"picked":"Wallop","floor":22},{"not_picked":["EmptyFist+1","ClearTheMind","FollowUp"],"picked":"SKIP","floor":23},{"not_picked":["Evaluate","BattleHymn","ReachHeaven"],"picked":"SKIP","floor":27},{"not_picked":["Worship","PathToVictory","Adaptation"],"picked":"SKIP","floor":28},{"not_picked":["Sanctity","TalkToTheHand","SignatureMove"],"picked":"SKIP","floor":29},{"not_picked":["Swivel+1","SignatureMove+1","LikeWater"],"picked":"SKIP","floor":31},{"not_picked":["DeusExMachina","Judgement"],"picked":"Scrawl","floor":33},{"not_picked":["DoubleEdge+1","LikeWater+1","Swivel"],"picked":"Rewind+1","floor":35},{"not_picked":["Rewind+1","Worship+1","Replace"],"picked":"Manipulate","floor":37},{"not_picked":["EmptyFist","Manipulate+1","PathToVictory+1"],"picked":"ThirdEye+1","floor":41},{"not_picked":["Prostrate+1","StarChef","Replace"],"picked":"RealityMarble","floor":46},{"not_picked":["Revamp","Evaluate","Prostrate"],"picked":"Reset","floor":48},{"not_picked":["FlyingSleeves","Prostrate","Wallop+1","Crescendo"],"picked":"SKIP","floor":54}],"player_experience":402125,"relics_obtained":[{"floor":3,"key":"Ancient Tea Set"},{"floor":6,"key":"Bottled Flame"},{"floor":13,"key":"Potion Belt"},{"floor":23,"key":"Darkstone Periapt"},{"floor":26,"key":"Tiny Chest"},{"floor":38,"key":"Happy Flower"},{"floor":43,"key":"HornCleat"},{"floor":47,"key":"Dream Catcher"},{"floor":48,"key":"Smiling Mask"},{"floor":54,"key":"Lantern"}],"event_choices":[],"is_beta":false,"boss_relics":[{"not_picked":["RedLine:ReiMu","SlaversCollar"],"picked":"Coffee Dripper"},{"not_picked":["Snecko Eye","aspiration:SecretTechniqueScroll"],"picked":"aspiration:ServantSkillbook"}],"items_purged_floors":[19,53],"is_endless":false,"potions_floor_spawned":[3,4,5,12,13,20,28,29,35,37,48,54],"ascension_level":0}}