{"host":"r9v0g0iwbsx9dzwu","time":1612280189,"event":{"mods":["ATMod(阿瑾Mod)","Aspiration","BaseMod","Minty Spire (QoL Compilation)","MostiFishMod","Reliquary","Replay The Spire","RumiaBox-露米娅的神秘盒子","StSLib","TestMod","[IsaacMod]以撒尖塔","【功能Mod】聪明的最终Boss","【遗物卡牌】REMEMod"],"gold_per_floor":[116,133,156,170,170,197,197,238,261,261,287,287,305,342,342,421,421,438,196,196,216,216,216,236,252,305,305,331,61,100,100,100,100,100],"floor_reached":33,"language":"ZHS","playtime":712,"items_purged":["Strike_B","Strike_B","Strike_B"],"score":774,"play_id":"98cced17-805d-4a45-a2d8-096b13644623","local_time":"20210202233629","is_ascension_mode":true,"campfire_choices":[{"data":"ReplayTheSpireMod:Omega Cannon","floor":7.0,"key":"SMITH"},{"data":"Coolheaded","floor":12.0,"key":"SMITH"},{"data":"Coolheaded","floor":15.0,"key":"SMITH"},{"data":"MostiFishMod:IntelligentEquipment","floor":23.0,"key":"SMITH"}],"circlet_count":0,"master_deck":["AscendersBane","Defend_B","Defend_B+1","Defend_B+1","Defend_B","Zap","Dualcast","ReplayTheSpireMod:Omega Cannon+1","AT_DarkMatter","Coolheaded+1","Coolheaded+1","MostiFishMod:IntelligentEquipment+1","Capacitor","Undo"],"relics":["Cracked Core","AT_ATBox","DaveBox","testmod-TestBox","HushsDoor","REME_ComplimentaryCards","BelialBook","testmod-TheFather","Chemical X","Pocketwatch","Baka2","Geode","AT_ImmortalShieldbow","Shuriken","Sozu","Damocles","Simple Rune","reliquary:WeakTea","reliquary:TatteredRug","aspiration:ArtOfWarUpgrade","reliquary:SilkGlove","Gremlin Food","Replay:Bottled Snecko","testmod-InfectionSource","AT_SilverBalance","reliquary:Firecrackers","aspiration:SeaSaltIceCream","MetatronsCube"],"acts_visited":["TheCity"],"potions_floor_usage":[],"damage_taken":[{"damage":0.0,"enemies":"Jaw Worm","floor":1.0,"turns":1.0},{"damage":0.0,"enemies":"2 Louse","floor":2.0,"turns":1.0},{"damage":0.0,"enemies":"Cultist","floor":3.0,"turns":1.0},{"damage":0.0,"enemies":"2 Fungi Beasts","floor":4.0,"turns":1.0},{"damage":0.0,"enemies":"Gremlin Nob","floor":6.0,"turns":2.0},{"damage":23.0,"enemies":"Lagavulin","floor":8.0,"turns":4.0},{"damage":0.0,"enemies":"Large Slime","floor":11.0,"turns":2.0},{"damage":17.0,"enemies":"Blue Slaver","floor":13.0,"turns":3.0},{"damage":8.0,"enemies":"3 Sentries","floor":14.0,"turns":2.0},{"damage":0.0,"enemies":"Hexaghost","floor":16.0,"turns":2.0},{"damage":0.0,"enemies":"Spheric Guardian","floor":18.0,"turns":3.0},{"damage":0.0,"enemies":"2 Thieves","floor":21.0,"turns":1.0},{"damage":6.0,"enemies":"Shelled Parasite and Fungi","floor":24.0,"turns":3.0},{"damage":0,"enemies":"Cultist and Chosen","floor":25,"turns":2},{"damage":0,"enemies":"Centurion and Healer","floor":28,"turns":3},{"damage":9,"enemies":"Gremlin Leader","floor":30,"turns":3},{"damage":4,"enemies":"Pondfish","floor":33,"turns":1}],"seed_played":"1291869131817742763","potions_obtained":[{"floor":2.0,"key":"LiquidMemories"},{"floor":6.0,"key":"SpeedPotion"},{"floor":11.0,"key":"Energy Potion"}],"is_trial":false,"path_per_floor":["M","M","M","M","?","E","R","E","T","?","M","R","M","E","R","B",null,"M","$","?","M","?","R","M","M","T","R","M","$","E","T","R","B"],"character_chosen":"DEFECT","items_purchased":["Damocles","reliquary:WeakTea","testmod-InfectionSource"],"campfire_rested":0,"item_purchase_floors":[17,19,29],"current_hp_per_floor":[46,46,46,46,46,46,46,32,32,32,32,32,32,24,24,24,48,56,56,56,56,56,56,50,50,50,50,50,50,43,43,43,0,0],"gold":100,"neow_bonus":"ONE_RARE_RELIC","is_daily":false,"chose_seed":false,"campfire_upgraded":4,"win_rate":0.0,"timestamp":1612280189,"path_taken":["M","M","M","M","?","E","R","E","T","?","?","R","M","E","R","BOSS","M","$","?","?","?","R","M","M","T","R","M","$","E","?","R","BOSS"],"items_purchased_type":["Relic","Relic","Relic"],"build_version":"2020-12-22","purchased_purges":3,"victory":false,"max_hp_per_floor":[71,71,71,71,71,71,71,71,71,71,71,71,71,71,71,71,56,56,56,56,56,56,56,56,56,56,56,56,56,56,56,56,56,56],"card_choices":[{"not_picked":["Rebound","AT_HeatAcrobatics","Consume"],"picked":"SKIP","floor":1.0},{"not_picked":["MostiFishMod:LinkProtocol","Streamline"],"picked":"Coolheaded","floor":2.0},{"not_picked":["Barrage","Panic Button","Turbo"],"picked":"SKIP","floor":3.0},{"not_picked":["Stack","Hologram"],"picked":"Coolheaded","floor":4.0},{"not_picked":["MostiFishMod:Impulse","ReplaySort","Steam"],"picked":"SKIP","floor":6.0},{"not_picked":["MostiFishMod:Overload","Double Energy"],"picked":"MostiFishMod:IntelligentEquipment","floor":8.0},{"not_picked":["Gash","Hologram","AT_HeatAcrobatics"],"picked":"SKIP","floor":11.0},{"not_picked":["Cancel","Sweeping Beam","Coolheaded"],"picked":"SKIP","floor":13.0},{"not_picked":["AT_WarpDrive","MostiFishMod:LinkProtocol","Redo"],"picked":"SKIP","floor":14.0},{"not_picked":["Barrage","Tempest"],"picked":"Undo","floor":18.0},{"not_picked":["BasicCrystalCard","AT_HeatAcrobatics+1","Machine Learning"],"picked":"SKIP","floor":21.0},{"not_picked":["AT_HeatAcrobatics","MostiFishMod:PushDownKick","Beam Cell"],"picked":"SKIP","floor":24.0},{"not_picked":["Panic Button","Turbo","AT_ThunderBolt"],"picked":"SKIP","floor":25},{"not_picked":["Rebound","MostiFishMod:PushDownKick","Barrage+1"],"picked":"SKIP","floor":28},{"not_picked":["Coolheaded","Panic Button","AT_ThreeBodyProblem"],"picked":"SKIP","floor":30}],"player_experience":49087,"relics_obtained":[{"floor":1.0,"key":"Baka"},{"floor":2.0,"key":"Baka2"},{"floor":6.0,"key":"Geode"},{"floor":8.0,"key":"AT_ImmortalShieldbow"},{"floor":14.0,"key":"Shuriken"},{"floor":18.0,"key":"Simple Rune"},{"floor":21.0,"key":"reliquary:TatteredRug"},{"floor":24.0,"key":"Art of War"},{"floor":25,"key":"reliquary:SilkGlove"},{"floor":26,"key":"Gremlin Food"},{"floor":28,"key":"Replay:Bottled Snecko"},{"floor":30,"key":"AT_SilverBalance"},{"floor":30,"key":"reliquary:Firecrackers"},{"floor":31,"key":"aspiration:SeaSaltIceCream"}],"event_choices":[{"damage_healed":0.0,"max_hp_gain":0.0,"max_hp_loss":0.0,"gold_gain":0.0,"event_name":"Liars Game","player_choice":"Ignored","floor":5.0,"gold_loss":0.0,"damage_taken":0.0},{"damage_healed":0.0,"max_hp_gain":0.0,"max_hp_loss":0.0,"gold_gain":0.0,"cards_transformed":["Strike_B"],"event_name":"Living Wall","player_choice":"Change","floor":10.0,"gold_loss":0.0,"damage_taken":0.0,"cards_obtained":["Capacitor"]},{"damage_healed":0.0,"max_hp_gain":0.0,"max_hp_loss":0.0,"gold_gain":0.0,"event_name":"Vampires","player_choice":"Ignored","floor":22.0,"gold_loss":0.0,"damage_taken":0.0}],"is_beta":false,"boss_relics":[{"not_picked":["Ring of Chaos","Abe\u0027s Treasure"],"picked":"Sozu"},{"not_picked":[]}],"items_purged_floors":[17,19,29],"is_endless":false,"potions_floor_spawned":[2,6,8,11,18,21,24],"killed_by":"Pondfish","ascension_level":20}}