{"host":"jcp2nz6q7v3b3vtq","time":1612227574,"event":{"mods":["BaseMod","Marisa????????","Minty Spire (QoL Compilation)","The Servant 0.9.4"],"gold_per_floor":[110,64,64,83,83,103,103,118,118,138,138,152,152,152,152,152,152],"floor_reached":16,"language":"ENG","playtime":469,"items_purged":[],"score":92,"play_id":"3aec0c6b-b81a-48d1-871f-f303abd49535","local_time":"20210202015934","daily_mods":["Vintage","Heirloom"],"is_ascension_mode":false,"campfire_choices":[{"data":"Ricochet","floor":7,"key":"SMITH"},{"floor":11,"key":"REST"},{"floor":15,"key":"REST"}],"circlet_count":0,"master_deck":["Strike_S","Strike_S","Strike_S","Strike_S","Defend_S","Defend_S","Defend_S+1","KidneyShot+1","Exchange","Ricochet+1"],"relics":["Uniform","Lizard Tail","Sundial","Mango","MealTicket","TungstenRod","Dead Branch","StrikeDummy","Letter Opener","White Beast Statue"],"acts_visited":["Exordium"],"potions_floor_usage":[8,10,10,12,16],"damage_taken":[{"damage":3,"enemies":"Jaw Worm","floor":1,"turns":5},{"damage":0,"enemies":"Cultist","floor":4,"turns":3},{"damage":0,"enemies":"Small Slimes","floor":6,"turns":3},{"damage":18,"enemies":"Gremlin Gang","floor":8,"turns":3},{"damage":17,"enemies":"Large Slime","floor":10,"turns":4},{"damage":0,"enemies":"Blue Slaver","floor":12,"turns":4},{"damage":51,"enemies":"The Guardian","floor":16,"turns":15}],"seed_played":"7155438724027039831","potions_obtained":[{"floor":3,"key":"Weak Potion"},{"floor":3,"key":"Ancient Potion"},{"floor":3,"key":"SteroidPotion"},{"floor":4,"key":"AttackPotion"},{"floor":8,"key":"LiquidMemories"},{"floor":10,"key":"ColorlessPotion"}],"is_trial":true,"path_per_floor":["M","$","?","M","?","M","R","M","T","M","R","M","?","T","R","B"],"character_chosen":"THE_SERVANT","items_purchased":["Ricochet"],"campfire_rested":2,"item_purchase_floors":[2],"current_hp_per_floor":[62,62,62,76,76,76,76,58,58,41,64,64,49,49,72,21,21],"gold":152,"neow_bonus":"","is_daily":false,"chose_seed":false,"campfire_upgraded":1,"win_rate":0.0,"timestamp":1612227574,"path_taken":["M","$","?","?","?","M","R","M","T","?","R","M","?","?","R","BOSS"],"items_purchased_type":["Card"],"build_version":"2020-12-22","purchased_purges":0,"victory":false,"max_hp_per_floor":[65,65,65,79,79,79,79,79,79,79,79,79,79,79,79,79,79],"card_choices":[],"player_experience":25595,"relics_obtained":[{"floor":1,"key":"Sundial"},{"floor":4,"key":"Mango"},{"floor":6,"key":"MealTicket"},{"floor":8,"key":"TungstenRod"},{"floor":9,"key":"Dead Branch"},{"floor":10,"key":"StrikeDummy"},{"floor":12,"key":"Letter Opener"},{"floor":14,"key":"White Beast Statue"}],"event_choices":[{"damage_healed":0,"gold_gain":0,"player_choice":"Got Potions","damage_taken":0,"max_hp_gain":0,"max_hp_loss":0,"event_name":"Lab","floor":3,"gold_loss":0},{"cards_removed":["Defend_S"],"damage_healed":0,"gold_gain":0,"player_choice":"Offered Basic","damage_taken":0,"max_hp_gain":0,"max_hp_loss":0,"event_name":"Bonfire Elementals","floor":5,"gold_loss":0},{"damage_healed":0,"gold_gain":0,"player_choice":"Entered Light","damage_taken":16,"max_hp_gain":0,"max_hp_loss":0,"event_name":"Shining Light","floor":13,"gold_loss":0,"cards_upgraded":["Defend_S","KidneyShot"]}],"is_beta":false,"boss_relics":[],"items_purged_floors":[],"is_endless":false,"potions_floor_spawned":[4,8,10],"killed_by":"The Guardian","ascension_level":0}}