{"host":"bplbr8uekuotory4","time":1612267965,"event":{"mods":["Act Like it!","BaseMod","GungeonMod","Hermit","KinomotoSakuraMod(ƒæ÷Æ±æ”£)","Marisa£®ÏF”Í°°ƒß¿Ì…≥£©","Minty Spire (QoL Compilation)","Prisma Mod","Quick Restart","Reimu£®≤©¿ˆ¡È√Œ£©","SOS£®Àπ∞Õ¥Ô÷Æ◊”£©","Spicy Shops","StSLib","TestMod","The Blackbeard","The Cursed","The Mystic","The Poker Player","The Saiyan","The Senshi","The Servant 0.9.4","Yuri Mod","[IsaacMod]“‘»ˆº‚À˛"],"gold_per_floor":[119,119,32,50,50,50,77,117,189,216,274,309,319,333,333,406,406,426,426,426,426,440,477,501,526,596,619,619,619,619,635,635,708,708,732,755,787,819,844,844,863,896,896,937,957,957,957,988,988,988,988,988,988,988,1026,1026],"floor_reached":57,"language":"ZHS","playtime":1641,"items_purged":["Regret","DemoMod:Strike_Huntress","DemoMod:RustySidearm","DemoMod:Defend_Huntress","DemoMod:Strike_Huntress","DemoMod:Defend_Huntress","DemoMod:CrossBow"],"score":3465,"play_id":"7b982781-9bc8-49fa-be3f-ac1940253dd2","local_time":"20210202201245","is_ascension_mode":true,"campfire_choices":[{"data":"DemoMod:ManualReload","floor":6,"key":"SMITH"},{"data":"DemoMod:Behold!","floor":15,"key":"SMITH"},{"data":"testmod-EternalityOfKhronos","floor":28,"key":"SMITH"},{"data":"DemoMod:FinishedGun","floor":32,"key":"SMITH"},{"floor":40,"key":"RECALL"},{"floor":46,"key":"DIG"},{"floor":49,"key":"DIG"},{"floor":53,"key":"DIG"}],"circlet_count":0,"master_deck":["AscendersBane","DemoMod:Roll","DemoMod:ManualReload+1","DemoMod:ShadowBullets+1","DemoMod:Behold!+1","DemoMod:BSG","DemoMod:FightSabre","DemoMod:FinishedGun+1","DemoMod:HungryBullets+1","testmod-EternalityOfKhronos+1","CurseOfTheBell","DemoMod:Gungine"],"relics":["DemoMod:Dog","testmod-TestBox","HushsDoor","SteamSale","testmod-OneHitWonder","NeowsBlessing","DemoMod:ChaffGrenade","Membership Card","DemoMod:AgedBell","YumHeart","Frozen Egg 2","Cauldron","DemoMod:RatBoots","BookOfRevelations","Pen Nib","HandDrill","TheBean","Tea:ReiMu","Tiny Chest","testmod-Motorcycle","DemoMod:Unsteady","Shovel","testmod-Temperance","SatanicBible","Anchor","Chemical X","Medical Kit","Vajra","Bronze Scales","testmod-IndustrialRevolution","DemoMod:MonsterBlood","Blood Vial","theSenshi:FeatherClipsRelic","AnarchistCookbook","Sling","MealTicket","Oddly Smooth Stone","Mercury Hourglass","Calling Bell","Omamori","Pantograph","GuppysHairball","DeathBook","testmod-BouquetWithThorns","SharpPlug","Lantern","Juzu Bracelet","theSenshi:SailorFukuRelic","TheAbacus","Centennial Puzzle","Regal Pillow","Lizard Tail","Art of War","DemoMod:MeatBun","testmod-TurbochargingSystem","Gremlin Horn","Turnip","testmod-BlackFramedGlasses","DemoMod:CrisisStone","DemoMod:WhiteGuonStone","BFFS","Chaos","DemoMod:GlassGuonStoneRelic","ClockworkSouvenir"],"acts_visited":["Exordium","TheCity","TheBeyond","TheEnding"],"potions_floor_usage":[14,23,33,50],"damage_taken":[{"damage":0,"enemies":"Cultist","floor":1,"turns":1},{"damage":0,"enemies":"2 Louse","floor":4,"turns":2},{"damage":0,"enemies":"3 Sentries","floor":7,"turns":1},{"damage":19,"enemies":"Jaw Worm","floor":8,"turns":8},{"damage":22,"enemies":"Lagavulin","floor":10,"turns":8},{"damage":0,"enemies":"Gremlin Nob","floor":12,"turns":1},{"damage":5,"enemies":"Jaw Worm","floor":13,"turns":2},{"damage":0,"enemies":"2 Fungi Beasts","floor":14,"turns":2},{"damage":0,"enemies":"Slime Boss","floor":16,"turns":3},{"damage":7,"enemies":"Shell Parasite","floor":18,"turns":3},{"damage":0,"enemies":"Spheric Guardian","floor":22,"turns":3},{"damage":9,"enemies":"Slavers","floor":23,"turns":3},{"damage":0,"enemies":"Book of Stabbing","floor":25,"turns":4},{"damage":8,"enemies":"Centurion and Healer","floor":27,"turns":3},{"damage":0,"enemies":"3 Cultists","floor":31,"turns":3},{"damage":0,"enemies":"Collector","floor":33,"turns":4},{"damage":0,"enemies":"3 Shapes","floor":35,"turns":2},{"damage":0,"enemies":"3 Darklings","floor":36,"turns":2},{"damage":0,"enemies":"Jaw Worm Horde","floor":37,"turns":2},{"damage":0,"enemies":"Mind Bloom Boss Battle","floor":38,"turns":4},{"damage":0,"enemies":"Maw","floor":39,"turns":8},{"damage":0,"enemies":"4 Shapes","floor":41,"turns":2},{"damage":7,"enemies":"Nemesis","floor":42,"turns":4},{"damage":0,"enemies":"Reptomancer","floor":44,"turns":2},{"damage":0,"enemies":"3 Darklings","floor":45,"turns":2},{"damage":12,"enemies":"Sphere and 2 Shapes","floor":48,"turns":2},{"damage":15,"enemies":"Time Eater","floor":50,"turns":3},{"damage":0,"enemies":"Awakened One","floor":51,"turns":8},{"damage":5,"enemies":"Shield and Spear","floor":55,"turns":5},{"damage":0,"enemies":"The Heart","floor":56,"turns":8}],"seed_played":"-4001139228806006356","potions_obtained":[{"floor":3,"key":"AttackPotion"},{"floor":3,"key":"Fire Potion"},{"floor":10,"key":"Block Potion"},{"floor":16,"key":"DemoMod:BlankPotion"},{"floor":27,"key":"SneckoOil"}],"is_trial":false,"path_per_floor":["M","?","$","M","$","R","E","?","T","E","?","E","M","M","R","B",null,"M","?","$","?","M","E","T","E","T","M","R","$","?","M","R","B",null,"M","M","M","?","M","R","M","E","T","E","M","R","$","M","R","B","B",null,"R","$","E","B",null],"character_chosen":"HUNTRESS","items_purchased":["Membership Card","DemoMod:AgedBell","YumHeart","Frozen Egg 2","Cauldron","DemoMod:RatBoots","DemoMod:ShadowBullets+1","BookOfRevelations","Pen Nib","HandDrill","TheBean","SatanicBible","Chemical X","Medical Kit","Vajra","Bronze Scales","testmod-IndustrialRevolution","DemoMod:HungryBullets+1","testmod-EternalityOfKhronos","Sling","MealTicket","Oddly Smooth Stone","Mercury Hourglass","PowerPotion","GuppysHairball","DeathBook","TheAbacus","Centennial Puzzle","Regal Pillow","Lizard Tail","Art of War","DemoMod:MeatBun","ColorlessPotion","Turnip","testmod-BlackFramedGlasses","DemoMod:CrisisStone","DemoMod:WhiteGuonStone","BFFS","Chaos"],"campfire_rested":0,"item_purchase_floors":[3,3,3,3,3,3,3,5,5,5,5,17,20,20,20,20,20,20,20,29,29,29,29,29,34,34,47,47,47,47,47,47,47,54,54,54,54,54,54],"current_hp_per_floor":[57,57,57,57,57,57,57,38,38,16,16,16,11,11,11,11,39,32,28,28,28,28,26,26,28,28,28,28,28,14,22,22,30,38,40,40,40,40,40,40,40,39,39,40,40,40,40,34,34,31,40,40,40,40,40,40],"gold":1026,"neow_bonus":"THREE_ENEMY_KILL","is_daily":false,"chose_seed":false,"campfire_upgraded":4,"win_rate":0.0,"timestamp":1612267965,"path_taken":["M","?","$","M","$","R","E","?","T","E","?","E","M","M","R","BOSS","M","?","$","?","M","E","?","E","T","M","R","$","?","M","R","BOSS","M","M","?","?","M","R","M","E","T","E","M","R","$","M","R","BOSS","BOSS","R","$","E","BOSS"],"items_purchased_type":["Relic","Relic","Relic","Relic","Relic","Relic","Card","Relic","Relic","Relic","Relic","Relic","Relic","Relic","Relic","Relic","Relic","Card","Card","Relic","Relic","Relic","Relic","Potion","Relic","Relic","Relic","Relic","Relic","Relic","Relic","Relic","Potion","Relic","Relic","Relic","Relic","Relic","Card"],"build_version":"2020-12-22","purchased_purges":7,"victory":true,"max_hp_per_floor":[63,63,63,63,63,63,63,63,63,63,63,63,63,63,63,63,48,48,48,48,48,48,55,55,55,55,55,55,55,60,60,60,60,40,40,40,40,40,40,40,40,40,40,40,40,40,40,40,40,40,40,40,40,40,40,40],"card_choices":[{"not_picked":["DemoMod:TeaPot","DemoMod:MachoBrace","DemoMod:FastSwitch"],"picked":"SKIP","floor":1},{"not_picked":["DemoMod:PracticeMakesPerfect","DemoMod:Casey","DemoMod:FeignSurrender"],"picked":"SKIP","floor":4},{"not_picked":["DemoMod:CombinedRifle","DemoMod:Ejector"],"picked":"DemoMod:Behold!","floor":7},{"not_picked":["DemoMod:HardPowerCard","DemoMod:MegaHand","DemoMod:Unmoved"],"picked":"SKIP","floor":8},{"not_picked":["DemoMod:ZorGun","DemoMod:TripleGun"],"picked":"DemoMod:BSG","floor":10},{"not_picked":["DemoMod:JK47","DemoMod:SAA"],"picked":"DemoMod:FightSabre","floor":12},{"not_picked":["DemoMod:Unmoved","DemoMod:JK47","DemoMod:SniperShot"],"picked":"SKIP","floor":12},{"not_picked":["DemoMod:AbyssalTentacle","DemoMod:Replace"],"picked":"Bomb","floor":13},{"not_picked":["DemoMod:FastSwitch","DemoMod:StickyCrossBow"],"picked":"Bomb","floor":14},{"not_picked":["DemoMod:Elimentaler","DemoMod:FullFirepower"],"picked":"DemoMod:FinishedGun","floor":16},{"not_picked":["DemoMod:GunstockTap+1","DemoMod:Rummage"],"picked":"DemoMod:Ejector+1","floor":18},{"not_picked":["DemoMod:StickyCrossBow+1","DemoMod:AWP"],"picked":"DemoMod:Purify","floor":22},{"not_picked":["DemoMod:ConditionalReflex","DemoMod:BoxingGlove+1","DemoMod:AC15+1"],"picked":"SKIP","floor":23},{"not_picked":["DemoMod:Casey","DemoMod:ConditionalReflex","DemoMod:FortunesFavor"],"picked":"SKIP","floor":25},{"not_picked":["DemoMod:GunShield","DemoMod:FastSwitch+1","DemoMod:HardPowerCard+1"],"picked":"SKIP","floor":27},{"not_picked":["DemoMod:Casey+1","DemoMod:DirectionalPad","DemoMod:Unmoved"],"picked":"SKIP","floor":31},{"not_picked":["DemoMod:HungryBullets+1","DemoMod:TableSutra+1","DemoMod:StickyCrossBow+1"],"picked":"SKIP","floor":35},{"not_picked":["DemoMod:Rummage","DemoMod:BoxingGlove","DemoMod:GunstockTap"],"picked":"SKIP","floor":36},{"not_picked":["DemoMod:GunShield","DemoMod:MachoBrace","DemoMod:AWP"],"picked":"SKIP","floor":37},{"not_picked":["DemoMod:DirectionalPad","DemoMod:StrategicReserve","DemoMod:LifeOrb"],"picked":"SKIP","floor":39},{"not_picked":["DemoMod:CombinedRifle","DemoMod:BoxingGlove","DemoMod:EasyReloadBullets+1"],"picked":"SKIP","floor":41},{"not_picked":["DemoMod:Replace","DemoMod:ProbeStrike","DemoMod:FeignSurrender"],"picked":"SKIP","floor":42},{"not_picked":["DemoMod:MachoBrace","DemoMod:HighKaliber+1","DemoMod:ConditionalReflex+1"],"picked":"SKIP","floor":44},{"not_picked":["DemoMod:StickyCrossBow","DemoMod:FullFirepower","DemoMod:CursedBullets+1"],"picked":"SKIP","floor":45},{"not_picked":["DemoMod:EasyReloadBullets+1","DemoMod:HungryBullets+1","DemoMod:BoxingGlove"],"picked":"SKIP","floor":48},{"not_picked":["DemoMod:HardPowerCard","DemoMod:Polaris"],"picked":"DemoMod:Gungine","floor":55}],"player_experience":1109193,"relics_obtained":[{"floor":7,"key":"Tea:ReiMu"},{"floor":8,"key":"Tiny Chest"},{"floor":10,"key":"testmod-Motorcycle"},{"floor":12,"key":"Shovel"},{"floor":23,"key":"DemoMod:MonsterBlood"},{"floor":24,"key":"Blood Vial"},{"floor":25,"key":"theSenshi:FeatherClipsRelic"},{"floor":26,"key":"AnarchistCookbook"},{"floor":34,"key":"Omamori"},{"floor":34,"key":"Pantograph"},{"floor":38,"key":"testmod-BouquetWithThorns"},{"floor":42,"key":"SharpPlug"},{"floor":43,"key":"Lantern"},{"floor":44,"key":"Juzu Bracelet"},{"floor":46,"key":"theSenshi:SailorFukuRelic"},{"floor":49,"key":"testmod-TurbochargingSystem"},{"floor":53,"key":"Gremlin Horn"},{"floor":55,"key":"ClockworkSouvenir"}],"event_choices":[{"damage_healed":0,"gold_gain":0,"player_choice":"Box","damage_taken":0,"relics_obtained":["DemoMod:ChaffGrenade"],"max_hp_gain":0,"max_hp_loss":0,"event_name":"Big Fish","floor":2,"gold_loss":0,"cards_obtained":["Regret"]},{"damage_healed":0,"gold_gain":0,"player_choice":"Anchor","damage_taken":0,"relics_obtained":["Anchor"],"max_hp_gain":0,"max_hp_loss":0,"event_name":"blackbeard:ShipwreckEvent","floor":19,"gold_loss":0},{"cards_removed":["DemoMod:Strike_Huntress"],"damage_healed":0,"gold_gain":0,"player_choice":"Elegance","damage_taken":0,"max_hp_gain":0,"max_hp_loss":0,"event_name":"Back to Basics","floor":21,"gold_loss":0},{"damage_healed":0,"gold_gain":0,"player_choice":"Shed Blood","damage_taken":19,"max_hp_gain":5,"max_hp_loss":0,"event_name":"Forgotten Altar","floor":30,"gold_loss":0},{"damage_healed":0,"gold_gain":0,"player_choice":"Fight","damage_taken":0,"max_hp_gain":0,"max_hp_loss":0,"event_name":"MindBloom","floor":38,"gold_loss":0}],"is_beta":false,"boss_relics":[{"not_picked":["testmod-DreamHouse","testmod-DeterminationOfClimber"],"picked":"testmod-Temperance"},{"not_picked":[]},{"not_picked":["DemoMod:Test1","Coffee Dripper"],"picked":"Calling Bell"},{"not_picked":[]}],"items_purged_floors":[3,5,17,20,29,47,54],"is_endless":false,"potions_floor_spawned":[4,10,12,13,16,22,27,31,33,35,39,41,48,55],"ascension_level":20}}