{"host":"syse7109pvnv9ewm","time":1612225893,"event":{"mods":["Act Like it!","Aspiration","BaseMod","Beaked The Cultist","Better Altar","Better Match","Better Note","Better Sensory Stone","Better Skull","Better Third Choice","BetterRewards","CCEM2","Challenge The Spire","Colored Map","Conspire","Dio Mod","Elementarium","Energized Spire","Halation","Hallownest","Highlight Path","Hubris","Infinite Spire","Mad Scientist","Menagerie","Minty Spire (QoL Compilation)","Replay The Spire","Retaliation","Spicy Shops","StSLib","The Blue Laboratory","The Bug Knight","The Cursed","The Death Knight","The Disciple","The Jungle","Thieving Mod"],"gold_per_floor":[118,118,132,21,21,53,53,117,117,0,20,52,52,7,7,105,105,115,115,133,149,149,149,179,179,179],"floor_reached":25,"language":"ENG","playtime":2557,"items_purged":["Defend_Br"],"score":227,"play_id":"c001c1d2-b970-41e0-bea8-6bc71cbfde64","local_time":"20210202013133","is_ascension_mode":false,"campfire_choices":[{"floor":13,"key":"REST"},{"floor":15,"key":"REST"},{"floor":23,"key":"RECALL"}],"circlet_count":0,"master_deck":["Strike_Br","Strike_Br","Strike_Br","Strike_Br","Defend_Br","Defend_Br","Defend_Br","SecondHand","PatternShift","Echoward","Accruing","ExoVibe","ExoVibe","HandsUpC","HandsUpC","LockedBlood","Pendulum","AlternateTimeline","Echonomics","PrimeTime","Parity","Flay","LockedWarPaint","BiteCommand+1","hubris:Rewind","BlueShift","TickedOff","LockedBlood"],"relics":["Chronometer","halation:EternalFortune","Flame?","halation:PromiseList","CCEMRelics:SelfSharpeningBlade","conspire:Flyswatter","Prayer Wheel","Painkiller Herb","GremlinMask","Smiling Mask"],"acts_visited":["Exordium","TheCity"],"potions_floor_usage":[24,25],"damage_taken":[{"damage":0,"enemies":"2 Louse","floor":1,"turns":4},{"damage":7,"enemies":"Small Slimes","floor":3,"turns":5},{"damage":6,"enemies":"Replay:BlueRogue","floor":6,"turns":13},{"damage":10,"enemies":"3 Sentries","floor":8,"turns":8},{"damage":11,"enemies":"Jaw Worm","floor":11,"turns":5},{"damage":37,"enemies":"3 Sentries","floor":12,"turns":13},{"damage":19,"enemies":"Looter","floor":14,"turns":5},{"damage":11,"enemies":"The Guardian","floor":16,"turns":16},{"damage":12,"enemies":"Shell Parasite","floor":18,"turns":7},{"damage":10,"enemies":"Chosen","floor":20,"turns":7},{"damage":37,"enemies":"Snake Plant","floor":21,"turns":6},{"damage":9,"enemies":"HollowMod:Nosk","floor":24,"turns":10},{"damage":44,"enemies":"Cultist and Chosen","floor":25,"turns":11}],"seed_played":"-6377882746223480911","potions_obtained":[{"floor":3,"key":"Milkshake"},{"floor":8,"key":"DDmod:CleansePotion"},{"floor":12,"key":"blueLaboratory:BottleOfRum"},{"floor":20,"key":"blueLaboratory:CorrosionFlask"}],"is_trial":false,"path_per_floor":["M","?","M","$","?","E","?","?","T","$","M","E","R","M","R","B",null,"?","AVR","?","?","?","T","E","?"],"character_chosen":"CHRONO_CLASS","items_purchased":["ExoVibe","LockedBlood","Pendulum"],"campfire_rested":2,"item_purchase_floors":[4,10,10],"current_hp_per_floor":[71,74,67,67,67,61,61,51,51,51,46,15,37,22,44,39,74,66,66,62,31,31,31,28,0,0],"gold":179,"neow_bonus":"TEN_PERCENT_HP_BONUS","is_daily":false,"chose_seed":false,"campfire_upgraded":0,"win_rate":0.0,"timestamp":1612225893,"path_taken":["M","?","M","$","?","E","?","?","T","$","M","E","R","M","R","BOSS","?","AVR","?","?","?","T","E","?"],"items_purchased_type":["Card","Card","Card"],"build_version":"2020-12-22","purchased_purges":1,"victory":false,"max_hp_per_floor":[71,74,74,74,74,74,74,74,74,74,74,74,74,74,74,74,74,74,74,74,74,74,74,74,74,74],"card_choices":[{"not_picked":["PrimeTime","Parity"],"picked":"Echoward","floor":1},{"not_picked":["BeatsPerMinute","Recurrance"],"picked":"Accruing","floor":3},{"not_picked":["BlueShift","CrunchTime"],"picked":"HandsUpC","floor":6},{"not_picked":["ResonantCall","SlimeSpray"],"picked":"HandsUpC","floor":8},{"not_picked":["Tempo","Engulf"],"picked":"AlternateTimeline","floor":11},{"not_picked":["LockedTornado","Fragmentalize"],"picked":"Echonomics","floor":12},{"not_picked":["HandsUpC","ShortSighted"],"picked":"PrimeTime","floor":14},{"not_picked":["LockedUrn","ResonantCall"],"picked":"Parity","floor":14},{"not_picked":["Chronoelasticity","LockedAstrolabe"],"picked":"Flay","floor":16},{"not_picked":["HandsUpB","LockedMedicine"],"picked":"LockedWarPaint","floor":18},{"not_picked":["LockedMedicine+1","LockedBell"],"picked":"BiteCommand+1","floor":18},{"not_picked":["WindUp","Engulf"],"picked":"BlueShift","floor":20},{"not_picked":["LockedScales","TiringSlam","EscortCommand"],"picked":"SKIP","floor":20},{"not_picked":["Tempo","BlueShift+1"],"picked":"TickedOff","floor":21},{"not_picked":["Engulf+1","LockedMawBank","CrunchTime+1"],"picked":"SKIP","floor":21},{"not_picked":["Cuckoo","PrimeTime"],"picked":"LockedBlood","floor":24}],"player_experience":167874,"relics_obtained":[{"floor":6,"key":"halation:PromiseList"},{"floor":8,"key":"conspire:Flyswatter"},{"floor":12,"key":"Prayer Wheel"},{"floor":24,"key":"Smiling Mask"}],"event_choices":[{"damage_healed":0,"gold_gain":30,"player_choice":"Searched \u00273\u0027 times","damage_taken":0,"max_hp_gain":0,"max_hp_loss":0,"event_name":"Dead Adventurer","floor":8,"gold_loss":0},{"damage_healed":0,"gold_gain":0,"player_choice":"Trade","damage_taken":0,"relics_obtained":["GremlinMask"],"max_hp_gain":0,"max_hp_loss":0,"event_name":"FaceTrader","floor":22,"gold_loss":0}],"is_beta":false,"boss_relics":[{"not_picked":["aspiration:BeakedSkillbook","Coffee Dripper"],"picked":"Painkiller Herb"}],"items_purged_floors":[4],"is_endless":false,"potions_floor_spawned":[3,8,12,16,20,21],"killed_by":"Cultist and Chosen","ascension_level":0}}