{"host":"rsbhidffjle4v6w5","time":1612286544,"event":{"mods":["Act Like it!","Ascension Reborn","BaseMod","Better Note","Better Third Choice","BetterRewards","Block Reminder","Colored Map","Minty Spire (QoL Compilation)","Quick Restart","Replay The Spire","StSLib"],"gold_per_floor":[113,131,220,238,238,276,276,300,300,312,312,326,346,346,346,346,346],"floor_reached":16,"language":"ENG","playtime":473,"items_purged":[],"score":104,"play_id":"7c52e95a-bc25-4b60-841e-618ea14ffb14","local_time":"20210202202224","is_ascension_mode":true,"campfire_choices":[{"data":"Bash","floor":7.0,"key":"SMITH"},{"floor":11.0,"key":"REST"},{"floor":15.0,"key":"RECALL"}],"circlet_count":0,"master_deck":["Strike_R","Strike_R","Strike_R","Strike_R","Defend_R","Defend_R","Defend_R","Defend_R","AscMod:ascendersbane","Pommel Strike","ReplayTheSpireMod:Limb From Limb","Battle Trance","Pommel Strike","Iron Wave","Shrug It Off","Barricade+1"],"relics":["Burning Blood","NeowsBlessing","Blue Candle","Kunai"],"acts_visited":["Exordium"],"potions_floor_usage":[16],"damage_taken":[{"damage":0.0,"enemies":"2 Louse","floor":1.0,"turns":1.0},{"damage":0.0,"enemies":"Small Slimes","floor":2.0,"turns":1.0},{"damage":0.0,"enemies":"Cultist","floor":4.0,"turns":1.0},{"damage":55.0,"enemies":"Lagavulin","floor":6.0,"turns":6.0},{"damage":13.0,"enemies":"Lots of Slimes","floor":8.0,"turns":6.0},{"damage":2.0,"enemies":"Blue Slaver","floor":10.0,"turns":3.0},{"damage":11.0,"enemies":"Large Slime","floor":12.0,"turns":3.0},{"damage":18.0,"enemies":"Exordium Thugs","floor":13.0,"turns":2.0},{"damage":19,"enemies":"The Guardian","floor":16,"turns":5}],"seed_played":"-2109951317282119","potions_obtained":[{"floor":2.0,"key":"SpeedPotion"},{"floor":8.0,"key":"Block Potion"},{"floor":10.0,"key":"Adrenaline Potion"},{"floor":13.0,"key":"Energy Potion"}],"is_trial":false,"path_per_floor":["M","M","?","M","?","E","R","M","T","M","R","M","M","?","R","B"],"character_chosen":"IRONCLAD","items_purchased":[],"campfire_rested":1,"item_purchase_floors":[],"current_hp_per_floor":[74,75,75,75,75,26,26,19,19,23,45,40,28,28,28,9,9],"gold":346,"neow_bonus":"THREE_ENEMY_KILL","is_daily":false,"chose_seed":false,"campfire_upgraded":1,"win_rate":0.0,"timestamp":1612286544,"path_taken":["M","M","?","M","?","E","R","?","T","M","R","M","?","?","R","BOSS"],"items_purchased_type":[],"build_version":"2020-12-22","purchased_purges":0,"victory":false,"max_hp_per_floor":[75,75,75,75,75,75,75,75,75,75,75,75,75,75,75,75,75],"card_choices":[{"not_picked":["Clash","ReplayTheSpireMod:Corrosion Curse"],"picked":"Pommel Strike","floor":1.0},{"not_picked":["Cleave","ReplayTheSpireMod:Strike From Hell"],"picked":"ReplayTheSpireMod:Limb From Limb","floor":2.0},{"not_picked":["Shockwave","Heavy Blade","Flex"],"picked":"SKIP","floor":4.0},{"not_picked":["Headbutt","Pommel Strike"],"picked":"Battle Trance","floor":6.0},{"not_picked":["Combust","Shockwave","Armaments"],"picked":"SKIP","floor":8.0},{"not_picked":["Iron Wave","Perfected Strike"],"picked":"Pommel Strike","floor":10.0},{"not_picked":["Shrug It Off","Rage"],"picked":"Iron Wave","floor":12.0},{"not_picked":["Sever Soul","Intimidate"],"picked":"Shrug It Off","floor":13.0}],"player_experience":1109934,"relics_obtained":[{"floor":6.0,"key":"Blue Candle"},{"floor":9.0,"key":"Kunai"}],"event_choices":[{"damage_healed":0.0,"max_hp_gain":0.0,"max_hp_loss":0.0,"gold_gain":74.0,"event_name":"Golden Wing","player_choice":"Gained Gold","floor":3.0,"gold_loss":0.0,"damage_taken":0.0},{"cards_removed":["Strike_R"],"damage_healed":0.0,"max_hp_gain":0.0,"max_hp_loss":0.0,"gold_gain":0.0,"event_name":"Bonfire Elementals","player_choice":"Offered Basic","floor":5.0,"gold_loss":0.0,"damage_taken":0.0}],"is_beta":false,"boss_relics":[],"items_purged_floors":[],"is_endless":false,"potions_floor_spawned":[2,8,10,13],"killed_by":"The Guardian","ascension_level":0}}