{"host":"pyelotildgrd5mks","time":1612281258,"event":{"mods":["BaseMod","Downfall","Minty Spire (QoL Compilation)","Quick Restart","StSLib"],"gold_per_floor":[99,110,127,137,47,47,73,100,112,12,26,61,61,61,72,172,172,172,185,195,195,195,95,95,95,107,123,151,167,167,182,198,297,297,297,314,225,242,257,257,257,274,289,289,302,327,227,256,266,266,266,266],"floor_reached":50,"language":"ZHS","playtime":2116,"items_purged":["Slimebound:Strike_Slimebound"],"score":735,"play_id":"aab64b68-661e-4c46-88bd-de37ab7945cd","local_time":"20210202235418","is_ascension_mode":true,"campfire_choices":[{"data":"Slimebound:Split","floor":1.0,"key":"SMITH"},{"data":"Slimebound:LevelUp","floor":10.0,"key":"SMITH"},{"data":"Slimebound:CorrosiveSpit","floor":13.0,"key":"SMITH"},{"floor":18.0,"key":"RECALL"},{"data":"Slimebound:MassRepurpose","floor":23.0,"key":"SMITH"},{"data":"Slimebound:FirmFortitude","floor":25.0,"key":"SMITH"},{"data":"Slimebound:MinionMaster","floor":30.0,"key":"SMITH"},{"data":"Slimebound:TagTeam","floor":35.0,"key":"SMITH"},{"data":"Slimebound:SlimeTap","floor":40,"key":"SMITH"},{"data":"Slimebound:Defend_Slimebound","floor":47,"key":"SMITH"}],"circlet_count":0,"master_deck":["Slimebound:Defend_Slimebound","Slimebound:Defend_Slimebound","Slimebound:Defend_Slimebound+1","Slimebound:Split+1","Slimebound:CorrosiveSpit+1","Slimebound:SplitMire","Slimebound:LevelUp+1","Slimebound:FirmFortitude+1","Slimebound:SlimeTap+1","Slimebound:MassRepurpose+1","Slimebound:SplitLeeching","Slimebound:MinionMaster+1","Slimebound:SplitBruiser+1","Slimebound:TagTeam+1","Slimebound:PrepareCrush+1","Slimebound:Replication+1","Slimebound:LeechingTouch+1","Slimebound:OozeBath+1","Slimebound:FormOfPuddle+1"],"relics":["Slimebound:AbsorbEndCombat","Incense Burner","downfall:HeartBlessingBlue","Oddly Smooth Stone","Coffee Dripper","Enchiridion","downfall:HeartBlessingRed","hexamod:Sixitude","Ancient Tea Set","Astrolabe","Medical Kit","Frozen Egg 2","Toxic Egg 2","Art of War","downfall:HeartBlessingGreen","Vajra"],"acts_visited":["Exordium","TheCity","TheBeyond"],"potions_floor_usage":[38,46,49],"damage_taken":[{"damage":0.0,"enemies":"Small Slimes","floor":2.0,"turns":3.0},{"damage":0.0,"enemies":"Cultist","floor":3.0,"turns":3.0},{"damage":1.0,"enemies":"2 Louse","floor":4.0,"turns":2.0},{"damage":8.0,"enemies":"downfall:FleeingMerchant","floor":5.0,"turns":4.0},{"damage":13.0,"enemies":"Lagavulin","floor":8.0,"turns":6.0},{"damage":3.0,"enemies":"Blue Slaver","floor":9.0,"turns":3.0},{"damage":0.0,"enemies":"Large Slime","floor":11.0,"turns":4.0},{"damage":20.0,"enemies":"Gremlin Nob","floor":12.0,"turns":4.0},{"damage":2.0,"enemies":"Exordium Thugs","floor":15.0,"turns":4.0},{"damage":34.0,"enemies":"IC_STATUS_ARCHETYPE","floor":16.0,"turns":7.0},{"damage":3.0,"enemies":"3 Byrds","floor":19.0,"turns":5.0},{"damage":33.0,"enemies":"Centurion and Healer","floor":20.0,"turns":8.0},{"damage":0.0,"enemies":"Shelled Parasite and Fungi","floor":26.0,"turns":3.0},{"damage":3.0,"enemies":"Snecko","floor":27.0,"turns":3.0},{"damage":0.0,"enemies":"Book of Stabbing","floor":28.0,"turns":3.0},{"damage":0.0,"enemies":"Cultist and Chosen","floor":29.0,"turns":3.0},{"damage":5.0,"enemies":"Sentry and Sphere","floor":31.0,"turns":3.0},{"damage":18.0,"enemies":"Snake Plant","floor":32.0,"turns":2.0},{"damage":28.0,"enemies":"SI_MIRROR_ARCHETYPE","floor":33.0,"turns":5.0},{"damage":4.0,"enemies":"Orb Walker","floor":36.0,"turns":3.0},{"damage":6.0,"enemies":"downfall:FleeingMerchant","floor":37.0,"turns":4.0},{"damage":0,"enemies":"3 Darklings","floor":38,"turns":4},{"damage":11,"enemies":"Writhing Mass","floor":39,"turns":3},{"damage":0,"enemies":"Transient","floor":42,"turns":5},{"damage":0,"enemies":"Maw","floor":43,"turns":4},{"damage":0,"enemies":"Spire Growth","floor":45,"turns":3},{"damage":21,"enemies":"Nemesis","floor":46,"turns":5},{"damage":16,"enemies":"Giant Head","floor":48,"turns":6},{"damage":12,"enemies":"Writhing Mass","floor":49,"turns":3},{"damage":48,"enemies":"DF_ARCHETYPE_ORBS","floor":50,"turns":3}],"seed_played":"-3675814371405156598","potions_obtained":[{"floor":2.0,"key":"Dexterity Potion"},{"floor":4.0,"key":"SkillPotion"},{"floor":11.0,"key":"bronze:BurnAndBuffPotion"},{"floor":15.0,"key":"Fire Potion"},{"floor":26.0,"key":"Guardian:BlockOnCardUsePotion"},{"floor":39,"key":"SteroidPotion"},{"floor":43,"key":"ColorlessPotion"},{"floor":46,"key":"champ:CounterPotion"},{"floor":48,"key":"LiquidMemories"},{"floor":49,"key":"EssenceOfSteel"}],"is_trial":false,"path_per_floor":["R","M","M","M","$","?","T","E","M","R","M","E","R","?","M","B",null,"R","M","M","?","?","R","T","R","M","M","E","M","R","M","M","B",null,"R","M","$","M","M","R","T","M","M","?","M","E","R","E","M","B"],"character_chosen":"SLIMEBOUND","items_purchased":["Medical Kit","Frozen Egg 2"],"campfire_rested":0,"item_purchase_floors":[37,37],"current_hp_per_floor":[59,63,65,65,61,61,61,54,55,65,67,51,51,51,51,25,63,63,66,41,41,25,25,25,25,31,32,36,40,40,37,38,12,59,59,59,59,63,56,56,56,60,64,64,66,53,53,45,39,0,0,0],"gold":266,"neow_bonus":"THREE_CARDS","is_daily":false,"chose_seed":false,"campfire_upgraded":9,"win_rate":0.0,"timestamp":1612281258,"path_taken":["R","M","M","M","$","?","T","E","M","R","?","E","R","?","M","BOSS","R","M","M","?","?","R","T","R","M","M","E","M","R","M","M","BOSS","R","M","$","M","M","R","T","M","M","?","M","E","R","E","M","BOSS"],"items_purchased_type":["Relic","Relic"],"build_version":"2020-12-22","purchased_purges":1,"victory":false,"max_hp_per_floor":[65,65,65,65,65,65,65,65,65,75,75,75,75,75,75,75,75,75,75,75,75,75,75,75,75,75,75,75,75,75,75,75,75,75,75,75,75,75,75,75,75,75,75,75,75,75,75,75,75,75,75,75],"card_choices":[{"not_picked":["Slimebound:SplitAcid","Slimebound:ViciousTackle"],"picked":"Slimebound:SplitMire","floor":0.0},{"not_picked":["Slimebound:Recollect","Slimebound:LeechEnergy","Slimebound:BestDefense"],"picked":"SKIP","floor":2.0},{"not_picked":["Slimebound:SlimeSpikes","Slimebound:Prepare","Slimebound:GoopTackle"],"picked":"SKIP","floor":3.0},{"not_picked":["Slimebound:SlimeBrawl","Slimebound:SplitLeeching"],"picked":"Slimebound:LevelUp","floor":4.0},{"not_picked":["Slimebound:ViciousTackle","Slimebound:BestDefense","Slimebound:FinishingTackle"],"picked":"SKIP","floor":5.0},{"not_picked":["Slimebound:SplitMire","Slimebound:GoopTackle","Slimebound:Schlurp"],"picked":"SKIP","floor":8.0},{"not_picked":["Slimebound:PressTheAttack","Slimebound:GoopSpray","Slimebound:Grow"],"picked":"SKIP","floor":9.0},{"not_picked":["Slimebound:GoopTackle","Slimebound:Grow"],"picked":"Slimebound:FirmFortitude","floor":11.0},{"not_picked":["Slimebound:LeechEnergy","Slimebound:Recollect"],"picked":"Slimebound:SlimeTap","floor":12.0},{"not_picked":["Slimebound:SlimeTap","Slimebound:GoopSpray","Slimebound:RejuvenatingLick"],"picked":"SKIP","floor":15.0},{"not_picked":["Slimebound:OozeBath","Slimebound:PrepareCrush"],"picked":"Slimebound:MassRepurpose","floor":16.0},{"not_picked":["Slimebound:SlimeBarrage","Slimebound:ComboTackle+1"],"picked":"Slimebound:SplitLeeching","floor":19.0},{"not_picked":["Slimebound:FlameTackle","Slimebound:SplitLeeching","Slimebound:TongueLash"],"picked":"SKIP","floor":20.0},{"not_picked":["Slimebound:LeechEnergy","Slimebound:Prepare","Slimebound:RollThrough"],"picked":"SKIP","floor":26.0},{"not_picked":["Slimebound:SplitBruiser","Slimebound:Schlurp+1","Slimebound:ServeAndProtect"],"picked":"SKIP","floor":27.0},{"not_picked":["Slimebound:Chomp","Slimebound:Repurpose"],"picked":"Slimebound:MinionMaster","floor":28.0},{"not_picked":["Slimebound:GoopSpray","Slimebound:SlimeSpikes","Slimebound:SlimeTap"],"picked":"SKIP","floor":29.0},{"not_picked":["Slimebound:SplitBruiser","Slimebound:ItLooksTasty","Slimebound:Nibble+1"],"picked":"SKIP","floor":31.0},{"not_picked":["Slimebound:GoopTackle","Slimebound:LeechEnergy"],"picked":"Slimebound:SplitBruiser+1","floor":32.0},{"not_picked":["Slimebound:DouseInSlime","Slimebound:SlimeSlap"],"picked":"Slimebound:TagTeam","floor":33.0},{"not_picked":["Slimebound:SplitMire","Slimebound:Gluttony+1","Slimebound:ForwardTackle+1"],"picked":"SKIP","floor":36.0},{"not_picked":["Slimebound:ComboTackle","Slimebound:SplitMire","Slimebound:RollThrough"],"picked":"SKIP","floor":37.0},{"not_picked":["Slimebound:ComboTackle","Slimebound:SplitMire","Slimebound:RollThrough"],"picked":"SKIP","floor":38},{"not_picked":["Slimebound:SplitLeeching+1","Slimebound:Gluttony+1","Slimebound:ItLooksTasty"],"picked":"SKIP","floor":39},{"not_picked":["Slimebound:ComboTackle+1","Slimebound:HungryTackle+1","Slimebound:RollThrough"],"picked":"SKIP","floor":42},{"not_picked":["Slimebound:ItLooksTasty+1","Slimebound:Chomp","Slimebound:Grow+1"],"picked":"SKIP","floor":43},{"not_picked":["Slimebound:GoopTackle","Slimebound:RollThrough"],"picked":"Slimebound:OozeBath+1","floor":45},{"not_picked":["Slimebound:LeadByExample+1","Slimebound:ComboTackle","Slimebound:Chomp+1"],"picked":"SKIP","floor":46},{"not_picked":["Slimebound:BestDefense+1","Slimebound:RollThrough+1","Slimebound:LeechEnergy"],"picked":"SKIP","floor":48},{"not_picked":["Slimebound:RainOfGoop+1","Slimebound:SplitMire+1"],"picked":"Slimebound:FormOfPuddle+1","floor":49}],"player_experience":697056,"relics_obtained":[{"floor":8.0,"key":"Incense Burner"},{"floor":12.0,"key":"Oddly Smooth Stone"},{"floor":22.0,"key":"Enchiridion"},{"floor":24.0,"key":"hexamod:Sixitude"},{"floor":28.0,"key":"Ancient Tea Set"},{"floor":41,"key":"Toxic Egg 2"},{"floor":46,"key":"Art of War"},{"floor":48,"key":"Vajra"}],"event_choices":[{"cards_removed":["Slimebound:Defend_Slimebound"],"damage_healed":0.0,"max_hp_gain":0.0,"max_hp_loss":0.0,"gold_gain":0.0,"event_name":"The Cleric","player_choice":"Card Removal","floor":14.0,"gold_loss":0.0,"damage_taken":0.0}],"is_beta":false,"boss_relics":[{"not_picked":["Slimebound:TarBlob","Empty Cage"],"picked":"Coffee Dripper"},{"not_picked":["Runic Pyramid","Slimebound:AbsorbEndCombatUpgraded"],"picked":"Astrolabe"}],"items_purged_floors":[5],"is_endless":false,"potions_floor_spawned":[2,4,11,15,16,26,27,31,32,39,43,45,46,48,49],"killed_by":"DF_ARCHETYPE_ORBS","ascension_level":6}}