{"host":"tbhNathan","time":1612264826,"event":{"mods":["AchievementEnabler","BaseMod","Better Third Choice","Googly Eyes","Highlight Path","Minty Spire (QoL Compilation)","StSLib","The Disciple","The Hierophant","The Mystic"],"gold_per_floor":[115,115,135,107,107,140,140,140,214,224,244,255,271,305,305,401,401,414,161,177,189,207,207,207,217,217,234,234,260,287,47,47,149,149,166,166,166,186,1,1,12,62,113,138,0,12,36,62,74,86,86],"floor_reached":50,"language":"ENG","playtime":8540,"items_purged":[],"score":476,"play_id":"a72dc83a-3f95-469a-bf4d-70a0ff6e8469","local_time":"20210202112026","is_ascension_mode":false,"campfire_choices":[{"floor":7.0,"key":"REST"},{"floor":15,"key":"REST"},{"floor":23,"key":"REST"},{"floor":28,"key":"REST"},{"floor":32,"key":"REST"},{"floor":40,"key":"REST"},{"floor":46,"key":"REST"},{"floor":49,"key":"REST"}],"circlet_count":0,"master_deck":["Strike_P","Strike_P","Strike_P","Strike_P","Defend_P","Defend_P","Defend_P","Defend_P","Vigilance+1","FollowUp+1","FlurryOfBlows","EmptyBody","Iron Wave+1","BattleHymn","FollowUp","PathToVictory","BowlingBash+1","LessonLearned","CutThroughFate+1","Consecrate+1","Prostrate+1","SignatureMove+1","EmptyBody+1","Conclude+1","Blasphemy","Crescendo+1","Adaptation","PathToVictory","Evaluate+1","Prostrate+1","PathToVictory+1"],"relics":["Velvet Choker","Damaru","Nunchaku","Eternal Feather","Bronze Scales","Fusion Hammer","Pen Nib","Question Card","Anchor","Orichalcum","Bottled Lightning","SlaversCollar","Ancient Tea Set","Ice Cream","MawBank","Red Mask"],"acts_visited":["Exordium","TheCity","TheBeyond"],"potions_floor_usage":[14,16,18,20,25,27,33,42,48,50],"damage_taken":[{"damage":0.0,"enemies":"2 Louse","floor":1.0,"turns":4.0},{"damage":5.0,"enemies":"Small Slimes","floor":3.0,"turns":4.0},{"damage":27.0,"enemies":"3 Sentries","floor":6.0,"turns":9.0},{"damage":1.0,"enemies":"Cultist","floor":10.0,"turns":5.0},{"damage":7,"enemies":"Blue Slaver","floor":11,"turns":3},{"damage":3,"enemies":"Lots of Slimes","floor":12,"turns":4},{"damage":0,"enemies":"Exordium Thugs","floor":13,"turns":3},{"damage":8,"enemies":"Gremlin Nob","floor":14,"turns":3},{"damage":37,"enemies":"Slime Boss","floor":16,"turns":7},{"damage":4,"enemies":"Shell Parasite","floor":18,"turns":5},{"damage":3,"enemies":"Spheric Guardian","floor":20,"turns":3},{"damage":16,"enemies":"Cultist and Chosen","floor":21,"turns":5},{"damage":20,"enemies":"Shelled Parasite and Fungi","floor":22,"turns":6},{"damage":8,"enemies":"Centurion and Healer","floor":25,"turns":3},{"damage":14,"enemies":"Snecko","floor":27,"turns":5},{"damage":18,"enemies":"Book of Stabbing","floor":30,"turns":4},{"damage":37,"enemies":"Collector","floor":33,"turns":7},{"damage":3,"enemies":"3 Shapes","floor":35,"turns":3},{"damage":16,"enemies":"Orb Walker","floor":38,"turns":3},{"damage":5,"enemies":"3 Darklings","floor":41,"turns":5},{"damage":16,"enemies":"Mind Bloom Boss Battle","floor":42,"turns":6},{"damage":22,"enemies":"Jaw Worm Horde","floor":44,"turns":4},{"damage":31,"enemies":"Spire Growth","floor":47,"turns":4},{"damage":2,"enemies":"3 Darklings","floor":48,"turns":4},{"damage":81,"enemies":"Donu and Deca","floor":50,"turns":7}],"seed_played":"-908290103942265002","potions_obtained":[{"floor":3.0,"key":"Fruit Juice"},{"floor":6.0,"key":"BottledMiracle"},{"floor":12,"key":"SkillPotion"},{"floor":16,"key":"DistilledChaos"},{"floor":21,"key":"Energy Potion"},{"floor":25,"key":"ColorlessPotion"},{"floor":30,"key":"Block Potion"},{"floor":41,"key":"SteroidPotion"},{"floor":44,"key":"Energy Potion"},{"floor":47,"key":"Fire Potion"},{"floor":48,"key":"Ambrosia"}],"is_trial":false,"path_per_floor":["M","?","M","?","?","E","R","?","T","M","M","M","M","E","R","B",null,"M","$","M","M","M","R","?","M","T","M","R","T","E","$","R","B",null,"M","?","?","M","$","R","M","?","T","M","?","R","M","M","R","B"],"character_chosen":"WATCHER","items_purchased":["Pen Nib","FlurryOfBlows","AttackPotion","Bottled Lightning","Ancient Tea Set","Adaptation"],"campfire_rested":8,"item_purchase_floors":[19,19,19,31,39,39],"current_hp_per_floor":[72,39,39,39,44,17,41,41,41,40,33,30,30,22,55,18,82,78,78,75,59,39,75,75,67,67,53,82,82,64,64,82,45,82,79,78,78,62,62,78,73,57,57,35,35,73,42,40,78,0,0],"gold":86,"neow_bonus":"BOSS_RELIC","is_daily":false,"chose_seed":false,"campfire_upgraded":0,"win_rate":0.0,"timestamp":1612264826,"path_taken":["M","?","M","?","?","E","R","?","T","M","M","M","M","E","R","BOSS","M","$","M","M","?","R","?","M","T","?","R","?","E","?","R","BOSS","M","?","?","M","$","R","M","?","T","?","?","R","M","M","R","BOSS"],"items_purchased_type":["Relic","Card","Potion","Relic","Relic","Card"],"build_version":"2020-12-18","purchased_purges":0,"victory":false,"max_hp_per_floor":[72,72,77,77,82,82,82,82,82,82,82,82,82,82,82,82,82,82,82,82,82,82,82,82,82,82,82,82,82,82,82,82,82,82,82,78,78,78,78,78,78,78,78,78,78,78,78,78,78,78,78],"card_choices":[{"not_picked":["Protect","WheelKick"],"picked":"FollowUp","floor":1.0},{"not_picked":["TalkToTheHand","Study"],"picked":"FlurryOfBlows","floor":3.0},{"not_picked":["Protect","SignatureMove"],"picked":"EmptyBody","floor":6.0},{"not_picked":["Conclude","Establishment"],"picked":"BattleHymn","floor":10},{"not_picked":["Prostrate","Halt"],"picked":"FollowUp","floor":11},{"not_picked":["Protect","EmptyFist"],"picked":"PathToVictory","floor":12},{"not_picked":["Evaluate","Protect"],"picked":"Consecrate","floor":13},{"not_picked":["Conclude","EmptyBody"],"picked":"BowlingBash","floor":14},{"not_picked":["Devotion","Alpha"],"picked":"LessonLearned","floor":16},{"not_picked":["EmptyFist","LikeWater"],"picked":"CutThroughFate+1","floor":18},{"not_picked":["Nirvana","ReachHeaven+1"],"picked":"Consecrate+1","floor":20},{"not_picked":["Wallop","Worship"],"picked":"Prostrate+1","floor":21},{"not_picked":["Fasting2+1","FollowUp"],"picked":"SignatureMove+1","floor":22},{"not_picked":["JustLucky","FlyingSleeves","Protect"],"picked":"SKIP","floor":25},{"not_picked":["LikeWater+1","Adaptation+1","FlyingSleeves"],"picked":"EmptyBody+1","floor":27},{"not_picked":["PathToVictory+1","Nirvana","ReachHeaven+1"],"picked":"Conclude+1","floor":30},{"not_picked":["Alpha","Omniscience","LessonLearned"],"picked":"Blasphemy","floor":33},{"not_picked":["Halt+1","Perseverance+1","EmptyFist+1","Weave"],"picked":"SKIP","floor":35},{"not_picked":["ThirdEye+1","CrushJoints","BowlingBash+1"],"picked":"Crescendo+1","floor":38},{"not_picked":["Perseverance","CrushJoints","FlurryOfBlows+1"],"picked":"PathToVictory","floor":41},{"not_picked":["Swivel","BattleHymn","TalkToTheHand"],"picked":"Evaluate+1","floor":42},{"not_picked":["Brilliance","Crescendo","ClearTheMind+1","SashWhip"],"picked":"SKIP","floor":44},{"not_picked":["SignatureMove+1","PathToVictory","Indignation"],"picked":"Prostrate+1","floor":47},{"not_picked":["Omniscience","ThirdEye","DeceiveReality"],"picked":"PathToVictory+1","floor":48}],"player_experience":183838,"relics_obtained":[{"floor":6.0,"key":"Nunchaku"},{"floor":9.0,"key":"Eternal Feather"},{"floor":14,"key":"Bronze Scales"},{"floor":26,"key":"Question Card"},{"floor":29,"key":"Anchor"},{"floor":30,"key":"Orichalcum"},{"floor":42,"key":"Ice Cream"},{"floor":43,"key":"MawBank"}],"event_choices":[{"damage_healed":0.0,"max_hp_gain":0.0,"max_hp_loss":0.0,"gold_gain":0.0,"event_name":"betterThird:BetterScrap","player_choice":"Relic ","floor":2.0,"gold_loss":0.0,"damage_taken":33.0,"cards_obtained":["Calculated Gamble"]},{"damage_healed":0.0,"max_hp_gain":0.0,"max_hp_loss":0.0,"gold_gain":0.0,"event_name":"betterThird:BetterGoop","player_choice":"Left","floor":4.0,"gold_loss":28.0,"damage_taken":0.0},{"damage_healed":0.0,"max_hp_gain":5.0,"max_hp_loss":0.0,"gold_gain":0.0,"event_name":"Big Fish","player_choice":"Donut","floor":5.0,"gold_loss":0.0,"damage_taken":0.0},{"cards_removed":["Eruption"],"damage_healed":0.0,"max_hp_gain":0.0,"max_hp_loss":0.0,"gold_gain":0.0,"event_name":"NoteForYourself","player_choice":"Took Card","floor":8.0,"gold_loss":0.0,"damage_taken":0.0,"cards_obtained":["Iron Wave"]},{"cards_removed":["Consecrate"],"damage_healed":0,"gold_gain":0,"player_choice":"Purged","damage_taken":0,"max_hp_gain":0,"max_hp_loss":0,"event_name":"Purifier","floor":24,"gold_loss":0},{"damage_healed":0,"gold_gain":0,"player_choice":"Max HP","damage_taken":0,"max_hp_gain":0,"max_hp_loss":4,"event_name":"Winding Halls","floor":36,"gold_loss":0},{"cards_removed":["FlurryOfBlows"],"damage_healed":0,"gold_gain":0,"player_choice":"Removed Attack","damage_taken":0,"max_hp_gain":0,"max_hp_loss":0,"event_name":"Falling","floor":37,"gold_loss":0},{"damage_healed":0,"gold_gain":0,"player_choice":"Fight","damage_taken":0,"max_hp_gain":0,"max_hp_loss":0,"event_name":"MindBloom","floor":42,"gold_loss":0},{"damage_healed":0,"gold_gain":0,"player_choice":"Paid","damage_taken":0,"relics_obtained":["Red Mask"],"max_hp_gain":0,"max_hp_loss":0,"event_name":"Tomb of Lord Red Mask","floor":45,"gold_loss":150}],"is_beta":true,"boss_relics":[{"not_picked":["Astrolabe","Ectoplasm"],"picked":"Fusion Hammer"},{"not_picked":["Tiny House","Philosopher\u0027s Stone"],"picked":"SlaversCollar"}],"items_purged_floors":[],"is_endless":false,"potions_floor_spawned":[3,6,12,16,21,25,30,41,44,47,48],"killed_by":"Donu and Deca","ascension_level":0}}