{"host":"idjwbq71yrpkph1r","time":1612310329,"event":{"mods":["AchievementEnabler","Alarm Clock","BaseMod","Block Reminder","Colored Powertips","FTL Soundtrack","Minty Spire (QoL Compilation)","Morshu Shopkeeper - ENHANCED","Rare Cards Sparkle","StSLib","everything is the same but u backflip on backflip"],"gold_per_floor":[112,112,187,187,137,137,137,137,137,62,96,109,137,137,137,240,240,260,274,288,313,4,37,37,64,90,105,105,105],"floor_reached":28,"language":"ENG","playtime":774,"items_purged":["Strike_R","Strike_R"],"score":316,"play_id":"92af07eb-1800-483a-ac77-58c8da6aa29e","local_time":"20210203005849","is_ascension_mode":true,"campfire_choices":[{"floor":6,"key":"REST"},{"data":"Bash","floor":8,"key":"SMITH"},{"data":"Iron Wave","floor":15,"key":"SMITH"}],"circlet_count":0,"master_deck":["Strike_R","Strike_R","Defend_R","Defend_R","Defend_R","Bash+1","Anger+1","Iron Wave+1","Headbutt","Demon Form","Anger","Armaments+1","Flex","Writhe","Intimidate+1"],"relics":["Burning Blood","NeowsBlessing","Ice Cream","Pear","Nunchaku","Question Card","PreservedInsect","Coffee Dripper","Red Mask","HandDrill","Thread and Needle","Centennial Puzzle","Ancient Tea Set","MealTicket"],"acts_visited":["Exordium","TheCity"],"potions_floor_usage":[21,23,23,25,28],"damage_taken":[{"damage":0,"enemies":"2 Louse","floor":1,"turns":1},{"damage":0,"enemies":"Gremlin Nob","floor":11,"turns":1},{"damage":0,"enemies":"Jaw Worm","floor":12,"turns":1},{"damage":16,"enemies":"Lagavulin","floor":13,"turns":5},{"damage":53,"enemies":"Hexaghost","floor":16,"turns":8},{"damage":29,"enemies":"2 Thieves","floor":18,"turns":4},{"damage":11,"enemies":"Shell Parasite","floor":19,"turns":4},{"damage":24,"enemies":"Snecko","floor":20,"turns":4},{"damage":29,"enemies":"Masked Bandits","floor":21,"turns":4},{"damage":15,"enemies":"Book of Stabbing","floor":23,"turns":4},{"damage":26,"enemies":"Slavers","floor":25,"turns":5},{"damage":22,"enemies":"Cultist and Chosen","floor":27,"turns":5},{"damage":9,"enemies":"Snake Plant","floor":28,"turns":2}],"seed_played":"-8670737480249404066","potions_obtained":[{"floor":11,"key":"BloodPotion"},{"floor":12,"key":"Fire Potion"},{"floor":16,"key":"Regen Potion"},{"floor":21,"key":"AttackPotion"},{"floor":25,"key":"ColorlessPotion"}],"is_trial":false,"path_per_floor":["M","?","?","?","?","R","?","R","T","$","E","M","E","T","R","B",null,"M","M","M","?","$","E","?","E","T","M","M"],"character_chosen":"IRONCLAD","items_purchased":["Flex","HandDrill"],"campfire_rested":1,"item_purchase_floors":[22,22],"current_hp_per_floor":[80,80,69,51,51,75,68,68,78,78,84,90,80,80,80,33,90,67,62,44,21,21,30,30,24,24,8,0,0],"gold":105,"neow_bonus":"THREE_ENEMY_KILL","is_daily":false,"chose_seed":false,"campfire_upgraded":2,"win_rate":0.0,"timestamp":1612310329,"path_taken":["M","?","?","?","?","R","?","R","T","?","E","M","E","?","R","BOSS","M","M","M","?","$","E","?","E","T","?","M"],"items_purchased_type":["Card","Relic"],"build_version":"2020-12-22","purchased_purges":2,"victory":false,"max_hp_per_floor":[80,80,80,80,80,80,80,80,90,90,90,90,90,90,90,90,90,90,90,90,90,90,90,90,90,90,90,90,90],"card_choices":[{"not_picked":["Armaments","Heavy Blade"],"picked":"Anger","floor":1},{"not_picked":["Fire Breathing","Whirlwind"],"picked":"Iron Wave","floor":11},{"not_picked":["Reckless Charge","Sentinel","Dark Embrace"],"picked":"SKIP","floor":12},{"not_picked":["Sever Soul","Reckless Charge"],"picked":"Headbutt","floor":13},{"not_picked":["Exhume","Feed","Bludgeon"],"picked":"Demon Form","floor":16},{"not_picked":["Sword Boomerang","Armaments","Shrug It Off+1","Body Slam"],"picked":"SKIP","floor":18},{"not_picked":["Clothesline","Havoc","Disarm"],"picked":"Anger","floor":19},{"not_picked":["Perfected Strike","Infernal Blade","Cleave","Bloodletting"],"picked":"SKIP","floor":20},{"not_picked":["Warcry","Sever Soul","Wild Strike+1"],"picked":"Armaments+1","floor":21},{"not_picked":["Cleave+1","Havoc+1","Warcry","Pummel+1"],"picked":"SKIP","floor":23},{"not_picked":["Burning Pact","Combust","Feel No Pain"],"picked":"Intimidate+1","floor":25},{"not_picked":["Perfected Strike","Shockwave","Cleave","Clothesline"],"picked":"SKIP","floor":27},{"not_picked":["Perfected Strike","Shockwave","Cleave","Clothesline"],"picked":"SKIP","floor":27}],"player_experience":316016,"relics_obtained":[{"floor":9,"key":"Pear"},{"floor":11,"key":"Nunchaku"},{"floor":13,"key":"Question Card"},{"floor":14,"key":"PreservedInsect"},{"floor":21,"key":"Red Mask"},{"floor":23,"key":"Thread and Needle"},{"floor":25,"key":"Ancient Tea Set"},{"floor":26,"key":"MealTicket"}],"event_choices":[{"damage_healed":0,"gold_gain":0,"player_choice":"Grow","damage_taken":0,"max_hp_gain":0,"max_hp_loss":0,"event_name":"Living Wall","floor":2,"gold_loss":0,"cards_upgraded":["Anger"]},{"damage_healed":0,"gold_gain":75,"player_choice":"Gather Gold","damage_taken":11,"max_hp_gain":0,"max_hp_loss":0,"event_name":"World of Goop","floor":3,"gold_loss":0},{"damage_healed":0,"gold_gain":0,"player_choice":"Success","damage_taken":18,"relics_obtained":["Ice Cream"],"max_hp_gain":0,"max_hp_loss":0,"event_name":"Scrap Ooze","floor":4,"gold_loss":0},{"cards_removed":["Defend_R"],"damage_healed":0,"gold_gain":0,"player_choice":"Card Removal","damage_taken":0,"max_hp_gain":0,"max_hp_loss":0,"event_name":"The Cleric","floor":5,"gold_loss":50},{"cards_removed":["Strike_R"],"damage_healed":0,"gold_gain":0,"player_choice":"Card Removal","damage_taken":7,"max_hp_gain":0,"max_hp_loss":0,"event_name":"Golden Wing","floor":7,"gold_loss":0},{"damage_healed":0,"gold_gain":0,"player_choice":"Fought Bandits","damage_taken":0,"max_hp_gain":0,"max_hp_loss":0,"event_name":"Masked Bandits","floor":21,"gold_loss":0},{"damage_healed":0,"gold_gain":0,"player_choice":"Opened","damage_taken":0,"relics_obtained":["Centennial Puzzle"],"max_hp_gain":0,"max_hp_loss":0,"event_name":"The Mausoleum","floor":24,"gold_loss":0,"cards_obtained":["Writhe"]}],"is_beta":false,"boss_relics":[{"not_picked":["Runic Dome","Snecko Eye"],"picked":"Coffee Dripper"}],"items_purged_floors":[10,22],"is_endless":false,"potions_floor_spawned":[11,12,16,19,21,25],"killed_by":"Snake Plant","ascension_level":2}}