{"host":"qqj8xvc6rh6p9rdh","time":1612281806,"event":{"mods":["Act Like it!","BaseMod","DNKmod","Friendly Minions","Hubris","Minty Spire (QoL Compilation)","Small Relic Pack","StSLib","The Animator"],"gold_per_floor":[1228,1132,1156,1156,1167,1167,1219,1236,1236,1236,1253,1094,1127,1173,1173,1250,1250,1270,1287,997,1011,1024,1024,1059,1059,1059,1077,1112,1112,1124,1155,1155,1227,1227,1242,1242,1242],"floor_reached":36,"language":"ENG","playtime":1464,"items_purged":["animator:DolaCouronne","animator:Strike_Kancolle"],"score":922,"play_id":"08c72cf6-6acc-4929-87ec-8b8ede06c3dc","local_time":"20210203000326","is_ascension_mode":true,"campfire_choices":[{"floor":6.0,"key":"RECALL"},{"data":"animator:Archer","floor":15.0,"key":"SMITH"},{"data":"animator:Assassin","floor":23.0,"key":"SMITH"},{"data":"animator:Hibiki","floor":25.0,"key":"SMITH"},{"data":"animator:Berserker","floor":32.0,"key":"SMITH"}],"circlet_count":0,"master_deck":["AscendersBane","animator:Strike_Fate","animator:Defend_Fate","animator:Alexander","animator:Rider","animator:EmiyaShirou","animator:Strike_Konosuba","animator:Defend_Fate","animator:Defend_GATE","animator:Defend_GoblinSlayer","animator:ShinjiMatou","animator:Caster","animator:Caster","animator:Archer+1","animator:Illya","animator:Berserker+1","animator:Alexander+1","animator:SakuraMatou+1","animator:Hibiki+1","animator:Assassin+1","animator:ItamiYouji"],"relics":["animator:LivingPicture","animator:TheMissingPiece","NeowsBlessing","Incense Burner","hubris:OldNail","Boot","hubris:RunicObelisk","Regal Pillow","hubris:TinFlute","Nloth\u0027s Gift","hubris:AstralHammer","Coffee Dripper"],"acts_visited":["Exordium","TheCity","TheBeyond"],"potions_floor_usage":[],"damage_taken":[{"damage":0.0,"enemies":"Cultist","floor":1.0,"turns":1.0},{"damage":0.0,"enemies":"Small Slimes","floor":3.0,"turns":2.0},{"damage":0.0,"enemies":"2 Louse","floor":5.0,"turns":1.0},{"damage":131.0,"enemies":"Gremlin Nob","floor":7.0,"turns":6.0},{"damage":0.0,"enemies":"Gremlin Gang","floor":8.0,"turns":1.0},{"damage":0.0,"enemies":"2 Fungi Beasts","floor":11.0,"turns":3.0},{"damage":3.0,"enemies":"Lagavulin","floor":13.0,"turns":5.0},{"damage":0.0,"enemies":"Blue Slaver","floor":14.0,"turns":3.0},{"damage":108.0,"enemies":"Hexaghost","floor":16.0,"turns":5.0},{"damage":0.0,"enemies":"3 Byrds","floor":18.0,"turns":4.0},{"damage":9.0,"enemies":"Shell Parasite","floor":19.0,"turns":3.0},{"damage":27.0,"enemies":"Shelled Parasite and Fungi","floor":21.0,"turns":4.0},{"damage":9.0,"enemies":"3 Cultists","floor":22.0,"turns":4.0},{"damage":34.0,"enemies":"Slavers","floor":24.0,"turns":3.0},{"damage":11.0,"enemies":"Centurion and Healer","floor":27.0,"turns":4.0},{"damage":4.0,"enemies":"Book of Stabbing","floor":28.0,"turns":4.0},{"damage":47.0,"enemies":"Cultist and Chosen","floor":30.0,"turns":5.0},{"damage":2.0,"enemies":"animator:HornedBat","floor":31.0,"turns":4.0},{"damage":5.0,"enemies":"Automaton","floor":33.0,"turns":6.0},{"damage":3,"enemies":"3 Darklings","floor":35,"turns":3}],"seed_played":"7822337727835029811","potions_obtained":[{"floor":3.0,"key":"Energy Potion"},{"floor":5.0,"key":"Block Potion"},{"floor":8.0,"key":"Weak Potion"},{"floor":22.0,"key":"Swift Potion"},{"floor":27.0,"key":"FearPotion"},{"floor":33.0,"key":"SteroidPotion"}],"is_trial":false,"path_per_floor":["M","?","M","?","M","R","E","M","T","?","M","$","E","M","R","B",null,"M","M","$","M","M","R","E","R","T","M","E","?","M","E","R","B",null,"M","$"],"character_chosen":"THE_ANIMATOR","items_purchased":["animator:Archer","animator:Hibiki"],"campfire_rested":0,"item_purchase_floors":[12,20],"current_hp_per_floor":[500,500,500,493,494,494,363,363,363,363,363,363,361,361,361,253,440,440,433,433,406,397,397,363,363,363,352,348,348,301,299,299,294,452,449,449,449],"gold":1242,"neow_bonus":"THREE_ENEMY_KILL","is_daily":false,"chose_seed":false,"campfire_upgraded":4,"win_rate":0.0,"timestamp":1612281806,"path_taken":["M","?","M","?","M","R","E","M","T","?","?","$","E","M","R","BOSS","M","M","$","M","M","R","E","R","T","M","E","?","?","E","R","BOSS","M","$"],"items_purchased_type":["Card","Card"],"build_version":"2020-12-22","purchased_purges":2,"victory":false,"max_hp_per_floor":[500,500,500,500,501,501,501,501,501,501,501,501,502,502,502,502,502,502,504,504,504,504,504,504,504,504,504,504,504,504,504,504,504,504,504,504,504],"card_choices":[{"not_picked":["animator:Shion","animator:Illya"],"picked":"animator:EmiyaShirou","floor":1.0},{"not_picked":["animator:DolaRiku","animator:Mitsuba","animator:TukaLunaMarceau"],"picked":"SKIP","floor":3.0},{"not_picked":["animator:SakuraMatou","animator:IzunaHatsuse"],"picked":"animator:ShinjiMatou","floor":5.0},{"not_picked":["animator:EmiyaShirou","animator:ShinjiMatou"],"picked":"animator:Caster","floor":7.0},{"not_picked":["animator:DolaCouronne","animator:GuildGirl","animator:Spearman"],"picked":"SKIP","floor":8.0},{"not_picked":["animator:Rider","animator:Shion"],"picked":"animator:Caster","floor":11.0},{"not_picked":["animator:ItamiYouji","animator:GuildGirl"],"picked":"animator:Illya","floor":13.0},{"not_picked":["animator:Rider","animator:Illya"],"picked":"animator:Berserker","floor":14.0},{"not_picked":["animator:LizardPriest","animator:RoryMercury"],"picked":"animator:Alexander+1","floor":18.0},{"not_picked":["animator:ShinjiMatou","animator:Shuna"],"picked":"animator:SakuraMatou+1","floor":19.0},{"not_picked":["animator:Benimaru","animator:IrohaTamaki","animator:Yoichi"],"picked":"SKIP","floor":21.0},{"not_picked":["animator:Alexander","animator:EmiyaShirou"],"picked":"animator:Assassin","floor":22.0},{"not_picked":["animator:Witch","animator:MamiTomoe","animator:YaoHaDucy"],"picked":"SKIP","floor":24.0},{"not_picked":["animator:Jibril","animator:CowGirl","animator:Shion"],"picked":"SKIP","floor":27.0},{"not_picked":["animator:YaoHaDucy+1","animator:Arpeggio+1","animator:FielNirvalen"],"picked":"SKIP","floor":28.0},{"not_picked":["animator:MadokaKaname","animator:Shion+1","animator:Mikaela"],"picked":"SKIP","floor":31.0},{"not_picked":["animator:GoblinSlayer","animator:Kyubey"],"picked":"animator:ItamiYouji","floor":33.0},{"not_picked":["animator:Jibril","animator:Shuna","animator:GuildGirl+1"],"picked":"SKIP","floor":35}],"player_experience":801235,"relics_obtained":[{"floor":7.0,"key":"Incense Burner"},{"floor":9.0,"key":"hubris:OldNail"},{"floor":13.0,"key":"Boot"},{"floor":24.0,"key":"Regal Pillow"},{"floor":26.0,"key":"Ginger"},{"floor":28.0,"key":"hubris:TinFlute"},{"floor":31.0,"key":"hubris:AstralHammer"}],"event_choices":[{"cards_removed":["animator:Strike_OnePunchMan"],"damage_healed":0.0,"max_hp_gain":0.0,"max_hp_loss":0.0,"gold_gain":0.0,"event_name":"Golden Wing","player_choice":"Card Removal","floor":4.0,"gold_loss":0.0,"damage_taken":7.0},{"damage_healed":0.0,"max_hp_gain":0.0,"max_hp_loss":0.0,"gold_gain":0.0,"event_name":"Match and Keep!","player_choice":"1 cards matched","floor":10.0,"gold_loss":0.0,"damage_taken":0.0,"cards_obtained":["animator:DolaCouronne"]},{"damage_healed":0.0,"max_hp_gain":0.0,"max_hp_loss":0.0,"gold_gain":0.0,"event_name":"N\u0027loth","player_choice":"Traded Relic","floor":29.0,"relics_lost":["Ginger"],"gold_loss":0.0,"damage_taken":0.0,"relics_obtained":["Nloth\u0027s Gift"]}],"is_beta":false,"boss_relics":[{"not_picked":["SacredBark","Fusion Hammer"],"picked":"hubris:RunicObelisk"},{"not_picked":["Mark of Pain","Velvet Choker"],"picked":"Coffee Dripper"}],"items_purged_floors":[12,20],"is_endless":false,"potions_floor_spawned":[3,5,8,13,14,22,27,28,33],"ascension_level":20}}