{"host":"a00pwxwvvpsg0jw6","time":1612308547,"event":{"mods":["AchievementEnabler","BaseMod","Minty Spire (QoL Compilation)","Replay The Spire","StSLib"],"gold_per_floor":[109,109,3366,3366,3366,3409,3409,3423,3423,3423,3462,3500,3500,3541,3541,3670,3670,3691,3709,3709,3725,3735,3763,3763,3763,3763,3798,2999,2244,2244,2263,2263,2365,2365,2384,2384,1830,1848,1326,1352,1352,1380,1380,1398,1398,607,641,651,651,651],"floor_reached":51,"language":"ENG","playtime":2136,"items_purged":["Strike_R","Strike_R","Defend_R","Defend_R","Defend_R","Doubt"],"score":1018,"play_id":"7fac769d-fd30-452b-87eb-3b2072a4b7a0","local_time":"20210202172907","is_ascension_mode":true,"campfire_choices":[{"data":"Offering","floor":7,"key":"SMITH"},{"data":"Bash","floor":10,"key":"SMITH"},{"data":"Thunderclap","floor":13,"key":"SMITH"},{"data":"Pommel Strike","floor":15,"key":"SMITH"},{"data":"Barricade","floor":25,"key":"SMITH"},{"data":"Offering","floor":32,"key":"SMITH"},{"data":"Pot Of Greed","floor":41,"key":"SMITH"},{"data":"Limit Break","floor":49,"key":"SMITH"}],"circlet_count":0,"master_deck":["Strike_R+2","Strike_R+1","Defend_R+1","Bash+1","Pommel Strike","Pommel Strike+1","Offering+1","Thunderclap+1","Shrug It Off","Shrug It Off","Shrug It Off","Offering+1","Limit Break+1","Pot Of Greed+1","Pot Of Greed","ReplayTheSpireMod:Limb From Limb+1"],"relics":["Burning Blood","DollysMirror","Bag of Marbles","Self Forming Clay","Bloody Idol","Snack Pack","ReplayTheSpireMod:Spearhead","Potion Belt","Odd Mushroom","Simple Rune","Philosopher\u0027s Stone","Happy Flower","Shuriken","Ancient Tea Set","Bottled Lightning","Lantern","Brimstone","Chemical X","Replay:Baseball","Boot","Busted Crown","Grinning Jar","White Beast Statue","OrangePellets","Replay:Wax Seal","Anchor","Pantograph","Gremlin Horn","Chameleon Ring","Ring of Chaos","Ring of Panic","Cauldron","Mango","PreservedInsect","Calipers"],"acts_visited":["Exordium","TheCity","TheBeyond"],"potions_floor_usage":[23,23,23,33,40,50,50,50,50],"damage_taken":[{"damage":5,"enemies":"2 Louse","floor":1,"turns":4},{"damage":21,"enemies":"3 Sentries","floor":6,"turns":8},{"damage":0,"enemies":"Small Slimes","floor":8,"turns":2},{"damage":21,"enemies":"Lagavulin","floor":11,"turns":4},{"damage":27,"enemies":"The Mushroom Lair","floor":12,"turns":3},{"damage":6,"enemies":"Gremlin Nob","floor":14,"turns":2},{"damage":18,"enemies":"Hexaghost","floor":16,"turns":9},{"damage":6,"enemies":"2 Thieves","floor":18,"turns":2},{"damage":6,"enemies":"Shell Parasite","floor":19,"turns":2},{"damage":27,"enemies":"Centurion and Healer","floor":21,"turns":3},{"damage":28,"enemies":"Snake Plant","floor":22,"turns":3},{"damage":32,"enemies":"Book of Stabbing","floor":23,"turns":6},{"damage":29,"enemies":"Gremlin Leader","floor":27,"turns":4},{"damage":12,"enemies":"Snecko","floor":31,"turns":1},{"damage":30,"enemies":"Pondfish","floor":33,"turns":6},{"damage":12,"enemies":"3 Darklings","floor":35,"turns":1},{"damage":7,"enemies":"3 Shapes","floor":38,"turns":2},{"damage":6,"enemies":"Reptomancer","floor":40,"turns":2},{"damage":12,"enemies":"Giant Head","floor":42,"turns":1},{"damage":12,"enemies":"Sphere and 2 Shapes","floor":44,"turns":1},{"damage":18,"enemies":"R_Hoarder","floor":47,"turns":3},{"damage":0,"enemies":"Jaw Worm Horde","floor":48,"turns":1},{"damage":12,"enemies":"Replay:Hell Engine","floor":50,"turns":2}],"seed_played":"699628205002897949","potions_obtained":[{"floor":8,"key":"ColorlessPotion"},{"floor":11,"key":"Languid Potion"},{"floor":12,"key":"Weak Potion"},{"floor":14,"key":"ElixirPotion"},{"floor":18,"key":"BloodPotion"},{"floor":19,"key":"Adrenaline Potion"},{"floor":31,"key":"DuplicationPotion"},{"floor":38,"key":"ColorlessPotion"},{"floor":40,"key":"Fruit Juice"},{"floor":42,"key":"Strength Potion"},{"floor":44,"key":"DistilledChaos"}],"is_trial":false,"path_per_floor":["M","?","$","?","?","E","R","M","T","R","E","?","R","E","R","B",null,"M","M","?","M","M","E","?","R","T","E","$","$","?","M","R","B",null,"M","?","$","M","$","E","R","E","T","M","?","$","E","M","R","B",null],"character_chosen":"IRONCLAD","items_purchased":["DollysMirror","Bag of Marbles","Self Forming Clay","Bottled Lightning","Lantern","Brimstone","FearPotion","Weak Potion","Swift Potion","Shrug It Off","Offering","Chemical X","Replay:Baseball","Boot","Grinning Jar","White Beast Statue","OrangePellets","Replay:Wax Seal","Anchor","Cauldron","Mango","PreservedInsect"],"campfire_rested":0,"item_purchase_floors":[3,3,3,28,28,28,28,28,28,29,29,29,29,29,37,37,39,39,39,46,46,46],"current_hp_per_floor":[85,68,68,68,68,53,53,59,59,59,46,29,29,31,31,23,79,79,79,79,67,52,48,48,48,48,54,54,54,89,89,89,80,89,89,89,89,89,89,94,94,94,94,94,94,108,101,108,108,108],"gold":651,"neow_bonus":"RANDOM_EVENT","is_daily":false,"chose_seed":false,"campfire_upgraded":8,"win_rate":0.0,"timestamp":1612308547,"path_taken":["M","?","$","?","?","E","R","M","T","R","E","?","R","E","R","BOSS","M","M","?","M","M","E","?","R","T","E","?","$","?","?","R","BOSS","M","?","$","M","$","E","R","E","T","M","?","$","E","M","R","BOSS"],"items_purchased_type":["Relic","Relic","Relic","Relic","Relic","Relic","Potion","Potion","Potion","Card","Card","Relic","Relic","Relic","Relic","Relic","Relic","Relic","Relic","Relic","Relic","Relic"],"build_version":"2020-12-22","purchased_purges":6,"victory":true,"max_hp_per_floor":[85,85,85,85,79,79,79,79,79,79,79,79,79,79,79,79,79,79,79,79,79,79,79,79,79,79,79,79,79,89,89,89,89,89,89,89,89,89,89,94,94,94,94,94,94,108,108,108,108,108],"card_choices":[{"not_picked":["Perfected Strike","Clothesline"],"picked":"Pommel Strike","floor":1},{"not_picked":["Battle Trance","ReplayTheSpireMod:Corrosion Curse"],"picked":"Offering","floor":6},{"not_picked":["True Grit","Clash","Replay:Undeath\u0027s Touch"],"picked":"SKIP","floor":8},{"not_picked":["Armaments","Sword Boomerang","Immolate"],"picked":"SKIP","floor":11},{"not_picked":["Rage","ReplayTheSpireMod:LeadingStrike"],"picked":"Thunderclap","floor":12},{"not_picked":["Perfected Strike","Replay:Undeath\u0027s Touch"],"picked":"Shrug It Off","floor":14},{"not_picked":["Juggernaut","Corruption"],"picked":"Reaper","floor":16},{"not_picked":["Seeing Red","Run Through","Twin Strike"],"picked":"SKIP","floor":18},{"not_picked":["ReplayTheSpireMod:Corrosion Curse","Run Through","ReplayTheSpireMod:Muscle Training"],"picked":"SKIP","floor":19},{"not_picked":["Life Link+1","Headbutt","Replay:Undeath\u0027s Touch"],"picked":"SKIP","floor":21},{"not_picked":["Power Through","Thunderclap","Run Through+1"],"picked":"SKIP","floor":22},{"not_picked":["Wild Strike+1","Warcry"],"picked":"Barricade","floor":23},{"not_picked":["Wild Strike","ReplayTheSpireMod:Strike From Hell+1"],"picked":"Shrug It Off","floor":27},{"not_picked":["Clash","Warcry+1","Body Slam"],"picked":"SKIP","floor":31},{"not_picked":["Juggernaut","Fiend Fire"],"picked":"Limit Break","floor":33},{"not_picked":["Power Through"],"picked":"SKIP","floor":35},{"not_picked":["Warcry"],"picked":"SKIP","floor":38},{"not_picked":[],"picked":"ReplayTheSpireMod:Limb From Limb+1","floor":40},{"not_picked":["Blood for Blood"],"picked":"SKIP","floor":42},{"not_picked":["Sword Boomerang"],"picked":"SKIP","floor":44},{"not_picked":["ReplayTheSpireMod:Strike From Hell+1"],"picked":"SKIP","floor":47},{"not_picked":["Hemokinesis"],"picked":"SKIP","floor":48}],"player_experience":7476,"relics_obtained":[{"floor":6,"key":"Snack Pack"},{"floor":9,"key":"ReplayTheSpireMod:Spearhead"},{"floor":11,"key":"Potion Belt"},{"floor":12,"key":"Odd Mushroom"},{"floor":14,"key":"Simple Rune"},{"floor":23,"key":"Happy Flower"},{"floor":26,"key":"Shuriken"},{"floor":27,"key":"Ancient Tea Set"},{"floor":40,"key":"Pantograph"},{"floor":42,"key":"Gremlin Horn"},{"floor":43,"key":"Chameleon Ring"},{"floor":45,"key":"Ring of Chaos"},{"floor":45,"key":"Ring of Panic"},{"floor":47,"key":"Calipers"}],"event_choices":[{"damage_healed":0,"gold_gain":0,"player_choice":"Donut","damage_taken":0,"max_hp_gain":5,"max_hp_loss":0,"event_name":"Big Fish","floor":0,"gold_loss":0},{"damage_healed":0,"gold_gain":0,"player_choice":"Entered Light","damage_taken":17,"max_hp_gain":0,"max_hp_loss":0,"event_name":"Shining Light","floor":2,"gold_loss":0,"cards_upgraded":["Strike_R","Strike_R"]},{"damage_healed":0,"gold_gain":0,"player_choice":"Lose Max HP","damage_taken":0,"relics_obtained":["Golden Idol"],"max_hp_gain":0,"max_hp_loss":6,"event_name":"Golden Idol","floor":5,"gold_loss":0},{"damage_healed":0,"gold_gain":0,"player_choice":"Fought Mushrooms","damage_taken":0,"max_hp_gain":0,"max_hp_loss":0,"event_name":"Mushrooms","floor":12,"gold_loss":0},{"damage_healed":0,"gold_gain":0,"player_choice":"Gave Idol","damage_taken":0,"relics_obtained":["Bloody Idol"],"max_hp_gain":0,"max_hp_loss":0,"event_name":"Forgotten Altar","floor":20,"relics_lost":["Golden Idol"],"gold_loss":0},{"damage_healed":0,"gold_gain":0,"player_choice":"Ignored","damage_taken":0,"max_hp_gain":0,"max_hp_loss":0,"event_name":"Ghosts","floor":24,"gold_loss":0},{"cards_removed":["Reaper"],"damage_healed":25,"gold_gain":0,"player_choice":"Offered Rare","damage_taken":0,"max_hp_gain":10,"max_hp_loss":0,"event_name":"Bonfire Elementals","floor":30,"gold_loss":0},{"cards_removed":["Barricade"],"damage_healed":0,"gold_gain":0,"player_choice":"Removed Power","damage_taken":0,"max_hp_gain":0,"max_hp_loss":0,"event_name":"Falling","floor":36,"gold_loss":0}],"is_beta":false,"boss_relics":[{"not_picked":["Cursed Key","Honey Jar"],"picked":"Philosopher\u0027s Stone"},{"not_picked":["Snecko Heart","Replay:Ancient Bell"],"picked":"Busted Crown"}],"items_purged_floors":[3,28,29,37,39,46],"is_endless":false,"potions_floor_spawned":[8,11,12,14,18,19,31,38,40,42,44,47,48],"ascension_level":2}}