{"host":"4udtejx3ummmwg8f","time":1612261738,"event":{"mods":["BaseMod","Minty Spire (QoL Compilation)"],"gold_per_floor":[109,119,69,81,256,288,288,304,304,284,284,317,330,345,345,444,444,464,444,273,273,284,284,284,284],"floor_reached":24,"language":"ENG","playtime":1842,"items_purged":["Doubt"],"score":243,"play_id":"5c40f7f2-115c-4c1f-9c32-7e5b9fa0efae","local_time":"20210202205858","is_ascension_mode":true,"campfire_choices":[{"floor":7,"key":"REST"},{"data":"Infernal Blade","floor":11,"key":"SMITH"},{"floor":15,"key":"REST"},{"floor":23,"key":"REST"}],"circlet_count":0,"master_deck":["Defend_R","Defend_R","Defend_R","Bash","Twin Strike","Iron Wave","Infernal Blade+1","Twin Strike","Reckless Charge","Dual Wield","Ghostly Armor","Perfected Strike","Juggernaut","Dark Embrace+1","Pommel Strike+1","Bandage Up","Bite","Bite","Bite","Bite","Bite","Armaments+1"],"relics":["Burning Blood","NeowsBlessing","White Beast Statue","Matryoshka","Blue Candle","SlaversCollar"],"acts_visited":["Exordium","TheCity"],"potions_floor_usage":[6,12,14,14,16,16,22,24,24],"damage_taken":[{"damage":0,"enemies":"2 Louse","floor":1,"turns":1},{"damage":0,"enemies":"Small Slimes","floor":2,"turns":1},{"damage":0,"enemies":"Cultist","floor":4,"turns":1},{"damage":30,"enemies":"Gremlin Nob","floor":6,"turns":5},{"damage":16,"enemies":"Blue Slaver","floor":8,"turns":4},{"damage":22,"enemies":"3 Sentries","floor":12,"turns":4},{"damage":0,"enemies":"3 Louse","floor":13,"turns":1},{"damage":2,"enemies":"Large Slime","floor":14,"turns":4},{"damage":52,"enemies":"Hexaghost","floor":16,"turns":7},{"damage":10,"enemies":"Spheric Guardian","floor":18,"turns":3},{"damage":15,"enemies":"2 Thieves","floor":19,"turns":4},{"damage":49,"enemies":"Shelled Parasite and Fungi","floor":22,"turns":8},{"damage":67,"enemies":"Gremlin Leader","floor":24,"turns":6}],"seed_played":"-4449424351237275679","potions_obtained":[{"floor":2,"key":"EssenceOfSteel"},{"floor":6,"key":"Energy Potion"},{"floor":8,"key":"SmokeBomb"},{"floor":10,"key":"DuplicationPotion"},{"floor":12,"key":"LiquidMemories"},{"floor":13,"key":"Energy Potion"},{"floor":14,"key":"Strength Potion"},{"floor":16,"key":"Weak Potion"},{"floor":18,"key":"Ancient Potion"},{"floor":19,"key":"SpeedPotion"},{"floor":22,"key":"BlessingOfTheForge"}],"is_trial":false,"path_per_floor":["M","M","?","M","?","E","R","M","T","?","R","E","M","M","R","B",null,"M","M","$","?","M","R","E"],"character_chosen":"IRONCLAD","items_purchased":["Bandage Up"],"campfire_rested":3,"item_purchase_floors":[20],"current_hp_per_floor":[80,80,80,80,80,56,80,70,70,70,70,54,60,64,80,34,80,76,67,67,56,31,47,0,0],"gold":284,"neow_bonus":"THREE_ENEMY_KILL","is_daily":false,"chose_seed":false,"campfire_upgraded":1,"win_rate":0.0,"timestamp":1612261738,"path_taken":["M","M","?","M","?","E","R","M","T","?","R","E","M","?","R","BOSS","M","M","$","?","M","R","E"],"items_purchased_type":["Card"],"build_version":"2020-12-22","purchased_purges":1,"victory":false,"max_hp_per_floor":[80,80,80,80,80,80,80,80,80,80,80,80,80,80,80,80,80,80,80,80,56,56,56,56,56],"card_choices":[{"not_picked":["Perfected Strike","Iron Wave"],"picked":"Twin Strike","floor":1},{"not_picked":["Pommel Strike","Dark Embrace"],"picked":"Iron Wave","floor":2},{"not_picked":["Headbutt","Combust"],"picked":"Infernal Blade","floor":4},{"not_picked":["Corruption","True Grit"],"picked":"Twin Strike","floor":6},{"not_picked":["Evolve","Hemokinesis"],"picked":"Reckless Charge","floor":8},{"not_picked":["Shockwave","Shrug It Off"],"picked":"Dual Wield","floor":12},{"not_picked":["Sword Boomerang","Intimidate"],"picked":"Ghostly Armor","floor":13},{"not_picked":["Body Slam","Battle Trance"],"picked":"Perfected Strike","floor":14},{"not_picked":["Exhume","Offering"],"picked":"Juggernaut","floor":16},{"not_picked":["Bloodletting","Body Slam+1"],"picked":"Dark Embrace+1","floor":18},{"not_picked":["Perfected Strike","Warcry+1"],"picked":"Pommel Strike+1","floor":19},{"not_picked":["Wild Strike","Sentinel"],"picked":"Armaments+1","floor":22}],"player_experience":120037,"relics_obtained":[{"floor":6,"key":"White Beast Statue"},{"floor":9,"key":"Matryoshka"},{"floor":12,"key":"Blue Candle"}],"event_choices":[{"cards_removed":["Defend_R"],"damage_healed":0,"gold_gain":0,"player_choice":"Card Removal","damage_taken":0,"max_hp_gain":0,"max_hp_loss":0,"event_name":"The Cleric","floor":3,"gold_loss":50},{"damage_healed":0,"gold_gain":175,"player_choice":"AGREE","damage_taken":0,"max_hp_gain":0,"max_hp_loss":0,"event_name":"Liars Game","floor":5,"gold_loss":0,"cards_obtained":["Doubt"]},{"damage_healed":0,"gold_gain":0,"player_choice":"Bought 1 Potion","damage_taken":0,"max_hp_gain":0,"max_hp_loss":0,"event_name":"The Woman in Blue","floor":10,"gold_loss":0},{"damage_healed":0,"gold_gain":0,"player_choice":"Became a vampire","damage_taken":0,"max_hp_gain":0,"max_hp_loss":24,"event_name":"Vampires","floor":21,"gold_loss":0,"cards_obtained":["Bite","Bite","Bite","Bite","Bite"]}],"is_beta":false,"boss_relics":[{"not_picked":["Philosopher\u0027s Stone","Empty Cage"],"picked":"SlaversCollar"}],"items_purged_floors":[20],"is_endless":false,"potions_floor_spawned":[2,6,8,12,13,14,16,18,19,22],"killed_by":"Gremlin Leader","ascension_level":1}}