{"host":"6gwm7y0tp7acoxay","time":1612264193,"event":{"mods":["BaseMod","Colored Map","Keyboard Shortcuts","Minty Spire (QoL Compilation)","Quick Restart","StSLib","SuperFastMode","everything is the same but u backflip on backflip"],"gold_per_floor":[115,115,115,129,129,129,156,233,257,288,320,320,355,384,384,458,458,477,402,452,111,111,139,164,192,240,270,300,330,183,129,129,203,203,221,221,221,221,115,148,179,179,229,229,258,286,312,312,312,312,312,312,312,68,95,95],"floor_reached":57,"language":"KOR","playtime":1561,"items_purged":["Cleave","Clothesline","Pommel Strike","Fire Breathing+1"],"score":4026,"play_id":"ee42bf9b-3fc3-47a8-99ff-86047dafe0d5","local_time":"20210202200953","daily_mods":["SealedDeck","Heirloom","Flight"],"is_ascension_mode":true,"campfire_choices":[{"data":"Armaments","floor":6.0,"key":"SMITH"},{"data":"Fire Breathing","floor":15.0,"key":"SMITH"},{"data":"Barricade","floor":32.0,"key":"SMITH"},{"floor":42.0,"key":"RECALL"},{"data":"Evolve","floor":44.0,"key":"SMITH"},{"data":"Entrench","floor":49,"key":"SMITH"},{"data":"True Grit","floor":53,"key":"SMITH"}],"circlet_count":0,"master_deck":["AscendersBane","Shrug It Off","Armaments+1","Entrench+1","Body Slam+1","True Grit+1","Power Through","Impervious+1","Panacea+1","Barricade+1","Shockwave+1","Impatience+1","Evolve+1","Battle Trance+1"],"relics":["Burning Blood","Magic Flower","Blood Vial","Art of War","Juzu Bracelet","Nunchaku","Toxic Egg 2","Lantern","Toy Ornithopter","Runic Dome","Membership Card","Potion Belt","Shuriken","Pear","Orichalcum","Bronze Scales","Ancient Tea Set","Tiny Chest","Mercury Hourglass","Medical Kit","Sozu","Orrery","Bag of Marbles","Pocketwatch","Whetstone","Red Skull","Oddly Smooth Stone","Lizard Tail","Bag of Preparation","OrangePellets","Self Forming Clay"],"acts_visited":["Exordium","TheCity","TheBeyond","TheEnding"],"potions_floor_usage":[56],"damage_taken":[{"damage":2.0,"enemies":"Jaw Worm","floor":1.0,"turns":4.0},{"damage":0.0,"enemies":"2 Louse","floor":4.0,"turns":3.0},{"damage":20.0,"enemies":"3 Sentries","floor":7.0,"turns":4.0},{"damage":6.0,"enemies":"Lagavulin","floor":10.0,"turns":8.0},{"damage":0.0,"enemies":"3 Sentries","floor":11.0,"turns":4.0},{"damage":0.0,"enemies":"Lagavulin","floor":13.0,"turns":6.0},{"damage":0.0,"enemies":"3 Sentries","floor":14.0,"turns":4.0},{"damage":10.0,"enemies":"Hexaghost","floor":16.0,"turns":8.0},{"damage":0.0,"enemies":"3 Byrds","floor":18.0,"turns":5.0},{"damage":21.0,"enemies":"Book of Stabbing","floor":23.0,"turns":7.0},{"damage":12.0,"enemies":"Slavers","floor":24.0,"turns":4.0},{"damage":0.0,"enemies":"Gremlin Leader","floor":25.0,"turns":4.0},{"damage":29.0,"enemies":"Slavers","floor":27.0,"turns":4.0},{"damage":13.0,"enemies":"Book of Stabbing","floor":28.0,"turns":5.0},{"damage":8.0,"enemies":"Gremlin Leader","floor":29.0,"turns":4.0},{"damage":19.0,"enemies":"Collector","floor":33.0,"turns":4.0},{"damage":0.0,"enemies":"3 Shapes","floor":35.0,"turns":3.0},{"damage":5.0,"enemies":"Nemesis","floor":40.0,"turns":3.0},{"damage":0.0,"enemies":"Giant Head","floor":41.0,"turns":3.0},{"damage":0.0,"enemies":"Reptomancer","floor":45.0,"turns":1.0},{"damage":0.0,"enemies":"Nemesis","floor":46.0,"turns":3.0},{"damage":6.0,"enemies":"Reptomancer","floor":47.0,"turns":3.0},{"damage":0,"enemies":"Awakened One","floor":50,"turns":4},{"damage":0,"enemies":"Donu and Deca","floor":51,"turns":2},{"damage":0,"enemies":"Shield and Spear","floor":55,"turns":2},{"damage":0,"enemies":"The Heart","floor":56,"turns":6}],"seed_played":"8881754823350135881","potions_obtained":[{"floor":11.0,"key":"Explosive Potion"},{"floor":13.0,"key":"ColorlessPotion"},{"floor":16.0,"key":"PowerPotion"},{"floor":23.0,"key":"FearPotion"},{"floor":27.0,"key":"DuplicationPotion"}],"is_trial":true,"path_per_floor":["M","?","?","M","T","R","E","?","T","E","E","?","E","E","R","B",null,"M","$","?","$","?","E","E","E","T","E","E","E","$","$","R","B",null,"M","$","?","$","$","E","E","R","T","R","E","E","E","?","R","B","B",null,"R","$","E","B",null],"character_chosen":"IRONCLAD","items_purchased":["Membership Card","Potion Belt","Panacea+1","Medical Kit","Impatience+1","Evolve","Orrery","Bag of Preparation","OrangePellets"],"campfire_rested":0,"item_purchase_floors":[21,21,21,30,31,39,39,54,54],"current_hp_per_floor":[75,75,57,69,69,69,61,61,61,67,75,75,75,75,75,74,75,75,75,75,75,75,63,73,85,85,65,64,68,68,68,68,61,79,85,85,85,85,85,85,85,85,85,85,85,85,85,85,85,85,85,85,85,85,85,85],"gold":95,"neow_bonus":"","is_daily":false,"chose_seed":false,"campfire_upgraded":6,"win_rate":0.0,"timestamp":1612264193,"path_taken":["M","?","?","M","?","R","E","?","T","E","E","?","E","E","R","BOSS","M","$","?","$","?","E","E","E","T","E","E","E","?","$","R","BOSS","M","$","?","$","$","E","E","R","T","R","E","E","E","?","R","BOSS","BOSS","R","$","E","BOSS"],"items_purchased_type":["Relic","Relic","Card","Relic","Card","Card","Relic","Relic","Relic"],"build_version":"2020-12-22","purchased_purges":4,"victory":true,"max_hp_per_floor":[75,75,75,75,75,75,75,75,75,75,75,75,75,75,75,75,75,75,75,75,75,75,75,85,85,85,85,85,85,85,85,85,85,85,85,85,85,85,85,85,85,85,85,85,85,85,85,85,85,85,85,85,85,85,85,85],"card_choices":[{"not_picked":["Armaments","Body Slam","Clothesline"],"picked":"SKIP","floor":1.0},{"not_picked":["Rampage","Bloodletting","Twin Strike"],"picked":"SKIP","floor":4.0},{"not_picked":["Hemokinesis","Sentinel","Perfected Strike"],"picked":"SKIP","floor":10.0},{"not_picked":["Shrug It Off+1","Twin Strike","Corruption"],"picked":"SKIP","floor":11.0},{"not_picked":["Rampage","Wild Strike","True Grit+1"],"picked":"SKIP","floor":13.0},{"not_picked":["Sentinel+1","Headbutt","Spot Weakness+1"],"picked":"SKIP","floor":14.0},{"not_picked":["Reaper","Exhume+1"],"picked":"Impervious+1","floor":16.0},{"not_picked":["Flex+1","Body Slam","Warcry+1"],"picked":"SKIP","floor":18.0},{"not_picked":["Clash","Double Tap+1"],"picked":"Barricade","floor":23.0},{"not_picked":["True Grit+1","Clash","Dual Wield+1"],"picked":"SKIP","floor":24.0},{"not_picked":["Clothesline","Iron Wave","Seeing Red+1"],"picked":"SKIP","floor":25.0},{"not_picked":["Wild Strike","Inflame"],"picked":"Shockwave+1","floor":27.0},{"not_picked":["Perfected Strike","Twin Strike+1","Seeing Red+1"],"picked":"SKIP","floor":28.0},{"not_picked":["Perfected Strike","Twin Strike+1"],"picked":"Seeing Red+1","floor":28.0},{"not_picked":["Inflame","Anger","Warcry+1"],"picked":"SKIP","floor":29.0},{"not_picked":["Clothesline+1","Uppercut","Anger"],"picked":"SKIP","floor":35.0},{"not_picked":["Inflame","Clothesline+1"],"picked":"Battle Trance+1","floor":39.0},{"not_picked":["Combust+1","Evolve","Battle Trance+1"],"picked":"SKIP","floor":40.0},{"not_picked":["Sword Boomerang","Whirlwind","Warcry+1"],"picked":"SKIP","floor":41.0},{"not_picked":["Pommel Strike","Perfected Strike","Headbutt"],"picked":"SKIP","floor":45.0},{"not_picked":["Burning Pact+1","Whirlwind","Havoc+1"],"picked":"SKIP","floor":46.0},{"not_picked":["Spot Weakness+1","Juggernaut","Entrench+1"],"picked":"SKIP","floor":47.0},{"not_picked":["Armaments+1","Battle Trance+1","Shrug It Off+1"],"picked":"SKIP","floor":55}],"player_experience":4466732,"relics_obtained":[{"floor":7.0,"key":"Art of War"},{"floor":9.0,"key":"Juzu Bracelet"},{"floor":10.0,"key":"Nunchaku"},{"floor":11.0,"key":"Toxic Egg 2"},{"floor":13.0,"key":"Lantern"},{"floor":14.0,"key":"Toy Ornithopter"},{"floor":23.0,"key":"Shuriken"},{"floor":24.0,"key":"Pear"},{"floor":25.0,"key":"Orichalcum"},{"floor":26.0,"key":"Bronze Scales"},{"floor":27.0,"key":"Ancient Tea Set"},{"floor":28.0,"key":"Tiny Chest"},{"floor":29.0,"key":"Mercury Hourglass"},{"floor":40.0,"key":"Bag of Marbles"},{"floor":41.0,"key":"Pocketwatch"},{"floor":43.0,"key":"Whetstone"},{"floor":45.0,"key":"Red Skull"},{"floor":46.0,"key":"Oddly Smooth Stone"},{"floor":47.0,"key":"Lizard Tail"},{"floor":55,"key":"Self Forming Clay"}],"event_choices":[{"damage_healed":0.0,"max_hp_gain":0.0,"max_hp_loss":0.0,"gold_gain":0.0,"event_name":"Liars Game","player_choice":"Ignored","floor":2.0,"gold_loss":0.0,"damage_taken":0.0},{"damage_healed":0.0,"max_hp_gain":0.0,"max_hp_loss":0.0,"gold_gain":0.0,"event_name":"Scrap Ooze","player_choice":"Success","floor":3.0,"gold_loss":0.0,"damage_taken":18.0,"relics_obtained":["Blood Vial"]},{"damage_healed":0.0,"max_hp_gain":0.0,"max_hp_loss":0.0,"gold_gain":77.0,"event_name":"Golden Wing","player_choice":"Gained Gold","floor":8.0,"gold_loss":0.0,"damage_taken":0.0},{"damage_healed":0.0,"max_hp_gain":0.0,"max_hp_loss":0.0,"gold_gain":0.0,"event_name":"Living Wall","player_choice":"Grow","floor":12.0,"gold_loss":0.0,"damage_taken":0.0,"cards_upgraded":["Body Slam"]},{"damage_healed":0.0,"max_hp_gain":0.0,"max_hp_loss":0.0,"gold_gain":50.0,"event_name":"Nest","player_choice":"Stole From Cult","floor":20.0,"gold_loss":0.0,"damage_taken":0.0},{"damage_healed":0.0,"max_hp_gain":0.0,"max_hp_loss":0.0,"gold_gain":0.0,"event_name":"Ghosts","player_choice":"Ignored","floor":22.0,"gold_loss":0.0,"damage_taken":0.0},{"cards_removed":["Seeing Red"],"damage_healed":0.0,"max_hp_gain":0.0,"max_hp_loss":0.0,"gold_gain":0.0,"event_name":"Falling","player_choice":"Removed Skill","floor":37.0,"gold_loss":0.0,"damage_taken":0.0},{"damage_healed":0,"gold_gain":0,"player_choice":"Memory 1","damage_taken":0,"max_hp_gain":0,"max_hp_loss":0,"event_name":"SensoryStone","floor":48,"gold_loss":0}],"is_beta":false,"boss_relics":[{"not_picked":["Empty Cage","Tiny House"],"picked":"Runic Dome"},{"not_picked":["Busted Crown","Velvet Choker"],"picked":"Sozu"}],"items_purged_floors":[19,21,30,54],"is_endless":false,"potions_floor_spawned":[11,13,16,23,27,35,47],"ascension_level":20}}