{"host":"oc9j5nmpwz4e9fqj","time":1612295897,"event":{"mods":["ATMod(阿瑾Mod)","AchievementEnabler","BaseMod","Conspire","KomeijiMod","Lobotomy","Minty Spire (QoL Compilation)","Replay The Spire","StSLib","TestMod","[IsaacMod]以撒尖塔","【遗物卡牌】REMEMod"],"gold_per_floor":[453,48,373,724,649,677,727,1186,1210,1239,705,1209,1650,2043,2043,3796,3796,4229,4229,3892,3892,3925,3925,4333,4689,4689,5091,5091,5120,5120,5483,5483,9561,9561,10077,10497,10374,10374,10094,10094,10548,9814,9814,10205,10646,10679,10679,11162,11162,11162,11162,11162],"floor_reached":51,"language":"ZHS","playtime":2728,"items_purged":["Strike_G","Strike_G"],"score":1147,"play_id":"5370d0a5-d177-474f-938c-2b39ff4e37d4","local_time":"20210203045817","is_ascension_mode":true,"campfire_choices":[{"floor":15.0,"key":"REST"},{"floor":23.0,"key":"RECALL"},{"floor":28.0,"key":"REST"},{"floor":32.0,"key":"REST"},{"data":"Adrenaline","floor":40,"key":"SMITH"},{"data":"Poison Darts","floor":47,"key":"SMITH"},{"floor":49,"key":"DIG"}],"circlet_count":0,"master_deck":["AscendersBane","Strike_G","Defend_G","Defend_G","Defend_G","Defend_G","Defend_G","Survivor","Neutralize","EpicFetus+1","Toxin Wave","Adrenaline","Poisoned Stab","Dagger Spray","Backstab","Noxious Fumes+1","Deadly Poison","Bullet Time","Corpse Explosion","Bouncing Flask+1","Bane+1","Adrenaline","Poison Darts+1","Adrenaline+1"],"relics":["Ring of the Snake","testmod-TestBox","HushsDoor","AT_ATBox","REME_ComplimentaryCards","testmod-Register","GuppysHead","testmod-BlackFramedGlasses","Ice Cream","AT_GuinsooRageblade","Centennial Puzzle","Pear","testmod-Hope","Replay:Bottled Snecko","Gremlin Horn","conspire:DecoderRing","SlaversCollar","testmod-IndustrialRevolution","Lantern","DoctorsRemote","testmod-Justice","Replay:Rubber Ducky","Replay:Baseball","Snake Skull","TungstenRod","AT_LudenTempest","Byrd Skull","MagicMushroom","GuppysHairball","GoodDreamPillow","testmod-LifeArmor","Replay:WaspNest","Chameleon Ring","Medical Kit","Juzu Bracelet","conspire:Dentures"],"acts_visited":["Exordium","TheCity","TheBeyond"],"potions_floor_usage":[],"damage_taken":[{"damage":6.0,"enemies":"Small Slimes","floor":1.0,"turns":3.0},{"damage":0.0,"enemies":"2 Louse","floor":3.0,"turns":2.0},{"damage":2.0,"enemies":"Jaw Worm","floor":4.0,"turns":3.0},{"damage":12.0,"enemies":"Gremlin Nob","floor":6.0,"turns":4.0},{"damage":21.0,"enemies":"Hiden Room Battle","floor":7.0,"turns":4.0},{"damage":5.0,"enemies":"Red Slaver","floor":8.0,"turns":3.0},{"damage":24.0,"enemies":"3 Sentries","floor":10.0,"turns":6.0},{"damage":0.0,"enemies":"Exordium Wildlife","floor":12.0,"turns":3.0},{"damage":10.0,"enemies":"Gremlin Gang","floor":13.0,"turns":3.0},{"damage":1.0,"enemies":"Exordium Thugs","floor":14.0,"turns":2.0},{"damage":13.0,"enemies":"The Guardian","floor":16.0,"turns":6.0},{"damage":9.0,"enemies":"3 Byrds","floor":18.0,"turns":1.0},{"damage":30.0,"enemies":"conspire:MimicChest","floor":22.0,"turns":4.0},{"damage":7.0,"enemies":"Chosen","floor":24.0,"turns":3.0},{"damage":32.0,"enemies":"Shelled Parasite and Fungi","floor":25.0,"turns":3.0},{"damage":13.0,"enemies":"Cultist and Chosen","floor":27.0,"turns":4.0},{"damage":28.0,"enemies":"Gremlin Leader","floor":29.0,"turns":4.0},{"damage":0.0,"enemies":"Snecko","floor":31.0,"turns":3.0},{"damage":0.0,"enemies":"3 Darklings","floor":35.0,"turns":2.0},{"damage":0.0,"enemies":"Orb Walker","floor":36.0,"turns":1.0},{"damage":0,"enemies":"Sphere and 2 Shapes","floor":41,"turns":2},{"damage":0,"enemies":"Transient","floor":44,"turns":6},{"damage":0,"enemies":"3 Darklings","floor":45,"turns":1},{"damage":14,"enemies":"R_Hoarder","floor":46,"turns":4},{"damage":0,"enemies":"Sphere and 2 Shapes","floor":48,"turns":3},{"damage":58,"enemies":"Awakened One","floor":50,"turns":8},{"damage":19,"enemies":"conspire:OrnateMirror","floor":51,"turns":2}],"seed_played":"1301329377715665050","potions_obtained":[{"floor":1.0,"key":"EssenceOfSteel"},{"floor":3.0,"key":"Ancient Potion"},{"floor":4.0,"key":"LifebloodPotion"},{"floor":22.0,"key":"Explosive Potion"},{"floor":27.0,"key":"testmod-SpacePotion"},{"floor":41,"key":"DistilledChaos"}],"is_trial":false,"path_per_floor":["M","$","M","M","?","E","?","M","T","E","$","M","M","M","R","B",null,"M","?","$","?","?","R","M","M","T","M","R","E","?","M","R","B",null,"M","M","?","?","$","R","M","$","T","M","M","E","R","M","R","B","B"],"character_chosen":"THE_SILENT","items_purchased":["testmod-BlackFramedGlasses","testmod-Hope","Noxious Fumes+1","ColorlessPotion","Energy Potion","testmod-IndustrialRevolution","Lantern","GuppysHairball","testmod-LifeArmor","Flashbang","Replay:WaspNest","Chameleon Ring","Medical Kit"],"campfire_rested":3,"item_purchase_floors":[2,11,11,11,11,20,20,34,39,39,42,42,42],"current_hp_per_floor":[53,53,55,56,56,48,31,29,29,21,21,24,17,18,40,76,76,76,76,76,76,48,48,44,15,15,6,28,4,4,7,29,76,73,73,73,73,73,73,73,73,73,73,73,73,59,59,63,63,14,0,0],"gold":11162,"neow_bonus":"RANDOM_EVENT","is_daily":false,"chose_seed":false,"campfire_upgraded":2,"win_rate":0.0,"timestamp":1612295897,"path_taken":["M","$","M","M","?","E","?","M","T","E","$","M","M","?","R","BOSS","M","?","$","?","?","R","M","M","T","M","R","E","?","M","R","BOSS","M","M","?","?","?","R","M","$","T","M","M","E","R","M","R","BOSS","BOSS"],"items_purchased_type":["Relic","Relic","Card","Potion","Potion","Relic","Card","Relic","Relic","Potion","Relic","Relic","Relic"],"build_version":"2020-12-22","purchased_purges":2,"victory":false,"max_hp_per_floor":[66,66,66,66,66,66,66,66,66,76,76,76,76,76,76,76,76,76,76,76,76,76,76,76,76,76,76,76,76,76,76,76,76,73,73,73,73,73,73,73,73,73,73,73,73,73,73,73,73,73,73,73],"card_choices":[{"not_picked":[],"picked":"EpicFetus","floor":0.0},{"not_picked":["ReplayTheSpireMod:Shiv Toss","Quick Slash"],"picked":"Adrenaline","floor":1.0},{"not_picked":["Dodge and Roll","Blade Dance"],"picked":"Poisoned Stab","floor":1.0},{"not_picked":["Dagger Throw","AT_EssenceShift","Heel Hook"],"picked":"SKIP","floor":3.0},{"not_picked":["Cloak And Dagger","Sucker Punch","Dodge and Roll"],"picked":"SKIP","floor":3.0},{"not_picked":["Blade Dance","Toxin Wave"],"picked":"Dagger Spray","floor":4.0},{"not_picked":["Infinite Blades","Footwork","Backflip"],"picked":"SKIP","floor":4.0},{"not_picked":["Flechettes","Dash","Phantasmal Killer"],"picked":"SKIP","floor":6.0},{"not_picked":["Prepared","Poisoned Stab"],"picked":"Backstab","floor":8.0},{"not_picked":["Flying Knee","Flechettes","Accuracy"],"picked":"SKIP","floor":8.0},{"not_picked":["REME_GreenPollution","AT_FocusSwordFire","Poisoned Stab"],"picked":"SKIP","floor":10.0},{"not_picked":["Dodge and Roll","AT_TinkerSharpsword"],"picked":"Deadly Poison","floor":12.0},{"not_picked":["Flechettes","REME_ShadowStrike","Blade Dance"],"picked":"SKIP","floor":12.0},{"not_picked":["Riddle With Holes","REME_LeechingPoison","Acrobatics"],"picked":"SKIP","floor":13.0},{"not_picked":["Blade Dance","AT_FocusSwordFire","Outmaneuver"],"picked":"SKIP","floor":13.0},{"not_picked":["Calculated Gamble","Backflip","Quick Slash"],"picked":"SKIP","floor":14.0},{"not_picked":["Dagger Spray","Prepared","Slice"],"picked":"SKIP","floor":14.0},{"not_picked":["AT_KingSlayer","AT_EssenceShift"],"picked":"Bullet Time","floor":16.0},{"not_picked":["REME_GrazeFinale","REME_ShadowForm"],"picked":"Corpse Explosion","floor":16.0},{"not_picked":["Underhanded Strike","Outmaneuver","Deflect"],"picked":"SKIP","floor":18.0},{"not_picked":["Outmaneuver","Quick Slash","Cloak And Dagger"],"picked":"SKIP","floor":18.0},{"not_picked":["Leg Sweep","Poisoned Stab","Hidden Blade"],"picked":"SKIP","floor":24.0},{"not_picked":["ReplayTheSpireMod:Exploit Weakness","Dagger Spray","AT_ArcaneSupremacy"],"picked":"SKIP","floor":24.0},{"not_picked":["Escape Plan+1","Footwork"],"picked":"Bouncing Flask+1","floor":25.0},{"not_picked":["Backflip+1","REME_GrazeFinale","Flying Knee"],"picked":"SKIP","floor":25.0},{"not_picked":["Dagger Throw","Reflex","Cloak And Dagger"],"picked":"SKIP","floor":27.0},{"not_picked":["ReplayTheSpireMod:Exploit Weakness","Hidden Blade","Predator"],"picked":"SKIP","floor":27.0},{"not_picked":["conspire:PoisonWeapons","Slice+1"],"picked":"Bane+1","floor":29.0},{"not_picked":["Sucker Punch","Dagger Spray","AT_Desolate"],"picked":"SKIP","floor":31.0},{"not_picked":["PiercingWail","Deflect","Blur"],"picked":"SKIP","floor":31.0},{"not_picked":["Night Terror","Glass Knife"],"picked":"Adrenaline","floor":33.0},{"not_picked":["REME_GrazeFinale","Storm of Steel"],"picked":"Poison Darts","floor":33.0},{"not_picked":["Envenom","Grand Finale"],"picked":"Adrenaline","floor":33.0},{"not_picked":["Hidden Blade+1","Quick Slash","Flying Knee"],"picked":"SKIP","floor":35.0},{"not_picked":["Backflip+1","Replay:Poison Smokescreen","Dagger Spray"],"picked":"SKIP","floor":35.0},{"not_picked":["Setup","ReplayTheSpireMod:Scrap Shanks","Reflex+1"],"picked":"SKIP","floor":36.0},{"not_picked":["AT_TwilightShroud","Predator+1","Quick Slash"],"picked":"SKIP","floor":36.0},{"not_picked":["Dash","Acrobatics+1","Well Laid Plans"],"picked":"SKIP","floor":41},{"not_picked":["Poisoned Stab","Acrobatics+1","Heel Hook+1"],"picked":"SKIP","floor":41},{"not_picked":["Underhanded Strike+1","Dagger Spray","After Image"],"picked":"SKIP","floor":44},{"not_picked":["Dagger Throw","Terror+1","Blade Dance"],"picked":"SKIP","floor":44},{"not_picked":["ReplayTheSpireMod:Exploit Weakness+1","Quick Slash","Dagger Throw"],"picked":"SKIP","floor":45},{"not_picked":["Accuracy+1","Dagger Spray","Distraction"],"picked":"SKIP","floor":45},{"not_picked":["Cloak And Dagger+1","Masterful Stab","Dagger Throw+1"],"picked":"SKIP","floor":46},{"not_picked":["Reflex","Prepared","Underhanded Strike"],"picked":"SKIP","floor":48},{"not_picked":["Flechettes+1","Quick Slash","Sucker Punch"],"picked":"SKIP","floor":48}],"player_experience":247187,"relics_obtained":[{"floor":6.0,"key":"Ice Cream"},{"floor":7.0,"key":"AT_GuinsooRageblade"},{"floor":7.0,"key":"Centennial Puzzle"},{"floor":10.0,"key":"Pear"},{"floor":16.0,"key":"Replay:Bottled Snecko"},{"floor":16.0,"key":"Gremlin Horn"},{"floor":16.0,"key":"conspire:DecoderRing"},{"floor":26.0,"key":"DoctorsRemote"},{"floor":29.0,"key":"testmod-Justice"},{"floor":33.0,"key":"Replay:Rubber Ducky"},{"floor":33.0,"key":"Replay:Baseball"},{"floor":33.0,"key":"Snake Skull"},{"floor":33.0,"key":"TungstenRod"},{"floor":33.0,"key":"AT_LudenTempest"},{"floor":33.0,"key":"Byrd Skull"},{"floor":46,"key":"Juzu Bracelet"},{"floor":49,"key":"conspire:Dentures"}],"event_choices":[{"cards_removed":["Strike_G"],"damage_healed":0.0,"max_hp_gain":0.0,"max_hp_loss":0.0,"gold_gain":0.0,"event_name":"The Cleric","player_choice":"Card Removal","floor":5.0,"gold_loss":75.0,"damage_taken":0.0},{"damage_healed":0.0,"max_hp_gain":0.0,"max_hp_loss":0.0,"gold_gain":0.0,"event_name":"HidenRoomEvent","player_choice":"Fight","floor":7.0,"gold_loss":0.0,"damage_taken":0.0},{"damage_healed":0.0,"max_hp_gain":0.0,"max_hp_loss":0.0,"gold_gain":0.0,"event_name":"Upgrade Shrine","player_choice":"Upgraded","floor":19.0,"gold_loss":0.0,"damage_taken":0.0,"cards_upgraded":["EpicFetus"]},{"damage_healed":0.0,"max_hp_gain":0.0,"max_hp_loss":0.0,"gold_gain":0.0,"event_name":"给自己的盒子","player_choice":"Ignored","floor":21.0,"gold_loss":0.0,"damage_taken":0.0},{"damage_healed":0.0,"max_hp_gain":0.0,"max_hp_loss":0.0,"gold_gain":0.0,"event_name":"Vampires","player_choice":"Ignored","floor":30.0,"gold_loss":0.0,"damage_taken":0.0},{"damage_healed":0.0,"max_hp_gain":0.0,"max_hp_loss":0.0,"gold_gain":0.0,"event_name":"Tomb of Lord Red Mask","player_choice":"Ignored","floor":38.0,"gold_loss":0.0,"damage_taken":0.0}],"is_beta":false,"boss_relics":[{"not_picked":["Runic Pyramid","WristBlade"],"picked":"SlaversCollar"},{"not_picked":[]},{"not_picked":["REME_ChargedStone","ChewingGum"],"picked":"MagicMushroom"},{"not_picked":[]}],"items_purged_floors":[2,11],"is_endless":false,"potions_floor_spawned":[1,3,3,4,4,8,10,12,12,14,14,18,18,22,25,25,27,27,31,33,35,36,41,41,44,44,45,45,48],"killed_by":"conspire:OrnateMirror","ascension_level":20}}