{"host":"eeb412nj2w7f9cz8","time":1612228687,"event":{"mods":["Act Like it!","BaseMod","Minty Spire (QoL Compilation)","Ryuuou¡˙Õı","StSLib","≤–¡Ù÷ÆŒÔ"],"gold_per_floor":[119,131,131,55,73,103,103,116,116,116,126,126,145,145,145,268,268,292,313,57,78,78,78,178,178,252,292,306,320,320,336,336,461,461,484,484,508,532,551,551,551,551,551,591,612,612,84,147,147,147,147,147,8,47,47],"floor_reached":56,"language":"ZHS","playtime":4300,"items_purged":["Injury","PlaceholderMod:PoisonWhip"],"score":1249,"play_id":"c7e173d9-c5e3-4815-8273-35030f93dc02","local_time":"20210202091807","is_ascension_mode":false,"campfire_choices":[{"data":"PlaceholderMod:Crystallization","floor":7,"key":"SMITH"},{"data":"PlaceholderMod:HardStrike","floor":10,"key":"SMITH"},{"data":"PlaceholderMod:RadicalHit","floor":12,"key":"SMITH"},{"data":"PlaceholderMod:HardStrike","floor":15,"key":"SMITH"},{"data":"PlaceholderMod:Assimilation","floor":23,"key":"SMITH"},{"data":"PlaceholderMod:GrowthForm","floor":25,"key":"SMITH"},{"data":"PlaceholderMod:SelfCoupling","floor":30,"key":"SMITH"},{"floor":32,"key":"RECALL"},{"data":"PlaceholderMod:DiffusionPoison","floor":40,"key":"SMITH"},{"data":"1","floor":42,"key":"LIFT"},{"data":"2","floor":46,"key":"LIFT"},{"data":"3","floor":49,"key":"LIFT"},{"data":"PlaceholderMod:ThreeBenzyolStart","floor":52,"key":"SMITH"}],"circlet_count":0,"master_deck":["PlaceholderMod:BaseStrike","PlaceholderMod:BaseStrike","PlaceholderMod:BaseDefend","PlaceholderMod:BaseDefend","PlaceholderMod:BaseDefend","PlaceholderMod:BaseDefend","PlaceholderMod:Crystal","PlaceholderMod:RadicalHit+1","PlaceholderMod:HardStrike+1","PlaceholderMod:Crystallization+1","PlaceholderMod:CycleAttack","PlaceholderMod:NearChange","PlaceholderMod:ChainPoly","PlaceholderMod:Colorful","PlaceholderMod:HardStrike+1","PlaceholderMod:Hyperplasia","PlaceholderMod:Assimilation+1","PlaceholderMod:ThreeBenzyolStart+1","PlaceholderMod:SeverePoisonStrike+1","PlaceholderMod:HardStrike","PlaceholderMod:ComplexForm","PlaceholderMod:DiffusionChemical+1","PlaceholderMod:GrowthForm+1","PlaceholderMod:Stable","PlaceholderMod:HornyBlast+1","PlaceholderMod:SelfCoupling+1","PlaceholderMod:NutritionAbsorb+1","PlaceholderMod:Sweep+1","PlaceholderMod:DirectingGroup+1","PlaceholderMod:DirectingGroup+1","PlaceholderMod:ContinueSpray+1","PlaceholderMod:DiffusionPoison+1","PlaceholderMod:DefaultCommonAttack","PlaceholderMod:SelectReaction","PlaceholderMod:EnergyAbsorb+1","PlaceholderMod:Stable","PlaceholderMod:Hyperplasia+1"],"relics":["PlaceholderMod:Tancle","FaceOfCleric","PlaceholderMod:DaolothFragment","Prayer Wheel","Golden Idol","Sozu","Bottled Tornado","PlaceholderMod:SlimeBlood","Girya","Astrolabe","Juzu Bracelet","Thread and Needle","Bronze Scales","Ginger","Nunchaku"],"acts_visited":["Exordium","TheCity","TheBeyond","TheEnding"],"potions_floor_usage":[16,16,55,55],"damage_taken":[{"damage":0,"enemies":"2 Louse","floor":1,"turns":3},{"damage":0,"enemies":"Cultist","floor":2,"turns":3},{"damage":1,"enemies":"Jaw Worm","floor":5,"turns":5},{"damage":16,"enemies":"Lagavulin","floor":6,"turns":8},{"damage":1,"enemies":"Looter","floor":8,"turns":4},{"damage":0,"enemies":"Gremlin Gang","floor":11,"turns":5},{"damage":0,"enemies":"Red Slaver","floor":13,"turns":3},{"damage":0,"enemies":"Hexaghost","floor":16,"turns":9},{"damage":0,"enemies":"Chosen","floor":18,"turns":4},{"damage":0,"enemies":"Spheric Guardian","floor":19,"turns":3},{"damage":0,"enemies":"Cultist and Chosen","floor":21,"turns":7},{"damage":1,"enemies":"Book of Stabbing","floor":27,"turns":6},{"damage":0,"enemies":"Snake Plant","floor":28,"turns":3},{"damage":0,"enemies":"Snecko","floor":29,"turns":4},{"damage":15,"enemies":"Centurion and Healer","floor":31,"turns":4},{"damage":12,"enemies":"Collector","floor":33,"turns":7},{"damage":15,"enemies":"3 Shapes","floor":35,"turns":5},{"damage":2,"enemies":"Orb Walker","floor":37,"turns":4},{"damage":3,"enemies":"Sphere and 2 Shapes","floor":38,"turns":3},{"damage":23,"enemies":"Transient","floor":39,"turns":5},{"damage":36,"enemies":"Nemesis","floor":44,"turns":7},{"damage":24,"enemies":"Spire Growth","floor":45,"turns":5},{"damage":0,"enemies":"Mind Bloom Boss Battle","floor":48,"turns":4},{"damage":9,"enemies":"Time Eater","floor":50,"turns":8},{"damage":40,"enemies":"Shield and Spear","floor":54,"turns":7},{"damage":87,"enemies":"The Heart","floor":55,"turns":7}],"seed_played":"6196798116196365023","potions_obtained":[{"floor":1,"key":"SteroidPotion"},{"floor":2,"key":"Energy Potion"},{"floor":6,"key":"Strength Potion"},{"floor":11,"key":"LiquidMemories"},{"floor":16,"key":"FearPotion"}],"is_trial":false,"path_per_floor":["M","M","?","$","M","E","R","M","T","R","M","R","M","?","R","B",null,"M","M","$","M","?","R","?","R","T","E","M","M","R","M","R","B",null,"M","?","M","M","M","R","?","R","T","E","M","R","$","?","R","B",null,"R","$","E","B",null],"character_chosen":"THE_PLACEHOLDER","items_purchased":["PlaceholderMod:Crystallization","Bottled Tornado","Thread and Needle","Bronze Scales","PlaceholderMod:Stable"],"campfire_rested":0,"item_purchase_floors":[4,20,47,47,53],"current_hp_per_floor":[85,85,85,85,85,70,70,70,70,70,71,71,72,50,50,51,91,96,101,101,106,84,84,84,84,84,89,90,91,91,77,77,66,121,112,112,116,114,92,92,92,92,92,57,34,34,34,35,35,27,139,139,139,100,14],"gold":47,"neow_bonus":"TEN_PERCENT_HP_BONUS","is_daily":false,"chose_seed":false,"campfire_upgraded":9,"win_rate":0.0,"timestamp":1612228687,"path_taken":["M","M","?","?","M","E","R","M","T","R","M","R","M","?","R","BOSS","M","M","$","M","?","R","?","R","T","E","M","M","R","?","R","BOSS","M","?","?","?","?","R","?","R","T","E","M","R","$","?","R","BOSS","R","$","E","BOSS"],"items_purchased_type":["Card","Relic","Relic","Relic","Card"],"build_version":"2020-12-22","purchased_purges":2,"victory":true,"max_hp_per_floor":[85,85,85,85,86,87,87,88,88,88,89,89,90,90,90,91,91,96,101,101,106,111,111,111,111,111,117,118,119,119,120,120,121,121,127,127,133,134,135,135,135,135,135,136,137,137,137,138,138,139,139,139,139,140,141],"card_choices":[{"not_picked":["PlaceholderMod:SeverePoisonStrike","PlaceholderMod:NearChange"],"picked":"PlaceholderMod:RadicalHit","floor":1},{"not_picked":["PlaceholderMod:HighConcentration","PlaceholderMod:MultipleOxi"],"picked":"PlaceholderMod:HardStrike","floor":2},{"not_picked":["PlaceholderMod:Package","PlaceholderMod:DissolvingSpikes"],"picked":"PlaceholderMod:CycleAttack","floor":5},{"not_picked":["PlaceholderMod:CrystallizationStrike","PlaceholderMod:SprayAttack"],"picked":"PlaceholderMod:NearChange","floor":6},{"not_picked":["PlaceholderMod:PoisonAbsorb","PlaceholderMod:StrongAcid"],"picked":"PlaceholderMod:ChainPoly","floor":8},{"not_picked":["PlaceholderMod:InnerStable","PlaceholderMod:DirectingGroup"],"picked":"PlaceholderMod:Colorful","floor":11},{"not_picked":["PlaceholderMod:CycleAttack","PlaceholderMod:DissolvingSpikes","PlaceholderMod:SpinBlade"],"picked":"SKIP","floor":11},{"not_picked":["PlaceholderMod:ContinueSpray","PlaceholderMod:Internalization"],"picked":"PlaceholderMod:HardStrike","floor":13},{"not_picked":["PlaceholderMod:RadicalHit","PlaceholderMod:ProliferateStrike"],"picked":"PlaceholderMod:Hyperplasia","floor":13},{"not_picked":["PlaceholderMod:CorePoison","PlaceholderMod:PericyclicReaction"],"picked":"PlaceholderMod:Assimilation","floor":16},{"not_picked":["PlaceholderMod:Turn+1","PlaceholderMod:ChainPoly"],"picked":"PlaceholderMod:ThreeBenzyolStart","floor":18},{"not_picked":["PlaceholderMod:AttackAsDefend+1","PlaceholderMod:OHStrongAttack+1"],"picked":"PlaceholderMod:SeverePoisonStrike+1","floor":18},{"not_picked":["PlaceholderMod:SpinBlade","PlaceholderMod:Turn"],"picked":"PlaceholderMod:HardStrike","floor":19},{"not_picked":["PlaceholderMod:Hard","PlaceholderMod:DissolvingSpikes"],"picked":"PlaceholderMod:ComplexForm","floor":19},{"not_picked":["PlaceholderMod:ConsolidateHit","PlaceholderMod:HardStrike"],"picked":"PlaceholderMod:DiffusionChemical+1","floor":21},{"not_picked":["PlaceholderMod:InnerStable","PlaceholderMod:SprayAttack+1"],"picked":"PlaceholderMod:GrowthForm","floor":21},{"not_picked":["PlaceholderMod:HardStrike","PlaceholderMod:SeverePoisonStrike"],"picked":"PlaceholderMod:Stable","floor":27},{"not_picked":["PlaceholderMod:Turn","PlaceholderMod:NutritionAbsorb+1"],"picked":"PlaceholderMod:HornyBlast+1","floor":28},{"not_picked":["PlaceholderMod:Turn+1","PlaceholderMod:DissolvingSpikes","PlaceholderMod:HardStrike"],"picked":"SKIP","floor":28},{"not_picked":["PlaceholderMod:Hyperplasia","PlaceholderMod:Package"],"picked":"PlaceholderMod:SelfCoupling","floor":29},{"not_picked":["PlaceholderMod:SprayAttack","PlaceholderMod:PoisonAbsorb","PlaceholderMod:EnergyAbsorb"],"picked":"SKIP","floor":29},{"not_picked":["PlaceholderMod:CycleAttack","PlaceholderMod:HardStrike"],"picked":"PlaceholderMod:NutritionAbsorb+1","floor":31},{"not_picked":["PlaceholderMod:OHStrongAttack+1","PlaceholderMod:ProliferateStrike","PlaceholderMod:TriggerStrike+1"],"picked":"SKIP","floor":31},{"not_picked":["PlaceholderMod:Internalization","PlaceholderMod:Polyp"],"picked":"PlaceholderMod:ContinueSpray+1","floor":35},{"not_picked":["PlaceholderMod:RadicalHit","PlaceholderMod:HardStinger+1","PlaceholderMod:CrystallizationStrike"],"picked":"SKIP","floor":35},{"not_picked":["PlaceholderMod:SpinBlade","PlaceholderMod:SeverePoisonStrike+1"],"picked":"PlaceholderMod:SelectReaction","floor":37},{"not_picked":["PlaceholderMod:DissolvingSpikes+1","PlaceholderMod:StressReaction","PlaceholderMod:HardStinger"],"picked":"SKIP","floor":37},{"not_picked":["PlaceholderMod:DiffusionChemical+1","PlaceholderMod:ComplexForm+1","PlaceholderMod:StressReaction"],"picked":"SKIP","floor":38},{"not_picked":["PlaceholderMod:Colorful","PlaceholderMod:HornyBlast+1","PlaceholderMod:SprayAttack+1"],"picked":"SKIP","floor":38},{"not_picked":["PlaceholderMod:PoisonBlast+1","PlaceholderMod:ProliferateStrike"],"picked":"PlaceholderMod:EnergyAbsorb+1","floor":39},{"not_picked":["PlaceholderMod:Break","PlaceholderMod:ContinueSpray+1","PlaceholderMod:DiffusionChemical+1"],"picked":"SKIP","floor":39},{"not_picked":["PlaceholderMod:Sweep+1","PlaceholderMod:InnerStable","PlaceholderMod:PoisonAbsorb+1"],"picked":"SKIP","floor":44},{"not_picked":["PlaceholderMod:DirectingGroup+1","PlaceholderMod:AngryAttack+1","PlaceholderMod:ThreeBenzyolStart"],"picked":"SKIP","floor":45},{"not_picked":["PlaceholderMod:SelfCoupling","PlaceholderMod:SpinBlade","PlaceholderMod:ProliferateStrike"],"picked":"SKIP","floor":45},{"not_picked":["PlaceholderMod:HornyBlast+1","PlaceholderMod:AbsorbTouch"],"picked":"PlaceholderMod:Hyperplasia+1","floor":54}],"player_experience":85887,"relics_obtained":[{"floor":6,"key":"PlaceholderMod:DaolothFragment"},{"floor":9,"key":"Prayer Wheel"},{"floor":26,"key":"PlaceholderMod:SlimeBlood"},{"floor":27,"key":"Girya"},{"floor":44,"key":"Juzu Bracelet"},{"floor":48,"key":"Ginger"},{"floor":54,"key":"Nunchaku"}],"event_choices":[{"damage_healed":0,"gold_gain":0,"player_choice":"Trade","damage_taken":0,"relics_obtained":["FaceOfCleric"],"max_hp_gain":0,"max_hp_loss":0,"event_name":"FaceTrader","floor":3,"gold_loss":0},{"damage_healed":0,"gold_gain":0,"player_choice":"Take Damage","damage_taken":22,"relics_obtained":["Golden Idol"],"max_hp_gain":0,"max_hp_loss":0,"event_name":"Golden Idol","floor":14,"gold_loss":0},{"damage_healed":0,"gold_gain":0,"player_choice":"Shed Blood","damage_taken":27,"max_hp_gain":5,"max_hp_loss":0,"event_name":"Forgotten Altar","floor":22,"gold_loss":0},{"damage_healed":0,"gold_gain":100,"player_choice":"Pray","damage_taken":0,"max_hp_gain":0,"max_hp_loss":0,"event_name":"Golden Shrine","floor":24,"gold_loss":0},{"damage_healed":0,"gold_gain":0,"player_choice":"3 cards matched","damage_taken":0,"max_hp_gain":0,"max_hp_loss":0,"event_name":"Match and Keep!","floor":36,"gold_loss":0,"cards_obtained":["PlaceholderMod:DiffusionPoison","Injury","PlaceholderMod:DefaultCommonAttack"]},{"cards_removed":["PlaceholderMod:BaseDefend"],"damage_healed":0,"gold_gain":0,"player_choice":"Purged","damage_taken":0,"max_hp_gain":0,"max_hp_loss":0,"event_name":"Purifier","floor":41,"gold_loss":0},{"damage_healed":0,"gold_gain":0,"player_choice":"Fight","damage_taken":0,"max_hp_gain":0,"max_hp_loss":0,"event_name":"MindBloom","floor":48,"gold_loss":0}],"is_beta":false,"boss_relics":[{"not_picked":["Black Star","Velvet Choker"],"picked":"Sozu"},{"not_picked":["Cursed Key","Fusion Hammer"],"picked":"Astrolabe"}],"items_purged_floors":[47,53],"is_endless":false,"potions_floor_spawned":[1,2,6,11,16,18,19,28,29,33,37,44,45,48],"ascension_level":0}}