{"host":"hzswyuuwdl03wwzr","time":1612290771,"event":{"mods":["100% Spire Juice","ATMod(∞¢Ë™Mod)","AchievementEnabler","Act Like it!","BaseMod","Gensokyo","Hallownest","Marisa£®ÏF”Í°°ƒß¿Ì…≥£©","Minty Spire (QoL Compilation)","Prisma Mod","Reliquary","Remilia_Scarlet Moed£®¿Ÿ√◊¿Ú—«°§Àπø®¿◊Ãÿ£©3.3.5","Replay The Spire","StSLib","The Animator","The Bug Knight","The Cursed","The Servant 0.9.4","Warlord Emblem","Yakumo Yukari mod","Youmu£®ªÍ∆«—˝√Œ£©","°æπ¶ƒ‹Mod°øªÏ„Á÷Æª∑–ﬁ∏¥≤π∂°","°æ“≈ŒÔø®≈∆°øREMEMod"],"gold_per_floor":[111,75,85,151,164,164,198,163,231,231,156,168,168,179,179,281,281,295,309,59,75,85,85,99,124,147,147,57,57,87,147,147,243,243,255,255,255],"floor_reached":36,"language":"ZHS","playtime":1807,"items_purged":["PrismaMod:IllyaCommonAttack"],"score":578,"play_id":"d59b3078-13a3-407c-afeb-15792c1d4133","local_time":"20210203023251","is_ascension_mode":true,"campfire_choices":[{"data":"PrismaMod:IllyaSaphire","floor":6,"key":"SMITH"},{"data":"PrismaMod:IllyaSaphire","floor":13,"key":"SMITH"},{"data":"PrismaMod:IllyaUncommonDefend","floor":15,"key":"SMITH"},{"data":"PrismaMod:IllyaGrail","floor":23,"key":"SMITH"},{"floor":27,"key":"RECALL"},{"floor":32,"key":"REST"}],"circlet_count":0,"master_deck":["PrismaMod:IllyaCommonAttack","PrismaMod:IllyaUncommonAttack+1","PrismaMod:IllyaUncommonDefend+1","PrismaMod:IllyaHassanGift+1","PrismaMod:IllyaUncommonDefend+1","PrismaMod:IllyaHassanGift+1","PrismaMod:IllyaSaphire+1","PrismaMod:IllyaHassanGift+1","Hallownest:skillLeafShield","Hallownest:skillLeafShield","Hallownest:skillLeafShield","Hallownest:skillLeafShield","Hallownest:skillLeafShield","PrismaMod:IllyaSaphire+1","PrismaMod:IllyaGrail+1","PrismaMod:IllyaCarnivalDefend+1","PrismaMod:IllyaMinorZwei+1","PrismaMod:IllyaUberDefendChannel+1","PrismaMod:IllyaUberChannel+1","PrismaMod:IllyaInstallForeigner","PrismaMod:IllyaUberPoisonChannel"],"relics":["PrismaMod:PrismaRuby","AT_ATBox","REME_ComplimentaryCards","ReplayTheSpireMod:Lightbulb","Happy Flower","Astrolabe","Replay:Bottled Eggs","Counterbalance","Bag of Marbles","Hallownest:StagBellRelic1","reliquary:BoilingFlask"],"acts_visited":["Hallownest:Greenpath","Hallownest:CityofTears","TheBeyond"],"potions_floor_usage":[5,7,36,36],"damage_taken":[{"damage":0,"enemies":"Hallownest:2_Baldur","floor":1,"turns":4},{"damage":3,"enemies":"Hallownest:2_Tiktiks_and_1_Crawlid","floor":3,"turns":5},{"damage":0,"enemies":"Hallownest:monsterHuskGuard","floor":5,"turns":5},{"damage":0,"enemies":"Hallownest:eliteVengeflyKing","floor":7,"turns":11},{"damage":8,"enemies":"Hallownest:Guard_and_Warrior","floor":12,"turns":6},{"damage":2,"enemies":"Hallownest:monsterFoolEater","floor":14,"turns":5},{"damage":0,"enemies":"Hallownest:BossBrokenVessel","floor":16,"turns":12},{"damage":0,"enemies":"Hallownest:2_Mistakes","floor":18,"turns":11},{"damage":5,"enemies":"Hallownest:Guard_and_Sentry","floor":19,"turns":7},{"damage":0,"enemies":"Hallownest:2_Flukemon","floor":21,"turns":6},{"damage":0,"enemies":"Hallownest:3_Mistakes","floor":22,"turns":8},{"damage":0,"enemies":"Hallownest:Warrior_and_Youth","floor":24,"turns":5},{"damage":0,"enemies":"Hallownest:Nosk","floor":25,"turns":7},{"damage":14,"enemies":"Hallownest:eliteWatcherKnight","floor":30,"turns":14},{"damage":0,"enemies":"Hallownest:Glutton_and_Coward","floor":31,"turns":5},{"damage":7,"enemies":"Hallownest:BossGrimm","floor":33,"turns":7},{"damage":0,"enemies":"3 Darklings","floor":35,"turns":4},{"damage":93,"enemies":"Remilia_Smww","floor":36,"turns":5}],"seed_played":"4619220760498775028","potions_obtained":[{"floor":3,"key":"Block Potion"},{"floor":4,"key":"SpeedPotion"},{"floor":4,"key":"DistilledChaos"},{"floor":5,"key":"SkillPotion"},{"floor":12,"key":"GamblersBrew"},{"floor":18,"key":"AttackPotion"},{"floor":22,"key":"Dexterity Potion"},{"floor":25,"key":"DistilledChaos"}],"is_trial":false,"path_per_floor":["M","$","M","?","M","R","E","?","T","?","$","M","R","M","R","B",null,"M","M","$","M","M","R","M","E","T","R","?","?","E","M","R","B",null,"M","?"],"character_chosen":"ILLYA","items_purchased":["PrismaMod:IllyaUncommonDefend","Replay:Bottled Eggs"],"campfire_rested":1,"item_purchase_floors":[2,20],"current_hp_per_floor":[75,75,72,72,72,72,72,77,77,77,77,69,69,67,67,67,80,80,75,75,75,75,75,75,75,75,75,75,75,61,61,80,73,80,80,0,0],"gold":255,"neow_bonus":"UPGRADE_CARD","is_daily":false,"chose_seed":false,"campfire_upgraded":4,"win_rate":0.0,"timestamp":1612290771,"path_taken":["M","$","M","?","?","R","E","?","T","?","?","M","R","M","R","BOSS","M","M","$","M","?","R","M","E","T","R","?","?","E","M","R","BOSS","M","?"],"items_purchased_type":["Card","Relic"],"build_version":"2020-12-22","purchased_purges":1,"victory":false,"max_hp_per_floor":[75,75,75,75,75,75,75,80,80,80,80,80,80,80,80,80,80,80,80,80,80,80,80,80,80,80,80,80,80,80,80,80,80,80,80,80,80],"card_choices":[{"not_picked":["PrismaMod:IllyaCheapChannelDefend","PrismaMod:IllyaGun"],"picked":"PrismaMod:IllyaHassanGift","floor":1},{"not_picked":["PrismaMod:IllyaPoisonBomb","PrismaMod:IllyaDualEvoke","PrismaMod:IllyaGun"],"picked":"SKIP","floor":3},{"not_picked":["PrismaMod:IllyaGun","PrismaMod:IllyaCarnivalDefend"],"picked":"PrismaMod:IllyaHassanGift","floor":4},{"not_picked":["PrismaMod:IllyaTestament","PrismaMod:IllyaMaid"],"picked":"PrismaMod:IllyaSaphire","floor":5},{"not_picked":["PrismaMod:IllyaFriendMaker","PrismaMod:IllyaCheapChannelAttack"],"picked":"PrismaMod:IllyaHassanGift","floor":7},{"not_picked":["PrismaMod:IllyaUberChannel","PrismaMod:IllyaAlice"],"picked":"PrismaMod:IllyaSaphire","floor":12},{"not_picked":["PrismaMod:IllyaCommonEvoke","PrismaMod:IllyaEvokeAll"],"picked":"PrismaMod:IllyaGrail","floor":14},{"not_picked":["PrismaMod:IllyaFriendMaker","PrismaMod:IllyaCheapChannelDefend+1","PrismaMod:IllyaRussianRoulette"],"picked":"SKIP","floor":18},{"not_picked":["PrismaMod:IllyaHassanGift","PrismaMod:IllyaMinorRapidFire+1","PrismaMod:IllyaDevil"],"picked":"SKIP","floor":19},{"not_picked":["PrismaMod:IllyaUncommonAttack","PrismaMod:IllyaCheapChannelPoison","PrismaMod:IllyaCommandSeal"],"picked":"SKIP","floor":21},{"not_picked":["PrismaMod:IllyaBlindPoisonToss","PrismaMod:IllyaHassanGift"],"picked":"PrismaMod:IllyaUberChannel+1","floor":22},{"not_picked":["PrismaMod:IllyaAlice","PrismaMod:IllyaPoisonBomb","PrismaMod:IllyaPoisoningPhantasm"],"picked":"SKIP","floor":24},{"not_picked":["PrismaMod:IllyaPartialInstallAssassin","PrismaMod:IllyaUncommonAOEAttack"],"picked":"PrismaMod:IllyaInstallForeigner","floor":25},{"not_picked":["PrismaMod:IllyaRussianRoulette","PrismaMod:IllyaAlice","PrismaMod:IllyaDetonatingBlow"],"picked":"SKIP","floor":30},{"not_picked":["PrismaMod:IllyaAOECommonAttack","PrismaMod:IllyaPoisonTippedWeapons","PrismaMod:IllyaBride"],"picked":"SKIP","floor":31},{"not_picked":["PrismaMod:IllyaInstallShielder","PrismaMod:IllyaCarnivalOrbs"],"picked":"PrismaMod:IllyaUberPoisonChannel","floor":33},{"not_picked":["PrismaMod:IllyaPoisonTippedWeapons+1","PrismaMod:IllyaUncommonAOEAttack","PrismaMod:IllyaCheapAttack"],"picked":"SKIP","floor":35}],"player_experience":52374,"relics_obtained":[{"floor":4,"key":"ReplayTheSpireMod:Lightbulb"},{"floor":7,"key":"Happy Flower"},{"floor":25,"key":"Counterbalance"},{"floor":26,"key":"Bag of Marbles"},{"floor":30,"key":"reliquary:BoilingFlask"}],"event_choices":[],"is_beta":false,"boss_relics":[{"not_picked":["reliquary:RedPaperclip","reliquary:Craggleroot"],"picked":"Astrolabe"},{"not_picked":["reliquary:Ember","REME_LowDesire","Kintsugi"]}],"items_purged_floors":[11],"is_endless":false,"potions_floor_spawned":[3,5,12,18,22,25,31,33],"killed_by":"Remilia_Smww","ascension_level":1}}