{"host":"64agj841g523yxf2","time":1612303179,"event":{"mods":["Aspiration","BaseMod","ChefMod","Downfall","Hermit","Koishi","Minty Spire (QoL Compilation)","Remilia??????","Replay The Spire","StSLib","SuperFastMode","The Administrix","The Animator","The Bug Knight","The Construct","The Cursed","The Disciple","The Hierophant","The Marked","The Mystic","The Necromancer","The Poker Player","The Senshi","The Servant 0.9.4","Yuyuko"],"gold_per_floor":[99,110,122,122,138,138,190,209,229,89,89,117,117,136,147,249,249,249,249],"floor_reached":17,"language":"ENG","playtime":1620,"items_purged":["hexamod:Defend"],"score":159,"play_id":"61f44110-7e63-4bb9-8ddd-de06872247dd","local_time":"20210202225939","is_ascension_mode":false,"campfire_choices":[{"floor":1.0,"key":"RECALL"},{"data":"hexamod:InspiringFlames","floor":11,"key":"SMITH"},{"data":"hexamod:EtherealExpedition","floor":13,"key":"SMITH"}],"circlet_count":0,"master_deck":["hexamod:Strike","hexamod:Strike","hexamod:Defend","hexamod:Defend","hexamod:Defend","hexamod:Sear","hexamod:Float","hexamod:ThermalTransfer","hexamod:SoulSteal","hexamod:SpectersWail","hexamod:EtherealExpedition+1","hexamod:GhostflameInferno","hexamod:SpectralAdrenaline","hexamod:InspiringFlames+1","hexamod:SearingWound+1","hexamod:Hexaguard+1","hexamod:PhantomCloak","hexamod:VolcanoVisage"],"relics":["hexamod:SpiritBrand","Simple Rune","Toxic Egg 2"],"acts_visited":["Exordium","TheCity"],"potions_floor_usage":[16,16],"damage_taken":[{"damage":2.0,"enemies":"2 Louse","floor":2.0,"turns":4.0},{"damage":0.0,"enemies":"Cultist","floor":3.0,"turns":3.0},{"damage":1.0,"enemies":"Jaw Worm","floor":5.0,"turns":3.0},{"damage":2.0,"enemies":"2 Fungi Beasts","floor":8.0,"turns":3.0},{"damage":0,"enemies":"Exordium Wildlife","floor":9,"turns":3},{"damage":0,"enemies":"downfall:FleeingMerchant","floor":10,"turns":4},{"damage":7,"enemies":"3 Sentries","floor":12,"turns":8},{"damage":1,"enemies":"Large Slime","floor":14,"turns":5},{"damage":0,"enemies":"Blue Slaver","floor":15,"turns":3},{"damage":32,"enemies":"WA_ARCHETYPE_RETAIN","floor":16,"turns":11}],"seed_played":"6277486328634232545","potions_obtained":[{"floor":3.0,"key":"sneckomod:MuddlingPotion"},{"floor":5.0,"key":"hexamod:InfernoChargePotion"},{"floor":14,"key":"Block Potion"},{"floor":16,"key":"Energy Potion"}],"is_trial":false,"path_per_floor":["R","M","M","?","M","?","T","M","M","$","R","E","R","M","M","B",null],"character_chosen":"THE_SPIRIT","items_purchased":["hexamod:InspiringFlames"],"campfire_rested":0,"item_purchase_floors":[10],"current_hp_per_floor":[77,75,75,75,74,74,74,72,72,72,72,65,65,64,64,32,77,77,77],"gold":249,"neow_bonus":"TEN_PERCENT_HP_BONUS","is_daily":false,"chose_seed":false,"campfire_upgraded":2,"win_rate":0.0,"timestamp":1612303179,"path_taken":["R","M","M","?","?","?","T","M","M","$","R","E","R","M","M","BOSS"],"items_purchased_type":["Card"],"build_version":"2020-12-22","purchased_purges":1,"victory":false,"max_hp_per_floor":[77,77,77,77,77,77,77,77,77,77,77,77,77,77,77,77,77,77,77],"card_choices":[{"not_picked":["hexamod:GhostOfSpireFuture","hexamod:Haunt"],"picked":"hexamod:ThermalTransfer","floor":2.0},{"not_picked":["hexamod:ShieldOfDarkness","hexamod:SecondSeal"],"picked":"hexamod:SoulSteal","floor":3.0},{"not_picked":["hexamod:NecessarySacrifice","hexamod:SpectralAdrenaline"],"picked":"hexamod:SpectersWail","floor":5.0},{"not_picked":["hexamod:SkipABeat","hexamod:GhostOfSpirePast"],"picked":"hexamod:EtherealExpedition","floor":8},{"not_picked":["hexamod:AdvancingGuard","hexamod:Haunt"],"picked":"hexamod:GhostflameInferno","floor":9},{"not_picked":["hexamod:SecondSeal","hexamod:NecessarySacrifice"],"picked":"hexamod:SpectralAdrenaline","floor":10},{"not_picked":["hexamod:BacktrackSmack","hexamod:ThirdSeal"],"picked":"hexamod:SearingWound+1","floor":12},{"not_picked":["hexamod:HeatCrush","hexamod:EtherealExpedition+1"],"picked":"hexamod:Hexaguard+1","floor":14},{"not_picked":["hexamod:SwordOfDarkness","hexamod:FastForward+1"],"picked":"hexamod:PhantomCloak","floor":15},{"not_picked":["hexamod:TurnItUp+1","hexamod:SearingWound+1"],"picked":"hexamod:VolcanoVisage","floor":16}],"player_experience":319195,"relics_obtained":[{"floor":7.0,"key":"Simple Rune"},{"floor":12,"key":"Toxic Egg 2"}],"event_choices":[],"is_beta":false,"boss_relics":[{"not_picked":[]}],"items_purged_floors":[10],"is_endless":false,"potions_floor_spawned":[3,5,14,15,16],"ascension_level":0}}