{"host":"f76wcztdlwlduum6","time":1612237354,"event":{"mods":["BaseMod","BetterRewards","Colored Powertips","Downfall","Minty Spire (QoL Compilation)","Quick Restart","Rare Cards Sparkle","Relic Stats","StSLib","SuperFastMode","everything is the same but u backflip on backflip"],"gold_per_floor":[110,125,125,137,137,166,176,192,192,29,59,59,73,106,106,210,210,220,239,239,258,272,272,301,52,105,105,105,156,191,235,235,364,364,409,444,130,0,354,410,410,410,410,469,469,86,95,137,137,162,162,162,43,153,178],"floor_reached":56,"language":"ENG","playtime":3062,"items_purged":["Strike_P","PathToVictory","PathToVictory","Eruption+1"],"score":2144,"play_id":"6aefa384-e3c0-4ed3-ae90-d1ebc42f47b2","local_time":"20210201214234","is_ascension_mode":true,"campfire_choices":[{"data":"LikeWater","floor":15,"key":"SMITH"},{"data":"Omniscience","floor":23,"key":"SMITH"},{"floor":28,"key":"RECALL"},{"data":"LikeWater","floor":32,"key":"SMITH"},{"data":"Omniscience","floor":41,"key":"SMITH"},{"data":"Fasting2","floor":49,"key":"SMITH"},{"data":"Crescendo","floor":52,"key":"SMITH"}],"circlet_count":0,"master_deck":["Defend_P+1","Defend_P+1","Vigilance+1","LikeWater+1","MentalFortress","DevaForm+1","ConjureBlade+1","Wallop","Crescendo+1","PathToVictory","Fasting2+1","LikeWater+1","PathToVictory+1","Tantrum","Omniscience+1","Wallop+1","ClearTheMind+1","DevaForm+1","Wish","Flash of Steel","Fasting2+1","Omniscience+1","DevaForm+1","Panache","LikeWater+1","Omniscience+1","LikeWater","WaveOfTheHand","Omniscience+1","LikeWater+1","LikeWater+1"],"relics":["PureWater","Damaru","TeardropLocket","CloakClasp","InkBottle","Strawberry","Guardian:PocketSentry","Lantern","Chemical X","Guardian:BottledAnomaly","Ornamental Fan","FossilizedHelix","Bottled Tornado","Membership Card","Mango","hexamod:CandleOfCauterizing","sneckomod:SneckoTalon","Mummified Hand","The Courier","Bag of Preparation","OrangePellets","Pear","Omamori","Anchor","Calling Bell","Pen Nib","Pantograph","Unceasing Top","Medical Kit","Ice Cream","Red Mask","Old Coin","StoneCalendar","Nunchaku","Vajra","Yang","CeramicFish","sneckomod:BlankCard","HornCleat","hexamod:BolsterEngine"],"acts_visited":["Exordium","TheCity","TheBeyond","TheEnding"],"potions_floor_usage":[11,18,24,29,54],"damage_taken":[{"damage":0,"enemies":"Small Slimes","floor":1,"turns":3},{"damage":1,"enemies":"Jaw Worm","floor":2,"turns":4},{"damage":0,"enemies":"2 Louse","floor":4,"turns":2},{"damage":11,"enemies":"Gremlin Nob","floor":6,"turns":4},{"damage":6,"enemies":"Blue Slaver","floor":7,"turns":3},{"damage":1,"enemies":"Large Slime","floor":8,"turns":5},{"damage":0,"enemies":"Lagavulin","floor":11,"turns":5},{"damage":0,"enemies":"Exordium Thugs","floor":13,"turns":4},{"damage":0,"enemies":"Gremlin Nob","floor":14,"turns":4},{"damage":0,"enemies":"The Guardian","floor":16,"turns":7},{"damage":0,"enemies":"3 Byrds","floor":18,"turns":3},{"damage":0,"enemies":"Shell Parasite","floor":19,"turns":3},{"damage":8,"enemies":"Snake Plant","floor":21,"turns":3},{"damage":0,"enemies":"Centurion and Healer","floor":22,"turns":4},{"damage":10,"enemies":"Slavers","floor":24,"turns":5},{"damage":0,"enemies":"Gremlin Leader","floor":29,"turns":6},{"damage":0,"enemies":"Cultist and Chosen","floor":30,"turns":4},{"damage":0,"enemies":"Snecko","floor":31,"turns":4},{"damage":0,"enemies":"Collector","floor":33,"turns":7},{"damage":8,"enemies":"3 Shapes","floor":35,"turns":4},{"damage":0,"enemies":"Orb Walker","floor":36,"turns":4},{"damage":13,"enemies":"2 Orb Walkers","floor":39,"turns":4},{"damage":0,"enemies":"Giant Head","floor":40,"turns":4},{"damage":0,"enemies":"Reptomancer","floor":44,"turns":4},{"damage":0,"enemies":"Spire Growth","floor":48,"turns":3},{"damage":0,"enemies":"Time Eater","floor":50,"turns":5},{"damage":0,"enemies":"Shield and Spear","floor":54,"turns":5},{"damage":103,"enemies":"The Heart","floor":55,"turns":9}],"seed_played":"5474361970514957512","potions_obtained":[{"floor":2,"key":"LiquidMemories"},{"floor":6,"key":"Block Potion"},{"floor":7,"key":"Regen Potion"},{"floor":14,"key":"SpeedPotion"},{"floor":18,"key":"SmokeBomb"},{"floor":19,"key":"FairyPotion"},{"floor":27,"key":"SkillPotion"},{"floor":27,"key":"CultistPotion"},{"floor":33,"key":"Slimebound:ThreeZeroPotion"},{"floor":54,"key":"Ancient Potion"}],"is_trial":false,"path_per_floor":["M","M","?","M","?","E","M","M","T","$","E","?","M","E","R","B",null,"M","M","?","M","M","R","E","$","T","?","R","E","M","M","R","B",null,"M","M","$","?","?","E","R","?","T","E","?","$","?","M","R","B",null,"R","$","E","B",null],"character_chosen":"WATCHER","items_purchased":["LikeWater","InkBottle","MentalFortress","Strawberry","BattleHymn","Guardian:PocketSentry","DevaForm","Lantern","Membership Card","LikeWater","Flash of Steel","OrangePellets","Pear","Medical Kit","Ice Cream","Panache","Vajra","Yang","CeramicFish","sneckomod:BlankCard","HornCleat","LikeWater","WaveOfTheHand"],"campfire_rested":0,"item_purchase_floors":[0,0,0,0,0,0,0,0,10,10,25,25,25,37,37,37,46,46,46,46,46,53,53],"current_hp_per_floor":[79,78,71,71,55,44,38,37,37,37,46,55,55,55,55,55,99,99,99,99,91,91,91,81,91,91,91,91,91,91,91,91,91,115,107,107,107,107,94,94,94,94,94,94,94,94,94,94,94,117,117,117,117,117,14],"gold":178,"neow_bonus":"","is_daily":false,"chose_seed":false,"campfire_upgraded":6,"win_rate":0.0,"timestamp":1612237354,"path_taken":["M","M","?","M","?","E","M","M","T","$","E","?","M","E","R","BOSS","M","M","?","M","M","R","E","$","T","?","R","E","M","M","R","BOSS","M","M","$","?","?","E","R","?","T","E","?","$","?","M","R","BOSS","R","$","E","BOSS"],"items_purchased_type":["Card","Relic","Card","Relic","Card","Relic","Card","Relic","Relic","Card","Card","Relic","Relic","Relic","Relic","Card","Relic","Relic","Relic","Relic","Relic","Card","Card"],"build_version":"2020-12-22","purchased_purges":4,"victory":true,"max_hp_per_floor":[79,79,79,79,79,79,79,79,79,79,79,113,113,113,113,113,113,113,113,113,113,113,113,113,123,123,123,123,123,123,123,123,123,123,123,123,123,123,123,123,123,123,123,123,117,117,117,117,117,117,117,117,117,117,117],"relic_stats":{"counters":[112,418],"CeramicFish":369,"StoneCalendar":[0],"Yang":[26],"Pen Nib":[4],"CloakClasp":[308],"Bag of Preparation":[26],"Medical Kit":[120],"OrangePellets":[21],"Nunchaku":[31],"Ornamental Fan":[20],"Mummified Hand":[603],"Pantograph":24,"Chemical X":[97],"obtain_stats":[{"Whetstone":53,"Bottled Tornado":47,"Boot":8,"Sling":21,"Old Coin":39,"Blood Vial":48,"Sundial":13,"Fusion Hammer":17,"downfall:ExtraCursedKey":19,"HandDrill":0,"Kunai":12,"Pear":0,"Blue Candle":14,"Eternal Feather":0,"Pen Nib":34,"Guardian:PocketSentry":0,"Paper Crane":28,"Akabeko":19,"Unceasing Top":8,"Lantern":29,"Regal Pillow":26,"Singing Bowl":0,"Torii":54,"sneckomod:BlankCard":23,"StoneCalendar":40,"Bag of Preparation":24,"Cursed Key":17,"Smiling Mask":43,"Ancient Tea Set":23,"Shovel":29,"Toolbox":47,"Chemical X":0,"Guardian:BottledAnomaly":0,"InkBottle":0,"Ring of the Snake":2,"Lee\u0027s Waffle":41,"The Specimen":37,"Damaru":0,"Thread and Needle":30,"The Courier":0,"PreservedInsect":6,"Omamori":19,"Frozen Egg 2":21,"bronze:BronzeIdol":43,"Ornamental Fan":6,"Art of War":31,"hexamod:BolsterEngine":43,"Ice Cream":37,"champ:DuelingGlove":29,"Gremlin Horn":53,"Nilry\u0027s Codex":28,"CeramicFish":0,"Vajra":6,"Centennial Puzzle":41,"HornCleat":46,"DollysMirror":35,"Strawberry":53,"Prayer Wheel":0,"Toxic Egg 2":34,"Happy Flower":0,"Oddly Smooth Stone":8,"Letter Opener":4,"War Paint":7,"Question Card":0,"sneckomod:SneckoTalon":17,"OrangePellets":48,"Bottled Flame":21,"Bronze Scales":7,"Molten Egg 2":28,"Black Star":17,"Pocketwatch":0,"bronze:ElectromagneticCoil":34,"bronze:BronzeCore":0,"Mango":47,"Yang":46,"Snake Skull":10,"Juzu Bracelet":0,"Incense Burner":0,"CloakClasp":0,"TeardropLocket":0,"Nunchaku":9,"Mummified Hand":31,"downfall:HeartBlessingBlue":0,"Slimebound:StickyStick":0,"Pantograph":40,"Tiny Chest":23,"Red Mask":38,"hexamod:CandleOfCauterizing":46,"Medical Kit":8,"Mercury Hourglass":2,"Peace Pipe":46,"Calling Bell":34,"Anchor":0,"CaptainsWheel":47,"Coffee Dripper":34,"Bag of Marbles":0,"Membership Card":8,"PureWater":2,"FossilizedHelix":9},{"Whetstone":82,"Bottled Tornado":81,"Boot":4,"Sling":11,"Old Coin":106,"Blood Vial":24,"Sundial":34,"Fusion Hammer":66,"downfall:ExtraCursedKey":67,"HandDrill":55,"Kunai":6,"Pear":26,"Blue Candle":6,"Eternal Feather":26,"Pen Nib":103,"Guardian:PocketSentry":55,"Paper Crane":42,"Akabeko":67,"Unceasing Top":4,"Lantern":14,"Regal Pillow":42,"Singing Bowl":0,"Torii":83,"sneckomod:BlankCard":42,"StoneCalendar":107,"Bag of Preparation":99,"Cursed Key":36,"Smiling Mask":49,"Ancient Tea Set":69,"Shovel":44,"Toolbox":24,"Chemical X":26,"Guardian:BottledAnomaly":55,"InkBottle":84,"Ring of the Snake":57,"Lee\u0027s Waffle":48,"The Specimen":75,"Damaru":84,"Thread and Needle":44,"The Courier":55,"PreservedInsect":60,"Omamori":67,"Frozen Egg 2":11,"bronze:BronzeIdol":22,"Ornamental Fan":88,"Art of War":45,"hexamod:BolsterEngine":22,"Ice Cream":105,"champ:DuelingGlove":71,"Gremlin Horn":82,"Nilry\u0027s Codex":13,"CeramicFish":55,"Vajra":30,"Centennial Puzzle":20,"HornCleat":108,"DollysMirror":17,"Strawberry":53,"Prayer Wheel":0,"Toxic Egg 2":73,"Happy Flower":55,"Oddly Smooth Stone":62,"Letter Opener":28,"War Paint":61,"Question Card":0,"sneckomod:SneckoTalon":94,"OrangePellets":24,"Bottled Flame":11,"Bronze Scales":3,"Molten Egg 2":70,"Black Star":8,"Pocketwatch":26,"bronze:ElectromagneticCoil":17,"bronze:BronzeCore":0,"Mango":51,"Yang":108,"Snake Skull":32,"Juzu Bracelet":0,"Incense Burner":55,"CloakClasp":84,"TeardropLocket":84,"Nunchaku":62,"Mummified Hand":15,"downfall:HeartBlessingBlue":26,"Slimebound:StickyStick":55,"Pantograph":77,"Tiny Chest":69,"Red Mask":105,"hexamod:CandleOfCauterizing":50,"Medical Kit":4,"Mercury Hourglass":1,"Peace Pipe":24,"Calling Bell":73,"Anchor":55,"CaptainsWheel":81,"Coffee Dripper":46,"Bag of Marbles":55,"Membership Card":4,"PureWater":86,"FossilizedHelix":90},{"Whetstone":288,"Bottled Tornado":281,"Boot":22,"Sling":37,"Old Coin":388,"Blood Vial":79,"Sundial":110,"Fusion Hammer":236,"downfall:ExtraCursedKey":238,"HandDrill":213,"Kunai":25,"Pear":88,"Blue Candle":25,"Eternal Feather":88,"Pen Nib":376,"Guardian:PocketSentry":213,"Paper Crane":142,"Akabeko":238,"Unceasing Top":20,"Lantern":46,"Regal Pillow":142,"Singing Bowl":0,"Torii":290,"sneckomod:BlankCard":142,"StoneCalendar":392,"Bag of Preparation":355,"Cursed Key":118,"Smiling Mask":175,"Ancient Tea Set":243,"Shovel":149,"Toolbox":79,"Chemical X":88,"Guardian:BottledAnomaly":213,"InkBottle":296,"Ring of the Snake":218,"Lee\u0027s Waffle":170,"The Specimen":260,"Damaru":296,"Thread and Needle":149,"The Courier":213,"PreservedInsect":221,"Omamori":238,"Frozen Egg 2":37,"bronze:BronzeIdol":73,"Ornamental Fan":309,"Art of War":155,"hexamod:BolsterEngine":73,"Ice Cream":384,"champ:DuelingGlove":249,"Gremlin Horn":288,"Nilry\u0027s Codex":45,"CeramicFish":213,"Vajra":99,"Centennial Puzzle":70,"HornCleat":396,"DollysMirror":60,"Strawberry":196,"Prayer Wheel":0,"Toxic Egg 2":255,"Happy Flower":213,"Oddly Smooth Stone":227,"Letter Opener":93,"War Paint":224,"Question Card":0,"sneckomod:SneckoTalon":337,"OrangePellets":79,"Bottled Flame":37,"Bronze Scales":18,"Molten Egg 2":246,"Black Star":27,"Pocketwatch":88,"bronze:ElectromagneticCoil":60,"bronze:BronzeCore":0,"Mango":185,"Yang":396,"Snake Skull":104,"Juzu Bracelet":0,"Incense Burner":213,"CloakClasp":296,"TeardropLocket":296,"Nunchaku":227,"Mummified Hand":48,"downfall:HeartBlessingBlue":88,"Slimebound:StickyStick":213,"Pantograph":266,"Tiny Chest":243,"Red Mask":384,"hexamod:CandleOfCauterizing":180,"Medical Kit":20,"Mercury Hourglass":3,"Peace Pipe":79,"Calling Bell":255,"Anchor":213,"CaptainsWheel":281,"Coffee Dripper":163,"Bag of Marbles":213,"Membership Card":22,"PureWater":303,"FossilizedHelix":317}],"InkBottle":[55],"Unceasing Top":[0]},"card_choices":[{"not_picked":["Crescendo","JustLucky"],"picked":"Wallop","floor":1},{"not_picked":["WindmillStrike","Indignation"],"picked":"Crescendo","floor":2},{"not_picked":["SashWhip","Conclude"],"picked":"PathToVictory","floor":4},{"not_picked":["EmptyBody","Halt"],"picked":"PathToVictory","floor":6},{"not_picked":["FlyingSleeves","Ragnarok","Consecrate"],"picked":"SKIP","floor":7},{"not_picked":["InnerPeace","Conclude"],"picked":"Fasting2","floor":8},{"not_picked":["WindmillStrike","Tantrum"],"picked":"PathToVictory","floor":11},{"not_picked":["Prostrate","CrushJoints"],"picked":"PathToVictory","floor":13},{"not_picked":["Weave","ReachHeaven"],"picked":"Tantrum","floor":14},{"not_picked":["DevaForm","Scrawl"],"picked":"Omniscience","floor":16},{"not_picked":["Halt","Evaluate","Perseverance"],"picked":"SKIP","floor":18},{"not_picked":["Perseverance","EmptyBody"],"picked":"Wallop+1","floor":19},{"not_picked":["Halt","Tantrum"],"picked":"ClearTheMind","floor":21},{"not_picked":["ReachHeaven","EmptyBody","SandsOfTime"],"picked":"SKIP","floor":22},{"not_picked":["EmptyFist+1","Study"],"picked":"Wish","floor":24},{"not_picked":["SashWhip","Halt"],"picked":"Fasting2+1","floor":29},{"not_picked":["FlyingSleeves","Halt+1","Perseverance"],"picked":"SKIP","floor":30},{"not_picked":["FollowUp+1","Pray+1","EmptyFist"],"picked":"SKIP","floor":31},{"not_picked":["Blasphemy","DeusExMachina"],"picked":"Omniscience","floor":33},{"not_picked":["Crescendo+1","FlyingSleeves+1","InnerPeace+1"],"picked":"SKIP","floor":35},{"not_picked":["FollowUp+1","Judgement","CutThroughFate"],"picked":"SKIP","floor":36},{"not_picked":["CutThroughFate","BowlingBash"],"picked":"LikeWater+1","floor":40},{"not_picked":["DeceiveReality+1","JustLucky","Weave"],"picked":"SKIP","floor":44},{"not_picked":["Alpha","Study+1","Perseverance+1"],"picked":"SKIP","floor":48},{"not_picked":["FlurryOfBlows","JustLucky","Consecrate"],"picked":"SKIP","floor":54}],"player_experience":262914,"relics_obtained":[{"floor":6,"key":"Ornamental Fan"},{"floor":9,"key":"FossilizedHelix"},{"floor":14,"key":"hexamod:CandleOfCauterizing"},{"floor":24,"key":"Bag of Preparation"},{"floor":26,"key":"Omamori"},{"floor":29,"key":"Anchor"},{"floor":34,"key":"Pen Nib"},{"floor":34,"key":"Pantograph"},{"floor":34,"key":"Unceasing Top"},{"floor":39,"key":"Old Coin"},{"floor":40,"key":"StoneCalendar"},{"floor":44,"key":"Nunchaku"},{"floor":54,"key":"hexamod:BolsterEngine"}],"event_choices":[{"cards_removed":["Defend_P"],"damage_healed":0,"gold_gain":0,"player_choice":"Card Removal","damage_taken":7,"max_hp_gain":0,"max_hp_loss":0,"event_name":"Golden Wing","floor":3,"gold_loss":0},{"damage_healed":0,"gold_gain":0,"player_choice":"Entered Light","damage_taken":16,"max_hp_gain":0,"max_hp_loss":0,"event_name":"Shining Light","floor":5,"gold_loss":0,"cards_upgraded":["Vigilance","DevaForm"]},{"damage_healed":0,"gold_gain":0,"player_choice":"Success","damage_taken":25,"relics_obtained":["Mango"],"max_hp_gain":0,"max_hp_loss":0,"event_name":"Scrap Ooze","floor":12,"gold_loss":0},{"damage_healed":0,"gold_gain":0,"player_choice":"Ignored","damage_taken":0,"max_hp_gain":0,"max_hp_loss":0,"event_name":"Ghosts","floor":20,"gold_loss":0},{"damage_healed":0,"gold_gain":0,"player_choice":"Got Potions","damage_taken":0,"max_hp_gain":0,"max_hp_loss":0,"event_name":"Lab","floor":27,"gold_loss":0},{"damage_healed":0,"gold_gain":0,"player_choice":"Paid","damage_taken":0,"relics_obtained":["Red Mask"],"max_hp_gain":0,"max_hp_loss":0,"event_name":"Tomb of Lord Red Mask","floor":38,"gold_loss":130},{"damage_healed":0,"gold_gain":0,"player_choice":"Fight","damage_taken":0,"max_hp_gain":0,"max_hp_loss":0,"event_name":"Mysterious Sphere","floor":39,"gold_loss":0},{"cards_removed":["Strike_P"],"damage_healed":0,"gold_gain":0,"player_choice":"Removed Attack","damage_taken":0,"max_hp_gain":0,"max_hp_loss":0,"event_name":"Falling","floor":42,"gold_loss":0},{"damage_healed":0,"gold_gain":0,"player_choice":"Max HP","damage_taken":0,"max_hp_gain":0,"max_hp_loss":6,"event_name":"Winding Halls","floor":45,"gold_loss":0},{"damage_healed":0,"gold_gain":0,"player_choice":"Copied","damage_taken":0,"max_hp_gain":0,"max_hp_loss":0,"event_name":"Duplicator","floor":47,"gold_loss":0,"cards_obtained":["Omniscience"]}],"is_beta":false,"boss_relics":[{"not_picked":["Astrolabe","Philosopher\u0027s Stone"],"picked":"sneckomod:SneckoTalon"},{"not_picked":["expansioncontent:StudyCardRelic","bronze:MakeshiftBattery"],"picked":"Calling Bell"}],"items_purged_floors":[0,25,37,53],"is_endless":false,"potions_floor_spawned":[2,6,7,14,18,19,22,33,40,44,48,54],"ascension_level":5}}