{"host":"vjkx177ju3wjmzef","time":1612284182,"event":{"mods":["BaseMod","Block Reminder","Colored Map","Colored Powertips","DeckTracker","Googly Eyes","Highlight Path","Minty Spire (QoL Compilation)","Quick Restart","Random Character Button","Relic Stats","Replay The Spire","StSLib"],"gold_per_floor":[116,291,291,303,320,320,348,363,390,390,465,465,415,433,433,433,433],"floor_reached":16,"language":"ENG","playtime":529,"items_purged":[],"score":100,"play_id":"b267f216-f648-4dc1-b78b-68b3e476233a","local_time":"20210202104302","is_ascension_mode":false,"campfire_choices":[{"data":"Perfected Strike","floor":6,"key":"SMITH"},{"data":"Armaments","floor":10,"key":"SMITH"},{"data":"Ghostly Armor","floor":12,"key":"SMITH"},{"floor":15,"key":"REST"}],"circlet_count":0,"master_deck":["Strike_R","Strike_R","Strike_R","Strike_R","Strike_R","Defend_R","Defend_R","Defend_R","Bash+1","Clash","Doubt","Perfected Strike+1","Ghostly Armor+1","Pommel Strike","Armaments+1","Flex"],"relics":["Burning Blood","ReplayTheSpireMod:TigerMarble","MealTicket","PreservedInsect"],"acts_visited":["Exordium"],"potions_floor_usage":[7,8],"damage_taken":[{"damage":0,"enemies":"2 Louse","floor":1,"turns":4},{"damage":3,"enemies":"Cultist","floor":4,"turns":5},{"damage":0,"enemies":"Jaw Worm","floor":5,"turns":1},{"damage":30,"enemies":"Lagavulin","floor":7,"turns":6},{"damage":6,"enemies":"3 Louse","floor":8,"turns":2},{"damage":0,"enemies":"Red Slaver","floor":14,"turns":2},{"damage":77,"enemies":"Hexaghost","floor":16,"turns":12}],"seed_played":"-9043482469797997341","potions_obtained":[{"floor":4,"key":"ColorlessPotion"},{"floor":5,"key":"Explosive Potion"}],"is_trial":false,"path_per_floor":["M","?","?","M","M","R","E","M","T","R","?","R","?","M","R_BF","B"],"character_chosen":"IRONCLAD","items_purchased":[],"campfire_rested":1,"item_purchase_floors":[],"current_hp_per_floor":[80,80,80,80,80,80,56,56,56,56,45,45,45,51,75,0,0],"gold":433,"neow_bonus":"UPGRADE_CARD","is_daily":false,"chose_seed":false,"campfire_upgraded":3,"win_rate":0.0,"timestamp":1612284182,"path_taken":["M","?","?","?","?","R","E","M","T","R","?","R","?","M","R_BF","BOSS"],"items_purchased_type":[],"build_version":"2020-12-22","purchased_purges":0,"victory":false,"max_hp_per_floor":[80,80,80,80,80,80,80,80,80,80,80,80,80,80,80,80,80],"relic_stats":{"counters":[7,32],"MealTicket":0,"PreservedInsect":0,"obtain_stats":[{"MealTicket":7,"PreservedInsect":9,"ReplayTheSpireMod:TigerMarble":3,"Burning Blood":0},{"MealTicket":4,"PreservedInsect":5,"ReplayTheSpireMod:TigerMarble":1,"Burning Blood":0},{"MealTicket":16,"PreservedInsect":18,"ReplayTheSpireMod:TigerMarble":4,"Burning Blood":0}],"Burning Blood":21},"card_choices":[{"not_picked":["Havoc","Headbutt"],"picked":"Clash","floor":1},{"not_picked":["Havoc","Clothesline"],"picked":"Perfected Strike","floor":4},{"not_picked":["Cleave","Flame Barrier"],"picked":"Ghostly Armor","floor":5},{"not_picked":["Thunderclap","Carnage"],"picked":"Pommel Strike","floor":7},{"not_picked":["Havoc","Second Wind"],"picked":"Armaments","floor":8},{"not_picked":["Berserk","Bloodletting"],"picked":"Flex","floor":14}],"player_experience":179277,"relics_obtained":[{"floor":3,"key":"ReplayTheSpireMod:TigerMarble"},{"floor":7,"key":"MealTicket"},{"floor":9,"key":"PreservedInsect"}],"event_choices":[{"damage_healed":0,"gold_gain":175,"player_choice":"AGREE","damage_taken":0,"max_hp_gain":0,"max_hp_loss":0,"event_name":"Liars Game","floor":2,"gold_loss":0,"cards_obtained":["Doubt"]},{"damage_healed":0,"gold_gain":0,"player_choice":"Relic","damage_taken":0,"max_hp_gain":0,"max_hp_loss":0,"event_name":"Wheel of Change","floor":3,"gold_loss":0},{"damage_healed":0,"gold_gain":75,"player_choice":"Gather Gold","damage_taken":11,"max_hp_gain":0,"max_hp_loss":0,"event_name":"World of Goop","floor":11,"gold_loss":0},{"cards_removed":["Defend_R"],"damage_healed":0,"gold_gain":0,"player_choice":"Card Removal","damage_taken":0,"max_hp_gain":0,"max_hp_loss":0,"event_name":"The Cleric","floor":13,"gold_loss":50}],"is_beta":false,"boss_relics":[],"items_purged_floors":[],"is_endless":false,"potions_floor_spawned":[4,5],"killed_by":"Hexaghost","ascension_level":0}}