{"host":"ertcy5wga10zev2p","time":1612276037,"event":{"mods":["BaseMod","BetterRewards","Colored Map","Colored Powertips","Infinite Spire","Minty Spire (QoL Compilation)","Replay The Spire","Shop Mod","StSLib","The Jungle"],"gold_per_floor":[210,210,210,224,76,107,107,107,134,147,147,157,157,188,188,292,292,311,126,176,186,286,286,319,319,319,220,251,251,267,299,299,399,399,412,430,65,1064,1064,1091,1091,1103,1103,1103,1113,1113,1113],"floor_reached":46,"language":"ENG","playtime":1874,"items_purged":["Voices","Bash"],"score":796,"play_id":"c8cc10d0-2343-4ab1-b8ac-1891d6380b75","local_time":"20210202142717","is_ascension_mode":true,"campfire_choices":[{"data":"Demon Form","floor":7,"key":"SMITH"},{"data":"Perfected Strike","floor":11,"key":"SMITH"},{"data":"Perfected Strike","floor":13,"key":"SMITH"},{"data":"Infernal Blade","floor":15,"key":"SMITH"},{"data":"infinitespire:FutureSight","floor":23,"key":"SMITH"},{"data":"infinitespire:Menacing","floor":25,"key":"SMITH"},{"data":"infinitespire:FinalStrike","floor":29,"key":"SMITH"},{"data":"Fiend Fire","floor":32,"key":"SMITH"},{"data":"Demon Form","floor":44,"key":"SMITH"}],"circlet_count":0,"master_deck":["Strike_R","Strike_R","Strike_R","Strike_R+1","Strike_R","Defend_R","Defend_R","Defend_R","ReplayTheSpireMod:Strike From Hell","Cleave","Demon Form+1","Ghostly Armor","Fiend Fire+1","Perfected Strike+1","Perfected Strike+1","Twin Strike","Infernal Blade+1","Pommel Strike","Replay:Undeath\u0027s Touch+1","infinitespire:FinalStrike+1","infinitespire:Menacing+1","infinitespire:FutureSight+1","Flex+1","Barricade+1","ReplayTheSpireMod:Strike From Hell","Perfected Strike+1","Demon Form+1","Normality","Normality"],"relics":["Burning Blood","Ring of Peace","ReplayTheSpireMod:Ring of Exchange","Bag of Marbles","Orrery","Replay:Bottled Snecko","Oddly Smooth Stone","infinitespire:Lucky Rock","Ring of Chaos","theJungle:Creamberry","Tiny House","Pocketwatch","InkBottle","Replay:Ringing Soul","infinitespire:Eraser","Eternal Feather","Busted Crown","Medical Kit","Pear","Champion Belt"],"acts_visited":["Exordium","theJungle:Jungle","TheBeyond"],"potions_floor_usage":[14,16,16,21,33,33,45,46,46,46],"damage_taken":[{"damage":5,"enemies":"2 Louse","floor":1,"turns":3},{"damage":2,"enemies":"Jaw Worm","floor":4,"turns":4},{"damage":0,"enemies":"Lagavulin","floor":6,"turns":5},{"damage":0,"enemies":"Small Slimes","floor":10,"turns":3},{"damage":0,"enemies":"Looter","floor":12,"turns":2},{"damage":4,"enemies":"Gremlin Nob","floor":14,"turns":4},{"damage":0,"enemies":"Slime Boss","floor":16,"turns":7},{"damage":8,"enemies":"Shell Parasite","floor":18,"turns":4},{"damage":12,"enemies":"theJungle:5_Spyders","floor":21,"turns":5},{"damage":0,"enemies":"theJungle:MamaSnecko","floor":24,"turns":3},{"damage":0,"enemies":"theJungle:2_Phrogs","floor":28,"turns":4},{"damage":0,"enemies":"theJungle:2_Snecko_Cultists","floor":30,"turns":2},{"damage":0,"enemies":"theJungle:Cassacara","floor":31,"turns":3},{"damage":69,"enemies":"theJungle:TotemBoss","floor":33,"turns":6},{"damage":8,"enemies":"3 Darklings","floor":35,"turns":5},{"damage":0,"enemies":"Orb Walker","floor":36,"turns":3},{"damage":0,"enemies":"Reptomancer","floor":40,"turns":5},{"damage":0,"enemies":"Sphere and 2 Shapes","floor":42,"turns":2},{"damage":36,"enemies":"Spire Growth","floor":45,"turns":5},{"damage":61,"enemies":"Nightmare","floor":46,"turns":5}],"seed_played":"-240058706803860340","potions_obtained":[{"floor":4,"key":"Weak Potion"},{"floor":6,"key":"SteroidPotion"},{"floor":10,"key":"Ancient Potion"},{"floor":20,"key":"Adrenaline Potion"},{"floor":24,"key":"SteroidPotion"},{"floor":28,"key":"SteroidPotion"},{"floor":30,"key":"Elixir"},{"floor":33,"key":"Strength Potion"},{"floor":40,"key":"DuplicationPotion"},{"floor":45,"key":"Ancient Potion"}],"is_trial":false,"path_per_floor":["M","?","?","M","$","E","R","?","T","M","R","M","R","E","R","B",null,"M","?","AVR","M","?","R","E","R","T","?","E","R","M","E","R","B",null,"M","M","$","?","?","E","?","M","T","R","M","NM"],"character_chosen":"IRONCLAD","items_purchased":["Orrery","Demon Form","Medical Kit"],"campfire_rested":0,"item_purchase_floors":[5,37,37],"current_hp_per_floor":[80,80,80,80,80,80,80,85,85,85,85,85,85,85,85,85,85,83,83,88,82,76,76,82,82,82,82,91,91,96,96,96,33,96,94,96,99,102,102,67,67,73,73,88,58,0,0],"gold":1113,"neow_bonus":"HUNDRED_GOLD","is_daily":false,"chose_seed":false,"campfire_upgraded":9,"win_rate":0.0,"timestamp":1612276037,"path_taken":["M","?","?","M","$","E","R","?","T","M","R","?","R","E","R","BOSS","M","?","AVR","M","?","R","E","R","T","?","E","R","?","E","R","BOSS","M","M","$","?","?","E","?","M","T","R","M","NM"],"items_purchased_type":["Relic","Card","Relic"],"build_version":"2020-12-22","purchased_purges":2,"victory":false,"max_hp_per_floor":[80,80,80,80,80,80,80,85,85,85,85,85,85,85,85,85,85,85,85,90,90,90,90,90,90,90,90,93,93,96,96,96,96,96,96,96,99,102,102,112,112,112,112,112,112,112,112],"card_choices":[{"not_picked":["Armaments","Run Through"],"picked":"ReplayTheSpireMod:Strike From Hell","floor":1},{"not_picked":["Armaments","Bloodletting","Iron Wave"],"picked":"SKIP","floor":4},{"not_picked":["Fire Breathing","Disarm"],"picked":"Cleave","floor":5},{"not_picked":["Berserk","True Grit"],"picked":"Demon Form","floor":5},{"not_picked":["Rage","Carnage"],"picked":"Ghostly Armor","floor":5},{"not_picked":["Warcry","Sentinel"],"picked":"Fiend Fire","floor":5},{"not_picked":["Pommel Strike","Twin Strike"],"picked":"Perfected Strike","floor":5},{"not_picked":["Entrench","Iron Wave"],"picked":"Perfected Strike","floor":6},{"not_picked":["Body Slam","Thunderclap","Sword Boomerang"],"picked":"SKIP","floor":10},{"not_picked":["ReplayTheSpireMod:Corrosion Curse","Headbutt"],"picked":"Twin Strike","floor":12},{"not_picked":["Hemogenesis","Thunderclap"],"picked":"Infernal Blade","floor":14},{"not_picked":["Twin Strike","Uppercut"],"picked":"Pommel Strike","floor":18},{"not_picked":["Warcry","Spot Weakness+1"],"picked":"Replay:Undeath\u0027s Touch+1","floor":20},{"not_picked":["Shrug It Off","Reckless Charge+1"],"picked":"Flex+1","floor":21},{"not_picked":["Rage+1","Clash"],"picked":"Barricade+1","floor":24},{"not_picked":["Wild Strike","Body Slam"],"picked":"ReplayTheSpireMod:Strike From Hell","floor":28},{"not_picked":["ReplayTheSpireMod:Strike From Hell","Ghostly Armor+1"],"picked":"Perfected Strike+1","floor":30},{"not_picked":["Brutality+1","Carnage+1","Headbutt"],"picked":"SKIP","floor":31},{"not_picked":["Blood for Blood+1"],"picked":"SKIP","floor":35},{"not_picked":["Warcry"],"picked":"SKIP","floor":36},{"not_picked":["Spot Weakness+1"],"picked":"SKIP","floor":40},{"not_picked":["Body Slam"],"picked":"SKIP","floor":42},{"not_picked":["Thunderclap+1"],"picked":"SKIP","floor":45}],"player_experience":146729,"relics_obtained":[{"floor":2,"key":"Ring of Peace"},{"floor":2,"key":"ReplayTheSpireMod:Ring of Exchange"},{"floor":3,"key":"Bag of Marbles"},{"floor":6,"key":"Replay:Bottled Snecko"},{"floor":9,"key":"Oddly Smooth Stone"},{"floor":14,"key":"infinitespire:Lucky Rock"},{"floor":24,"key":"InkBottle"},{"floor":26,"key":"Replay:Ringing Soul"},{"floor":31,"key":"Eternal Feather"},{"floor":40,"key":"Pear"},{"floor":43,"key":"Champion Belt"}],"event_choices":[{"damage_healed":0,"gold_gain":0,"player_choice":"Donut","damage_taken":0,"max_hp_gain":5,"max_hp_loss":0,"event_name":"Big Fish","floor":8,"gold_loss":0},{"damage_healed":0,"gold_gain":0,"player_choice":"Paid Gold","damage_taken":0,"relics_obtained":["infinitespire:Eraser"],"max_hp_gain":0,"max_hp_loss":0,"event_name":"WeMeetAgain","floor":27,"gold_loss":99},{"damage_healed":0,"gold_gain":999,"player_choice":"Gold","damage_taken":0,"max_hp_gain":0,"max_hp_loss":0,"event_name":"MindBloom","floor":38,"gold_loss":0,"cards_obtained":["Normality","Normality"]},{"cards_removed":["Defend_R"],"damage_healed":0,"gold_gain":0,"player_choice":"Removed Skill","damage_taken":0,"max_hp_gain":0,"max_hp_loss":0,"event_name":"Falling","floor":39,"gold_loss":0},{"damage_healed":0,"gold_gain":0,"player_choice":"0 cards matched","damage_taken":0,"max_hp_gain":0,"max_hp_loss":0,"event_name":"Match and Keep!","floor":41,"gold_loss":0,"cards_obtained":[]}],"is_beta":false,"boss_relics":[{"not_picked":["infinitespire:Chaos","Kintsugi"],"picked":"Ring of Chaos"},{"not_picked":["Runic Dome","infinitespire:Cupcake"],"picked":"Busted Crown"}],"items_purged_floors":[20,37],"is_endless":false,"potions_floor_spawned":[4,6,10,24,28,30,33,40,45],"killed_by":"Nightmare","ascension_level":1}}