{"host":"hn5ue0hgikd0sqnx","time":1612234171,"event":{"mods":["AchievementEnabler","Astrologer","Bard","BaseMod","Colored Map","Conspire","Curses Come First","Downfall","GifTheSpireLib","Hermit","Hubris","Infinite Spire","Marisa????????","Minty Spire (QoL Compilation)","Potionbrewer","Random Character Mod","Rare Cards Sparkle","Relic Stats","Remilia??????","Replay The Spire","StSLib","Td1madao Mod","The Animator","The Bug Knight","The Construct","The Elementalist","The Gatherer","The Hierophant","The Judge","The Mystic","The Problem Sleuth","The Runesmith","The Senshi","The Servant 0.9.4","The Spell Scribe","The Wild Card","The Witch","TheBandit","TheFirefly","Yuyuko"],"gold_per_floor":[116,135,153,153,167,201,220,220,220,220,17,17,50,66,66,164,164,183,212,212,9,33,43,43,63,89,89,89,104,104,119,119,217,217,231,249,299,299,299,326,338,338,419,419,438,438,453,453,453,453],"floor_reached":51,"language":"ENG","playtime":5193,"items_purged":["Gatherer:Strike_Gatherer"],"score":587,"play_id":"75723b37-9904-4519-aee2-44f47ff40772","local_time":"20210201204931","is_ascension_mode":false,"metric_token":2577,"campfire_choices":[{"data":"Gatherer:Snatch","floor":8,"key":"SMITH"},{"floor":10,"key":"REST"},{"data":"Gatherer:AlchemyTrial","floor":12,"key":"SMITH"},{"floor":28,"key":"REST"},{"data":"conspire:Banana","floor":30,"key":"SMITH"},{"floor":32,"key":"REST"},{"data":"Gatherer:BomberForm","floor":46,"key":"SMITH"},{"floor":49,"key":"REST"}],"circlet_count":0,"master_deck":["Gatherer:Strike_Gatherer","Gatherer:Strike_Gatherer","Gatherer:Defend_Gatherer","Gatherer:Defend_Gatherer","Gatherer:Centralize","Gatherer:FlowerWhip","Gatherer:Snatch+1","Gatherer:FlowerBeam","Gatherer:FragileHammer","Gatherer:AlchemyTrial+1","Gatherer:RottenStipe","Gatherer:BambuSword","Gatherer:GlowingPlant","Gatherer:Shadow","Gatherer:Light","Gatherer:BambuSword+1","conspire:Banana+1","Gatherer:BomberForm+1","Gatherer:AcidicSpray","Gatherer:FruitForce","Gatherer:BlackTea","Gatherer:Frenzy","Gatherer:CollectorsShot","Gatherer:Convert","Gatherer:QuickSynthesis","Iron Wave","Gatherer:DrugPower","Gatherer:VenomBarrier+1","Gatherer:StoneFence","Gatherer:RecoveryHerb","Gatherer:Herbalism+1","Gatherer:WitheringStrike","Gatherer:FlowerFalling+1","Gatherer:SealedBomb+1","Gatherer:SmartManeuver+1","Gatherer:FeelingFine+1","Parasite","Gatherer:HeartToFruit","Gatherer:Solidify+1"],"relics":["Gatherer:AlchemyBag","Toy Ornithopter","ReplayTheSpireMod:Shallot","Replay:WaspNest","Tiny Chest","sneckomod:SneckoTalon","Gatherer:FlyingFruit","Strange Spoon","hexamod:BolsterEngine","theSenshi:SailorFukuRelic","potionbrewer:SlideRule","SacredBark","conspire:Boomerang","elementalistmod:BlueRibbon","Replay:Ringing Soul","Sundial","HornCleat","HollowMod:LifeEnderRelic","Astrolabe"],"acts_visited":["Exordium","TheCity","TheBeyond"],"potions_floor_usage":[14,16,31,33,37,40,40,40,50,50,50],"damage_taken":[{"damage":4,"enemies":"Cultist","floor":1,"turns":4},{"damage":8,"enemies":"infinitespire:Voidling","floor":2,"turns":4},{"damage":8,"enemies":"conspire:RoseBush","floor":3,"turns":1},{"damage":5,"enemies":"Lots of Slimes","floor":5,"turns":2},{"damage":6,"enemies":"HollowMod:MossKnight","floor":6,"turns":7},{"damage":3,"enemies":"3 Louse","floor":7,"turns":3},{"damage":6,"enemies":"Replay:BlueRogue","floor":13,"turns":4},{"damage":0,"enemies":"Looter","floor":14,"turns":2},{"damage":31,"enemies":"Hexaghost","floor":16,"turns":7},{"damage":3,"enemies":"conspire:FuzzyDice","floor":18,"turns":4},{"damage":13,"enemies":"conspire:MimicChest","floor":19,"turns":3},{"damage":11,"enemies":"2 Thieves","floor":23,"turns":3},{"damage":14,"enemies":"Cultist and Chosen","floor":25,"turns":5},{"damage":1,"enemies":"Chosen and Byrds","floor":29,"turns":3},{"damage":36,"enemies":"Shelled Parasite and Fungi","floor":31,"turns":4},{"damage":61,"enemies":"Champ","floor":33,"turns":10},{"damage":0,"enemies":"Orb Walker","floor":35,"turns":3},{"damage":8,"enemies":"3 Shapes","floor":36,"turns":4},{"damage":52,"enemies":"Mind Bloom Boss Battle","floor":37,"turns":3},{"damage":72,"enemies":"Reptomancer","floor":40,"turns":5},{"damage":7,"enemies":"Maw","floor":41,"turns":6},{"damage":5,"enemies":"Writhing Mass","floor":45,"turns":6},{"damage":23,"enemies":"4 Shapes","floor":47,"turns":3},{"damage":64,"enemies":"Replay:Hell Engine","floor":50,"turns":7}],"seed_played":"8320484654579393505","potions_obtained":[{"floor":2,"key":"Guardian:BlockOnCardUsePotion"},{"floor":5,"key":"Swift Potion"},{"floor":7,"key":"potionbrewer:CleansingPotion"},{"floor":13,"key":"potionbrewer:StunPotion"},{"floor":23,"key":"DuplicationPotion"},{"floor":33,"key":"conspire:TimeTravelPotion"},{"floor":35,"key":"BottledMiracle"},{"floor":36,"key":"Elixir"},{"floor":39,"key":"potionbrewer:SplittingPotion"},{"floor":45,"key":"hexamod:SoulburnPotion"}],"is_trial":true,"path_per_floor":["M","M","M","?","M","E","M","R","T","R","$","R","E","M","R_BF","B",null,"M","?","?","$","T","M","?","M","T","T","R","M","R","M","R","B",null,"M","M","?","?","?","E","M","T","T","AVR","M","R","M","?","R","B",null],"character_chosen":"THE_GATHERER","items_purchased":["Gatherer:GlowingPlant","Gatherer:BambuSword+1","conspire:Banana","Gatherer:Convert","Strange Spoon"],"campfire_rested":4,"item_purchase_floors":[11,11,11,21,21],"current_hp_per_floor":[68,60,52,52,47,41,38,38,38,59,59,59,54,60,64,39,79,76,63,63,63,63,52,52,43,43,43,68,69,69,40,66,18,96,102,103,104,104,104,44,64,64,64,67,83,83,85,85,124,69],"gold":453,"neow_bonus":"","is_daily":false,"chose_seed":false,"campfire_upgraded":4,"win_rate":0.0,"timestamp":1612234171,"path_taken":["M","?","?","?","M","E","?","R","T","R","?","R","E","M","R_BF","BOSS","M","?","?","?","?","?","?","?","T","?","R","M","R","M","R","BOSS","M","M","?","?","?","E","M","?","T","AVR","M","R","M","?","R","BOSS"],"items_purchased_type":["Card","Card","Card","Card","Relic"],"build_version":"2020-12-22","purchased_purges":1,"victory":true,"max_hp_per_floor":[72,72,72,72,72,72,72,72,72,72,72,72,73,74,78,79,79,79,79,79,79,79,79,79,84,84,84,84,86,86,88,88,96,96,102,104,104,104,104,106,115,115,115,118,123,123,131,131,131,133],"relic_stats":{"Strange Spoon":[23],"counters":[24,103],"Sundial":[0],"Astrolabe":["Gatherer:SealedBomb","Gatherer:SmartManeuver","Gatherer:FeelingFine"],"Tiny Chest":3,"obtain_stats":[{"elementalistmod:BlueRibbon":38,"HollowMod:LifeEnderRelic":44,"SacredBark":34,"Astrolabe":44,"Replay:WaspNest":9,"conspire:Boomerang":37,"sneckomod:SneckoTalon":17,"Gatherer:FlyingFruit":19,"Strange Spoon":21,"Replay:Ringing Soul":40,"HornCleat":43,"ReplayTheSpireMod:Shallot":6,"Sundial":42,"Tiny Chest":13,"hexamod:BolsterEngine":22,"theSenshi:SailorFukuRelic":26,"potionbrewer:SlideRule":27,"Gatherer:AlchemyBag":0,"Toy Ornithopter":4},{"elementalistmod:BlueRibbon":19,"HollowMod:LifeEnderRelic":21,"SacredBark":16,"Astrolabe":21,"Replay:WaspNest":6,"conspire:Boomerang":19,"sneckomod:SneckoTalon":9,"Gatherer:FlyingFruit":11,"Strange Spoon":11,"Replay:Ringing Soul":20,"HornCleat":21,"ReplayTheSpireMod:Shallot":5,"Sundial":21,"Tiny Chest":7,"hexamod:BolsterEngine":11,"theSenshi:SailorFukuRelic":13,"potionbrewer:SlideRule":13,"Gatherer:AlchemyBag":0,"Toy Ornithopter":3},{"elementalistmod:BlueRibbon":76,"HollowMod:LifeEnderRelic":87,"SacredBark":66,"Astrolabe":87,"Replay:WaspNest":21,"conspire:Boomerang":76,"sneckomod:SneckoTalon":34,"Gatherer:FlyingFruit":41,"Strange Spoon":41,"Replay:Ringing Soul":81,"HornCleat":87,"ReplayTheSpireMod:Shallot":18,"Sundial":87,"Tiny Chest":25,"hexamod:BolsterEngine":41,"theSenshi:SailorFukuRelic":49,"potionbrewer:SlideRule":49,"Gatherer:AlchemyBag":0,"Toy Ornithopter":9}],"Toy Ornithopter":58},"card_choices":[{"not_picked":["Gatherer:Liquidism","Gatherer:SaveValuables"],"picked":"Gatherer:Snatch","floor":1},{"not_picked":["Gatherer:Transmute","Gatherer:Liquidism"],"picked":"Gatherer:FlowerBeam","floor":2},{"not_picked":["Gatherer:Convert","Gatherer:Frenzy"],"picked":"Gatherer:FragileHammer","floor":3},{"not_picked":["Gatherer:Uplift","Gatherer:Convert"],"picked":"Gatherer:AlchemyTrial","floor":5},{"not_picked":["Gatherer:ScherryThrow","Gatherer:BigPouch"],"picked":"Gatherer:RottenStipe","floor":6},{"not_picked":["Gatherer:Pollute","Gatherer:DrugPower"],"picked":"Gatherer:BambuSword","floor":7},{"not_picked":["Gatherer:BambuSword","Gatherer:Snatch"],"picked":"Gatherer:BomberForm","floor":13},{"not_picked":["Gatherer:GatherMaterial","Gatherer:SaveValuables"],"picked":"Gatherer:AcidicSpray","floor":14},{"not_picked":["Gatherer:CursedBlade","Gatherer:Overflowing"],"picked":"Gatherer:BlackTea","floor":16},{"not_picked":["Gatherer:PotentialSlash","Gatherer:SaveValuables"],"picked":"Gatherer:Frenzy","floor":18},{"not_picked":["Gatherer:BambuSword","Gatherer:Transmute"],"picked":"Gatherer:CollectorsShot","floor":19},{"not_picked":["Gatherer:FlowerShield","Gatherer:CarefulStrike"],"picked":"Gatherer:QuickSynthesis","floor":23},{"not_picked":["Gatherer:Liquidism","Gatherer:AcidicSpray","Gatherer:QuickSynthesis"],"picked":"SKIP","floor":25},{"not_picked":["Gatherer:BambuSword","Gatherer:Convert"],"picked":"Gatherer:DrugPower","floor":29},{"not_picked":["Gatherer:AlchemyTrial+1","Gatherer:ScherryThrow"],"picked":"Gatherer:VenomBarrier+1","floor":31},{"not_picked":["Gatherer:Overflowing","Gatherer:MindSearch"],"picked":"Gatherer:StoneFence","floor":33},{"not_picked":["Gatherer:FeelingFine","Gatherer:BambuSword+1"],"picked":"Gatherer:RecoveryHerb","floor":35},{"not_picked":["Gatherer:BambuSword","Gatherer:QuickSynthesis"],"picked":"Gatherer:Herbalism+1","floor":36},{"not_picked":["Gatherer:AlchemyTrial","Gatherer:OddSpoils"],"picked":"Gatherer:WitheringStrike","floor":37},{"not_picked":["Gatherer:OddSpoils","Gatherer:WitheringStrike","Gatherer:TreeGrowth"],"picked":"SKIP","floor":40},{"not_picked":["Gatherer:QuickSynthesis+1","Gatherer:Frenzy+1"],"picked":"Gatherer:FlowerFalling+1","floor":41},{"not_picked":["Gatherer:FruitForce","Gatherer:ScrollOfWall"],"picked":"Gatherer:HeartToFruit","floor":45},{"not_picked":["Gatherer:RecipeChange","Gatherer:AcidicSpray"],"picked":"Gatherer:Solidify+1","floor":47}],"player_experience":36227,"relics_obtained":[{"floor":6,"key":"ReplayTheSpireMod:Shallot"},{"floor":9,"key":"Replay:WaspNest"},{"floor":13,"key":"Tiny Chest"},{"floor":19,"key":"Gatherer:FlyingFruit"},{"floor":22,"key":"hexamod:BolsterEngine"},{"floor":26,"key":"theSenshi:SailorFukuRelic"},{"floor":27,"key":"potionbrewer:SlideRule"},{"floor":37,"key":"conspire:Boomerang"},{"floor":40,"key":"Replay:Ringing Soul"},{"floor":42,"key":"Sundial"},{"floor":43,"key":"HornCleat"}],"event_choices":[{"damage_healed":0,"gold_gain":0,"player_choice":"Gave Potion","damage_taken":0,"relics_obtained":["Toy Ornithopter"],"max_hp_gain":0,"max_hp_loss":0,"event_name":"WeMeetAgain","floor":4,"gold_loss":0},{"damage_healed":0,"gold_gain":0,"player_choice":"Leave","damage_taken":0,"max_hp_gain":0,"max_hp_loss":0,"event_name":"conspire:Investor","floor":20,"gold_loss":0},{"cards_removed":["Gatherer:Defend_Gatherer"],"damage_healed":0,"gold_gain":0,"player_choice":"Took Card","damage_taken":0,"max_hp_gain":0,"max_hp_loss":0,"event_name":"NoteForYourself","floor":24,"gold_loss":0,"cards_obtained":["Iron Wave"]},{"damage_healed":0,"gold_gain":0,"player_choice":"Fight","damage_taken":0,"max_hp_gain":0,"max_hp_loss":0,"event_name":"MindBloom","floor":37,"gold_loss":0},{"damage_healed":0,"gold_gain":0,"player_choice":"Got Potions","damage_taken":0,"max_hp_gain":0,"max_hp_loss":0,"event_name":"Lab","floor":39,"gold_loss":0},{"damage_healed":0,"gold_gain":0,"player_choice":"Memory 1","damage_taken":0,"max_hp_gain":0,"max_hp_loss":0,"event_name":"SensoryStone","floor":48,"gold_loss":0}],"is_beta":false,"boss_relics":[{"not_picked":["theSenshi:MoonKaleidoScopeRelic","Fusion Hammer"],"picked":"sneckomod:SneckoTalon"},{"not_picked":["Replay:Bronze Core","Sozu"],"picked":"SacredBark"}],"items_purged_floors":[44],"is_endless":false,"potions_floor_spawned":[2,5,7,13,23,33,35,36,45],"ascension_level":0}}