{"host":"gq0g4q0qeejb9tkd","time":1612262396,"event":{"mods":["Act Like it!","Ascension Reborn","Aspiration","Bard","BaseMod","Better-Laid Plans","FutureSeer","Gensokyo","Hallownest","Jedi Mod","LagranYue(拉格朗・月)","Marked Mod","Minty Spire (QoL Compilation)","Replay The Spire","RumiaBox-露米娅的神秘盒子","Spicy Shops","StSLib","The Bug Knight","The Cursed","Warlord Emblem","【功能Mod】聪明的最终Boss"],"gold_per_floor":[367,384,122,122,132,167,167,202,202,222,238,238,257,273,273,376,376,390,390,414,51,63,97,115,115,197,197,226,226,246,246,246,366,366,379,213,238,256,275,275,296,340,340,278,278,309,309,333,333,463,463,482,495,495,495,516,559,578,592,592,347,347,360,30,30,30,30,30,30,30,63,63,63],"floor_reached":72,"language":"ZHS","playtime":28736,"items_purged":["Injury","Regret","Infinite Blades+1"],"score":1391,"play_id":"f63f08f9-75de-4cd8-9a2c-165ae26144a1","local_time":"20210202183956","is_ascension_mode":true,"campfire_choices":[{"floor":7,"key":"RECALL"},{"floor":12,"key":"REST"},{"floor":15,"key":"REST"},{"data":"Injury","floor":25,"key":"PURGE"},{"data":"Defend_G","floor":27,"key":"PURGE"},{"data":"Injury","floor":32,"key":"PURGE"},{"floor":40,"key":"REST"},{"floor":47,"key":"REST"},{"data":"Regret","floor":49,"key":"PURGE"},{"floor":62,"key":"REST"},{"data":"Strike_G","floor":66,"key":"PURGE"},{"data":"Strike_G","floor":69,"key":"PURGE"}],"circlet_count":0,"master_deck":["Strike_G","Strike_G","Defend_G","Defend_G","Defend_G","Defend_G","Survivor","Neutralize","Footwork+1","Distraction","Enlightenment","Neutralize","Calculated Gamble","Noxious Fumes","Escape Plan","Deadly Poison","jedi:pocketpoison","jedi:pocketpoison","ReplayTheSpireMod:Necrosis+1","ThirdEye","Apotheosis+1","jedi:pocketpoison+1","jedi:pocketpoison+1","Deadly Poison+1","jedi:rejectivetoxin+1","Replay:Poison Smokescreen+1","Atom Bomb","ReplayTheSpireMod:The Works+1","Poisoned Stab+1","Deadly Poison+1","Outmaneuver+1","Prepared+1","Deadly Poison+1","Infinite Blades+1","Escape Plan+1","Corpse Explosion+1","Concentrate+1","PiercingWail+1","Acrobatics+1","ReplayTheSpireMod:Tripwire+1","jedi:unstablefumes+1","jedi:rejectivetoxin+1","ReplayTheSpireMod:Shiv Toss+1","Backflip+1","ReplayTheSpireMod:Private Reserves+1","Purity+1","jedi:RedIncense+1","Catalyst+1","Acrobatics+1","Setup+1","Replay:Bag of Tricks+1","Metamorphosis+1","Sadistic Nature+1","Tools of the Trade+1"],"relics":["Ring of the Snake","Ninja Scroll","White Beast Statue","Calipers","Peace Pipe","Philosopher\u0027s Stone","aspiration:Nostalgia","Replay:M_StaffOfTheSnake","Toxic Egg 2","Odd Mushroom","Guide Book","HollowMod:PaleOreRelic","aspiration:HiddenCompartment","Frozen Egg 2","Golden Idol","Honey Jar","SSSystem","Sundial","Replay:Rubber Ducky","Orrery","aspiration:RitualStick","Snake Skull","Cursed Key","jedi:crownofsimplicity","jedi:kaleidoscope","Lantern","Centennial Puzzle","ReplayTheSpireMod:ShopPack","Anchor"],"acts_visited":["Exordium","TheCity","TheBeyond","TheEnding"],"potions_floor_usage":[8,11,13,14,20,23,33,41,42,42,46,50,56,67,72,72,72],"damage_taken":[{"damage":0.0,"enemies":"2 Louse","floor":1.0,"turns":3.0},{"damage":0.0,"enemies":"Cultist","floor":2.0,"turns":4.0},{"damage":0.0,"enemies":"Small Slimes","floor":5.0,"turns":2.0},{"damage":13,"enemies":"Lagavulin","floor":6,"turns":6},{"damage":33,"enemies":"3 Sentries","floor":8,"turns":12},{"damage":6,"enemies":"Looter","floor":10,"turns":4},{"damage":0,"enemies":"Large Slime","floor":11,"turns":5},{"damage":4,"enemies":"3 Louse","floor":13,"turns":4},{"damage":0,"enemies":"2 Fungi Beasts","floor":14,"turns":4},{"damage":13,"enemies":"Hexaghost","floor":16,"turns":8},{"damage":4,"enemies":"Cultist","floor":18,"turns":3},{"damage":17,"enemies":"The Mushroom Lair","floor":20,"turns":5},{"damage":0,"enemies":"Jaw Worm","floor":22,"turns":3},{"damage":3,"enemies":"Gremlin Nob","floor":23,"turns":3},{"damage":0,"enemies":"Small Slimes","floor":24,"turns":2},{"damage":0,"enemies":"Lagavulin","floor":28,"turns":3},{"damage":0,"enemies":"Looter","floor":30,"turns":1},{"damage":6,"enemies":"Slime Boss","floor":33,"turns":8},{"damage":12,"enemies":"2 Thieves","floor":35,"turns":2},{"damage":12,"enemies":"Chosen","floor":37,"turns":3},{"damage":21,"enemies":"Snake Plant","floor":38,"turns":3},{"damage":13,"enemies":"Centurion and Healer","floor":39,"turns":4},{"damage":0,"enemies":"Snecko","floor":41,"turns":3},{"damage":0,"enemies":"Gremlin Leader","floor":42,"turns":2},{"damage":14,"enemies":"Book of Stabbing","floor":46,"turns":3},{"damage":0,"enemies":"Cultist and Chosen","floor":48,"turns":3},{"damage":3,"enemies":"Pondfish","floor":50,"turns":6},{"damage":4,"enemies":"3 Shapes","floor":52,"turns":2},{"damage":0,"enemies":"3 Darklings","floor":53,"turns":3},{"damage":0,"enemies":"Sphere and 2 Shapes","floor":56,"turns":2},{"damage":0,"enemies":"R_Hoarder","floor":57,"turns":3},{"damage":9,"enemies":"Jaw Worm Horde","floor":58,"turns":3},{"damage":0,"enemies":"Spire Growth","floor":59,"turns":3},{"damage":0,"enemies":"Sphere and 2 Shapes","floor":63,"turns":2},{"damage":20,"enemies":"Awakened One","floor":67,"turns":6},{"damage":7,"enemies":"Shield and Spear","floor":71,"turns":2},{"damage":70,"enemies":"The Heart","floor":72,"turns":3}],"seed_played":"-8905603506926465752","potions_obtained":[{"floor":1.0,"key":"LiquidBronze"},{"floor":2.0,"key":"SneckoOil"},{"floor":8,"key":"LiquidMemories"},{"floor":10,"key":"jedi:StrikingPotion"},{"floor":11,"key":"FairyPotion"},{"floor":13,"key":"SmokeBomb"},{"floor":14,"key":"SmokeBomb"},{"floor":16,"key":"Dexterity Potion"},{"floor":18,"key":"jedi:wingpotion"},{"floor":20,"key":"Reflective Coating"},{"floor":22,"key":"ColorlessPotion"},{"floor":23,"key":"Ancient Potion"},{"floor":33,"key":"DistilledChaos"},{"floor":35,"key":"Elixir"},{"floor":37,"key":"Weak Potion"},{"floor":38,"key":"ColorlessPotion"},{"floor":39,"key":"SteroidPotion"},{"floor":41,"key":"SteroidPotion"},{"floor":42,"key":"Dexterity Potion"},{"floor":46,"key":"LiquidBronze"},{"floor":48,"key":"SteroidPotion"},{"floor":50,"key":"ColorlessPotion"},{"floor":52,"key":"SkillPotion"},{"floor":53,"key":"jedi:hoardpotion"},{"floor":56,"key":"DistilledChaos"},{"floor":58,"key":"Toxic Potion"},{"floor":71,"key":"SteroidPotion"}],"is_trial":false,"path_per_floor":["M","M","$","?","M","E","R","E","T","M","M","R","M","M","R","B",null,"M","?","?","$","M","E","M","R","T","R","E","?","M","?","R","B",null,"M","$","M","M","M","R","M","E","T","$","?","E","R","M","R","B",null,"M","M","?","?","M","E","M","M","T","$","R","M","$","?","R","B",null,"R","$","E","B"],"character_chosen":"THE_SILENT","items_purchased":["Ninja Scroll","Apotheosis+1","jedi:pocketpoison+1","Guide Book","SSSystem","Poisoned Stab+1","Orrery","Lantern","Centennial Puzzle","ReplayTheSpireMod:ShopPack"],"campfire_rested":5,"item_purchase_floors":[3,21,21,21,36,36,44,61,64,64],"current_hp_per_floor":[63,63,63,63,63,50,50,17,17,11,11,29,25,25,43,30,63,59,59,42,42,42,45,45,45,45,45,45,33,33,33,33,27,63,51,51,39,18,5,23,23,23,23,23,10,14,32,32,32,29,63,59,59,49,49,49,49,40,40,40,40,58,58,58,73,73,53,73,73,73,66,0,0],"gold":63,"neow_bonus":"NOSTALGIA","is_daily":false,"chose_seed":false,"campfire_upgraded":0,"win_rate":0.0,"timestamp":1612262396,"path_taken":["M","M","$","?","M","E","R","E","T","M","M","R","?","?","R","BOSS","M","?","?","$","M","E","M","R","T","R","E","?","?","?","R","BOSS","M","$","M","M","M","R","M","E","T","$","?","E","R","M","R","BOSS","M","M","?","?","M","E","M","?","T","$","R","M","$","?","R","BOSS","R","$","E","BOSS"],"items_purchased_type":["Relic","Card","Card","Relic","Relic","Card","Relic","Relic","Relic","Relic"],"build_version":"2020-12-22","purchased_purges":3,"victory":false,"max_hp_per_floor":[63,63,63,63,63,63,63,63,63,63,63,63,63,63,63,63,63,63,63,63,63,63,63,63,63,63,63,63,63,63,63,63,63,63,63,63,63,63,63,63,63,63,63,63,63,63,63,63,63,63,63,63,63,63,63,63,63,63,63,63,63,63,63,63,73,73,73,73,73,73,73,73,73],"card_choices":[{"not_picked":["Underhanded Strike","Deflect"],"picked":"Footwork","floor":1.0},{"not_picked":["Heel Hook","Catalyst"],"picked":"Distraction","floor":2.0},{"not_picked":["Acrobatics","Quick Slash"],"picked":"Calculated Gamble","floor":5.0},{"not_picked":["Blade Dance","Fluid Movement"],"picked":"Noxious Fumes","floor":6},{"not_picked":["Eviscerate","Riddle With Holes"],"picked":"Escape Plan","floor":8},{"not_picked":["Outmaneuver","ReplayTheSpireMod:Speed Training"],"picked":"Deadly Poison","floor":10},{"not_picked":["Underhanded Strike","Eviscerate","Backstab"],"picked":"SKIP","floor":11},{"not_picked":["ReplayTheSpireMod:Exploit Weakness","Predator"],"picked":"jedi:pocketpoison","floor":13},{"not_picked":["Sucker Punch","Poisoned Stab"],"picked":"jedi:pocketpoison","floor":14},{"not_picked":["Night Terror","Doppelganger"],"picked":"ReplayTheSpireMod:Necrosis","floor":16},{"not_picked":["Outmaneuver","Accuracy"],"picked":"ThirdEye","floor":18},{"not_picked":["Dagger Throw","Prepared+1"],"picked":"Deadly Poison+1","floor":22},{"not_picked":["Sucker Punch","Backflip+1","ThirdEye+1"],"picked":"SKIP","floor":23},{"not_picked":["Expertise+1","ClearTheMind+1","Leg Sweep+1"],"picked":"SKIP","floor":24},{"not_picked":["ClearTheMind+1","SashWhip"],"picked":"jedi:rejectivetoxin+1","floor":28},{"not_picked":["Crescendo+1","Outmaneuver+1"],"picked":"Replay:Poison Smokescreen+1","floor":30},{"not_picked":["aspiration:Lunge","Bullet Time+1"],"picked":"Atom Bomb","floor":33},{"not_picked":["Dagger Spray","Quick Slash+1","Cloak And Dagger+1"],"picked":"ReplayTheSpireMod:The Works+1","floor":35},{"not_picked":["Infinite Blades+1","Deflect+1","Hidden Blade+1"],"picked":"Deadly Poison+1","floor":37},{"not_picked":["Sucker Punch","Finisher","Flying Knee+1"],"picked":"Outmaneuver+1","floor":38},{"not_picked":["Flying Knee+1","Reflex+1","Hidden Blade+1"],"picked":"Prepared+1","floor":39},{"not_picked":["Dodge and Roll+1","Reflex+1","Fluid Movement+1"],"picked":"Deadly Poison+1","floor":41},{"not_picked":["Acrobatics+1","Choke","Dagger Throw"],"picked":"Infinite Blades+1","floor":42},{"not_picked":["Accuracy+1","Flying Knee","ReplayTheSpireMod:Exploit Weakness+1"],"picked":"Escape Plan+1","floor":44},{"not_picked":["Expertise+1","Sneak Up+1","Acrobatics+1"],"picked":"Corpse Explosion+1","floor":44},{"not_picked":["Dagger Throw+1","Acrobatics+1","PiercingWail+1"],"picked":"Concentrate+1","floor":44},{"not_picked":["Underhanded Strike","Skewer","Riddle With Holes+1"],"picked":"PiercingWail+1","floor":44},{"not_picked":["aspiration:Lunge","Blade Dance+1","Quick Slash"],"picked":"Acrobatics+1","floor":44},{"not_picked":["Poisoned Stab","Quick Slash","Terror+1"],"picked":"ReplayTheSpireMod:Tripwire+1","floor":46},{"not_picked":["Dagger Spray","Poisoned Stab+1","Blur+1"],"picked":"jedi:unstablefumes+1","floor":48},{"not_picked":["A Thousand Cuts+1","Corpse Explosion+1","Storm of Steel+1"],"picked":"jedi:rejectivetoxin+1","floor":50},{"not_picked":["Hidden Blade+1","Riddle With Holes","Blade Dance+1"],"picked":"ReplayTheSpireMod:Shiv Toss+1","floor":52},{"not_picked":["Caltrops+1","All Out Attack+1","Bane+1"],"picked":"Backflip+1","floor":53},{"not_picked":["jedi:RedIncense+1","Survey Options+1","Poisoned Strike"],"picked":"ReplayTheSpireMod:Private Reserves+1","floor":54},{"not_picked":["Replay:Sssssssssstrike","ReplayTheSpireMod:Uncanny Aura+1","Replay:Bootleg Shield Generator+1"],"picked":"Purity+1","floor":54},{"not_picked":["Madness+1","Finesse+1","Dark Shackles+1"],"picked":"jedi:RedIncense+1","floor":54},{"not_picked":["Calculated Gamble+1","Dagger Spray","Skewer"],"picked":"Catalyst+1","floor":56},{"not_picked":["Dagger Throw","Hidden Blade+1","Cloak And Dagger+1"],"picked":"Acrobatics+1","floor":57},{"not_picked":["Bane","All Out Attack+1","Backflip+1"],"picked":"Setup+1","floor":58},{"not_picked":["PiercingWail+1","Underhanded Strike+1","Acrobatics+1"],"picked":"Replay:Bag of Tricks+1","floor":59},{"not_picked":["Backflip+1","Blade Dance+1","Bane+1"],"picked":"Infinite Blades+1","floor":63},{"not_picked":["The Bomb","HandOfGreed","Transmutation"],"picked":"Metamorphosis","floor":64},{"not_picked":["Dramatic Entrance","Impatience","Flash of Steel"],"picked":"jedi:LeechingStrike","floor":64},{"not_picked":["PanicButton","Deep Breath","Forethought"],"picked":"Sadistic Nature","floor":64},{"not_picked":["Poisoned Stab","Sucker Punch","Atom Bomb"],"picked":"Tools of the Trade+1","floor":71}],"player_experience":371477,"relics_obtained":[{"floor":6,"key":"White Beast Statue"},{"floor":8,"key":"Calipers"},{"floor":9,"key":"Peace Pipe"},{"floor":20,"key":"Odd Mushroom"},{"floor":23,"key":"HollowMod:PaleOreRelic"},{"floor":28,"key":"aspiration:HiddenCompartment"},{"floor":42,"key":"Sundial"},{"floor":43,"key":"Replay:Rubber Ducky"},{"floor":46,"key":"Snake Skull"},{"floor":57,"key":"jedi:crownofsimplicity"},{"floor":60,"key":"jedi:kaleidoscope"},{"floor":71,"key":"Anchor"}],"event_choices":[{"damage_healed":0.0,"max_hp_gain":0.0,"max_hp_loss":0.0,"gold_gain":0.0,"event_name":"Match and Keep!","player_choice":"2 cards matched","floor":4.0,"gold_loss":0.0,"damage_taken":0.0,"cards_obtained":["Enlightenment","Neutralize"]},{"damage_healed":0,"gold_gain":0,"player_choice":"Fought Mushrooms","damage_taken":0,"max_hp_gain":0,"max_hp_loss":0,"event_name":"Mushrooms","floor":20,"gold_loss":0},{"damage_healed":0,"gold_gain":0,"player_choice":"Success","damage_taken":12,"relics_obtained":["Frozen Egg 2"],"max_hp_gain":0,"max_hp_loss":0,"event_name":"Scrap Ooze","floor":29,"gold_loss":0},{"damage_healed":0,"gold_gain":0,"player_choice":"Take Wound","damage_taken":0,"relics_obtained":["Golden Idol"],"max_hp_gain":0,"max_hp_loss":0,"event_name":"Golden Idol","floor":31,"gold_loss":0,"cards_obtained":["Injury"]},{"damage_healed":0,"gold_gain":0,"player_choice":"Memory 3","damage_taken":10,"max_hp_gain":0,"max_hp_loss":0,"event_name":"SensoryStone","floor":54,"gold_loss":0},{"cards_removed":["Strike_G"],"damage_healed":0,"gold_gain":0,"player_choice":"Purged","damage_taken":0,"max_hp_gain":0,"max_hp_loss":0,"event_name":"Purifier","floor":55,"gold_loss":0},{"cards_removed":["jedi:LeechingStrike"],"damage_healed":5,"gold_gain":0,"player_choice":"Offered Rare","damage_taken":0,"max_hp_gain":10,"max_hp_loss":0,"event_name":"Bonfire Elementals","floor":65,"gold_loss":0}],"is_beta":false,"boss_relics":[{"not_picked":["Ring of the Serpent","Calling Bell"],"picked":"Philosopher\u0027s Stone"},{"not_picked":["Runic Dome","Empty Cage"],"picked":"Honey Jar"},{"not_picked":["HoveringKite","LagranYue:ContractPerformanceRelic"],"picked":"Cursed Key"}],"items_purged_floors":[36,61,64],"is_endless":false,"potions_floor_spawned":[1,2,8,10,11,13,14,16,18,20,22,23,24,28,30,33,35,37,38,39,41,42,46,48,50,52,53,56,57,58,59,63,71],"killed_by":"The Heart","ascension_level":0}}