{"host":"4lch21uqe3ag08cj","time":1612302224,"event":{"mods":["AchievementEnabler","BaseMod","Block Reminder","Colored Map","Colored Powertips","Minty Spire (QoL Compilation)","Permanent Neow","Relic Stats"],"gold_per_floor":[115,126,137,151,163,163,176,202,225,235,35,60,60,90,90,188,188,201,214,214,227,227,227,255,255,305,330,348,395,3,38,38,136,136,151,171,1,14,33,33,62,75,101,129,180,180,180,229,229,229,229,229,23,54,54,54],"floor_reached":55,"language":"ENG","playtime":3895,"items_purged":["Strike_G","Defend_G"],"score":896,"play_id":"5192bb28-f12e-42f0-bfcb-0d7c1d606435","local_time":"20210202184344","is_ascension_mode":true,"campfire_choices":[{"data":"Neutralize","floor":6.0,"key":"SMITH"},{"floor":13.0,"key":"REST"},{"data":"Catalyst","floor":15.0,"key":"SMITH"},{"data":"Well Laid Plans","floor":23.0,"key":"SMITH"},{"data":"Dash","floor":25.0,"key":"SMITH"},{"data":"Poisoned Stab","floor":32.0,"key":"SMITH"},{"data":"Footwork","floor":40.0,"key":"SMITH"},{"floor":49.0,"key":"RECALL"},{"data":"Envenom","floor":52,"key":"SMITH"}],"circlet_count":0,"master_deck":["Defend_G","Defend_G","Survivor","Neutralize+1","Flying Knee","Catalyst+1","Bouncing Flask","Dash+1","Backflip","Predator","Skewer","Well Laid Plans+1","CurseOfTheBell","Flechettes+1","Bite","Bite","Bite","Bite","Bite","Blur+1","Quick Slash","Leg Sweep+1","Poisoned Stab+1","Envenom+1","Footwork+1","PiercingWail+1","Noxious Fumes","Blur+1"],"relics":["Busted Crown","Tiny Chest","Whetstone","Orichalcum","Pen Nib","Calling Bell","Oddly Smooth Stone","Toxic Egg 2","Incense Burner","Potion Belt","Bronze Scales","MealTicket","Mummified Hand","Bottled Lightning","Sozu","Membership Card","FossilizedHelix","Bag of Marbles","Happy Flower","Turnip","Letter Opener","Toy Ornithopter","Snake Skull","TwistedFunnel","Blood Vial"],"acts_visited":["Exordium","TheCity","TheBeyond","TheEnding"],"potions_floor_usage":[50],"damage_taken":[{"damage":0.0,"enemies":"Jaw Worm","floor":1.0,"turns":3.0},{"damage":0.0,"enemies":"2 Louse","floor":2.0,"turns":2.0},{"damage":0.0,"enemies":"Small Slimes","floor":3.0,"turns":4.0},{"damage":11.0,"enemies":"Gremlin Gang","floor":4.0,"turns":5.0},{"damage":4.0,"enemies":"Red Slaver","floor":5.0,"turns":3.0},{"damage":0.0,"enemies":"Lots of Slimes","floor":7.0,"turns":4.0},{"damage":24.0,"enemies":"Gremlin Nob","floor":8.0,"turns":5.0},{"damage":7.0,"enemies":"Looter","floor":10.0,"turns":2.0},{"damage":8.0,"enemies":"3 Sentries","floor":12.0,"turns":6.0},{"damage":0.0,"enemies":"Lagavulin","floor":14.0,"turns":5.0},{"damage":8.0,"enemies":"Hexaghost","floor":16.0,"turns":6.0},{"damage":9.0,"enemies":"3 Byrds","floor":18.0,"turns":5.0},{"damage":0.0,"enemies":"2 Thieves","floor":19.0,"turns":4.0},{"damage":3.0,"enemies":"Snake Plant","floor":21.0,"turns":4.0},{"damage":27.0,"enemies":"Slavers","floor":24.0,"turns":6.0},{"damage":3.0,"enemies":"Gremlin Leader","floor":27.0,"turns":9.0},{"damage":6.0,"enemies":"Centurion and Healer","floor":28.0,"turns":7.0},{"damage":19.0,"enemies":"Slavers","floor":31.0,"turns":8.0},{"damage":36.0,"enemies":"Automaton","floor":33.0,"turns":11.0},{"damage":1.0,"enemies":"3 Shapes","floor":35.0,"turns":6.0},{"damage":14.0,"enemies":"3 Darklings","floor":36.0,"turns":5.0},{"damage":16.0,"enemies":"Writhing Mass","floor":38.0,"turns":5.0},{"damage":0.0,"enemies":"Maw","floor":39.0,"turns":6.0},{"damage":10.0,"enemies":"Reptomancer","floor":41.0,"turns":5.0},{"damage":8.0,"enemies":"3 Darklings","floor":42.0,"turns":5.0},{"damage":12.0,"enemies":"Nemesis","floor":44.0,"turns":5.0},{"damage":28.0,"enemies":"2 Orb Walkers","floor":45.0,"turns":6.0},{"damage":27,"enemies":"Time Eater","floor":50,"turns":15},{"damage":5,"enemies":"Shield and Spear","floor":54,"turns":6},{"damage":68,"enemies":"The Heart","floor":55,"turns":6}],"seed_played":"-7982508661518346084","potions_obtained":[{"floor":3.0,"key":"Energy Potion"},{"floor":4.0,"key":"LiquidBronze"},{"floor":5.0,"key":"PowerPotion"},{"floor":8.0,"key":"Energy Potion"},{"floor":12.0,"key":"BlessingOfTheForge"},{"floor":19.0,"key":"Poison Potion"},{"floor":21.0,"key":"BlessingOfTheForge"},{"floor":31.0,"key":"SteroidPotion"},{"floor":33.0,"key":"SpeedPotion"}],"is_trial":false,"path_per_floor":["M","M","M","M","M","R","M","E","T","M","$","E","R","E","R","B",null,"M","M","?","M","?","R","E","R","T","E","M","T","$","E","R","B",null,"M","M","$","M","M","R","E","M","T","E","?","T","?","T","R","B",null,"R","$","E","B"],"character_chosen":"THE_SILENT","items_purchased":["Well Laid Plans","PowerPotion","Mummified Hand","Poisoned Stab","Membership Card","Footwork","Snake Skull","Noxious Fumes","TwistedFunnel","Blur+1"],"campfire_rested":1,"item_purchase_floors":[11,11,30,30,37,37,53,53,53,53],"current_hp_per_floor":[70,70,70,59,55,55,55,31,31,24,24,16,37,37,37,29,70,61,61,49,49,49,49,33,33,33,49,49,49,49,40,40,20,49,48,45,49,33,47,47,47,49,49,41,25,25,25,25,25,19,47,47,47,42,0,0],"gold":54,"neow_bonus":"BOSS_RELIC","is_daily":false,"chose_seed":false,"campfire_upgraded":7,"win_rate":0.0,"timestamp":1612302224,"path_taken":["M","M","M","M","M","R","M","E","T","M","$","E","R","E","R","BOSS","M","M","?","M","?","R","E","R","T","E","?","?","$","E","R","BOSS","M","M","$","M","M","R","E","M","T","E","?","?","?","?","R","BOSS","R","$","E","BOSS"],"items_purchased_type":["Card","Potion","Relic","Card","Relic","Card","Relic","Card","Relic","Card"],"build_version":"2020-12-22","purchased_purges":2,"victory":false,"max_hp_per_floor":[70,70,70,70,70,70,70,70,70,70,70,70,70,70,70,70,70,70,70,49,49,49,49,49,49,49,49,49,49,49,49,49,49,49,49,49,49,49,49,49,49,49,49,49,49,49,47,47,47,47,47,47,47,47,47,47],"relic_stats":{"Happy Flower":[11],"counters":[30,169],"Pen Nib":[28],"Snake Skull":[35],"Whetstone":["Strike_G","Strike_G"],"Letter Opener":[15],"Orichalcum":[252],"Sozu":4,"Blood Vial":2,"Busted Crown":58,"Mummified Hand":[41],"Bronze Scales":[356],"Tiny Chest":2,"MealTicket":4,"Turnip":[2],"obtain_stats":[{"TwistedFunnel":53,"Snake Skull":53,"Incense Burner":17,"Whetstone":9,"Sozu":34,"Blood Vial":54,"Mummified Hand":30,"Tiny Chest":8,"MealTicket":29,"Toxic Egg 2":17,"Ring of the Snake":0,"Potion Belt":24,"Happy Flower":44,"Oddly Smooth Stone":17,"Pen Nib":14,"Letter Opener":46,"Orichalcum":12,"Calling Bell":17,"Busted Crown":0,"Bronze Scales":27,"Turnip":45,"Bag of Marbles":43,"Bottled Lightning":31,"Membership Card":37,"FossilizedHelix":41,"Toy Ornithopter":48},{"TwistedFunnel":28,"Snake Skull":28,"Incense Burner":11,"Whetstone":7,"Sozu":19,"Blood Vial":29,"Mummified Hand":17,"Tiny Chest":7,"MealTicket":17,"Toxic Egg 2":11,"Ring of the Snake":0,"Potion Belt":15,"Happy Flower":26,"Oddly Smooth Stone":11,"Pen Nib":10,"Letter Opener":27,"Orichalcum":9,"Calling Bell":11,"Busted Crown":0,"Bronze Scales":16,"Turnip":27,"Bag of Marbles":25,"Bottled Lightning":18,"Membership Card":21,"FossilizedHelix":24,"Toy Ornithopter":27},{"TwistedFunnel":157,"Snake Skull":157,"Incense Burner":45,"Whetstone":26,"Sozu":99,"Blood Vial":163,"Mummified Hand":80,"Tiny Chest":26,"MealTicket":80,"Toxic Egg 2":45,"Ring of the Snake":0,"Potion Belt":64,"Happy Flower":136,"Oddly Smooth Stone":45,"Pen Nib":39,"Letter Opener":142,"Orichalcum":34,"Calling Bell":45,"Busted Crown":0,"Bronze Scales":73,"Turnip":142,"Bag of Marbles":131,"Bottled Lightning":88,"Membership Card":110,"FossilizedHelix":126,"Toy Ornithopter":142}],"Toy Ornithopter":5},"card_choices":[{"not_picked":[],"picked":"Flying Knee","floor":1.0},{"not_picked":[],"picked":"Catalyst","floor":2.0},{"not_picked":[],"picked":"Bouncing Flask","floor":3.0},{"not_picked":[],"picked":"Dash","floor":4.0},{"not_picked":[],"picked":"Backflip","floor":5.0},{"not_picked":["Tactician"],"picked":"SKIP","floor":7.0},{"not_picked":[],"picked":"Predator","floor":8.0},{"not_picked":[],"picked":"Skewer","floor":10.0},{"not_picked":["Dodge and Roll"],"picked":"SKIP","floor":12.0},{"not_picked":["Heel Hook"],"picked":"SKIP","floor":14.0},{"not_picked":["Sucker Punch"],"picked":"SKIP","floor":18.0},{"not_picked":[],"picked":"Flechettes+1","floor":19.0},{"not_picked":["Deflect+1"],"picked":"SKIP","floor":21.0},{"not_picked":[],"picked":"Leg Sweep+1","floor":24.0},{"not_picked":["Sucker Punch"],"picked":"SKIP","floor":27.0},{"not_picked":["Riddle With Holes"],"picked":"SKIP","floor":28.0},{"not_picked":["Bane"],"picked":"SKIP","floor":31.0},{"not_picked":[],"picked":"Envenom","floor":33.0},{"not_picked":["Choke"],"picked":"SKIP","floor":35.0},{"not_picked":["Flying Knee+1"],"picked":"SKIP","floor":36.0},{"not_picked":["Deflect+1"],"picked":"SKIP","floor":38.0},{"not_picked":["Quick Slash+1"],"picked":"SKIP","floor":39.0},{"not_picked":[],"picked":"PiercingWail+1","floor":41.0},{"not_picked":["Reflex+1"],"picked":"SKIP","floor":42.0},{"not_picked":["Riddle With Holes"],"picked":"SKIP","floor":44.0},{"not_picked":["Unload"],"picked":"SKIP","floor":54}],"player_experience":22208,"relics_obtained":[{"floor":8.0,"key":"Tiny Chest"},{"floor":9.0,"key":"Whetstone"},{"floor":12.0,"key":"Orichalcum"},{"floor":14.0,"key":"Pen Nib"},{"floor":17.0,"key":"Oddly Smooth Stone"},{"floor":17.0,"key":"Toxic Egg 2"},{"floor":17.0,"key":"Incense Burner"},{"floor":24.0,"key":"Potion Belt"},{"floor":27.0,"key":"Bronze Scales"},{"floor":29.0,"key":"MealTicket"},{"floor":31.0,"key":"Bottled Lightning"},{"floor":41.0,"key":"FossilizedHelix"},{"floor":43.0,"key":"Bag of Marbles"},{"floor":44.0,"key":"Happy Flower"},{"floor":45.0,"key":"Turnip"},{"floor":46.0,"key":"Letter Opener"},{"floor":48.0,"key":"Toy Ornithopter"},{"floor":54,"key":"Blood Vial"}],"event_choices":[{"damage_healed":0.0,"max_hp_gain":0.0,"max_hp_loss":21.0,"gold_gain":0.0,"event_name":"Vampires","player_choice":"Became a vampire","floor":20.0,"gold_loss":0.0,"damage_taken":0.0,"cards_obtained":["Bite","Bite","Bite","Bite","Bite"]},{"damage_healed":0.0,"max_hp_gain":0.0,"max_hp_loss":0.0,"gold_gain":0.0,"cards_transformed":["Defend_G","Defend_G"],"event_name":"Drug Dealer","player_choice":"Became Test Subject","floor":22.0,"gold_loss":0.0,"damage_taken":0.0,"cards_obtained":["Blur","Quick Slash"]},{"damage_healed":0.0,"max_hp_gain":0.0,"max_hp_loss":0.0,"gold_gain":0.0,"event_name":"Mysterious Sphere","player_choice":"Fight","floor":45.0,"gold_loss":0.0,"damage_taken":0.0},{"damage_healed":0.0,"max_hp_gain":0.0,"max_hp_loss":2.0,"gold_gain":0.0,"event_name":"Winding Halls","player_choice":"Max HP","floor":47.0,"gold_loss":0.0,"damage_taken":0.0}],"is_beta":false,"boss_relics":[{"not_picked":["Empty Cage","Ectoplasm"],"picked":"Calling Bell"},{"not_picked":["Pandora\u0027s Box","Coffee Dripper"],"picked":"Sozu"}],"items_purged_floors":[11,30],"is_endless":false,"potions_floor_spawned":[3,4,5,8,12,19,21,31,33,35,39,41,44],"killed_by":"The Heart","ascension_level":1}}