{"host":"ow66nzv2xecjoor3","time":1612237963,"event":{"mods":["BaseMod","Bestiary","Block Reminder","Colored Powertips","Curses Come First","Highlight Path","Keyboard Shortcuts","Minty Spire (QoL Compilation)","Permanent Neow","Relic Stats","StSLib","UnlockEverythingMod"],"gold_per_floor":[99,99,99,99,99,99,99,99,99,99,99,99,99,99,99,99,99,99,99,99,99,99,99,99,99,99,99,99,99,24,24,24,24,24,24,24,24,0,0,0,0,0,0,0,0,0,0,0,0,0,0,0,0,0,0,0],"floor_reached":57,"language":"ENG","playtime":3023,"items_purged":["Strike_R"],"score":3151,"play_id":"d9573cb5-470a-4661-924b-0daf140b5108","local_time":"20210201215243","is_ascension_mode":true,"campfire_choices":[{"data":"Bludgeon","floor":7.0,"key":"SMITH"},{"data":"Bash","floor":15.0,"key":"SMITH"},{"data":"Uppercut","floor":23.0,"key":"SMITH"},{"floor":25.0,"key":"REST"},{"data":"Double Tap","floor":28.0,"key":"SMITH"},{"data":"Impervious","floor":32.0,"key":"SMITH"},{"floor":47,"key":"RECALL"},{"floor":49,"key":"DIG"},{"floor":53,"key":"DIG"}],"circlet_count":0,"master_deck":["AscendersBane","Strike_R","Strike_R+1","Strike_R","Defend_R","Defend_R","Defend_R","Defend_R","Bash+1","Whirlwind+1","Headbutt","Bludgeon+1","Havoc","Disarm","Armaments","Double Tap+1","Disarm","Intimidate+1","Feel No Pain","Uppercut+1","Pommel Strike","Impervious+1","Exhume","Spot Weakness","Apotheosis","Secret Weapon","Shrug It Off+1","Entrench","Impervious","Second Wind","Uppercut+1","Barricade"],"relics":["Ectoplasm","Ancient Tea Set","FossilizedHelix","Darkstone Periapt","Art of War","Pantograph","Velvet Choker","PreservedInsect","HornCleat","MawBank","Anchor","Snecko Eye","Red Mask","Ornamental Fan","Omamori","Shovel","Mercury Hourglass","InkBottle","Pen Nib"],"acts_visited":["Exordium","TheCity","TheBeyond","TheEnding"],"potions_floor_usage":[33,50,56],"damage_taken":[{"damage":7.0,"enemies":"2 Louse","floor":1.0,"turns":3.0},{"damage":0.0,"enemies":"Small Slimes","floor":2.0,"turns":2.0},{"damage":0.0,"enemies":"Cultist","floor":3.0,"turns":3.0},{"damage":6.0,"enemies":"Gremlin Nob","floor":6.0,"turns":3.0},{"damage":15.0,"enemies":"Lagavulin","floor":8.0,"turns":4.0},{"damage":0.0,"enemies":"3 Sentries","floor":10.0,"turns":3.0},{"damage":0.0,"enemies":"Exordium Wildlife","floor":11.0,"turns":3.0},{"damage":0.0,"enemies":"Large Slime","floor":12.0,"turns":2.0},{"damage":0.0,"enemies":"Blue Slaver","floor":13.0,"turns":2.0},{"damage":0.0,"enemies":"Gremlin Nob","floor":14.0,"turns":2.0},{"damage":34.0,"enemies":"Hexaghost","floor":16.0,"turns":8.0},{"damage":0.0,"enemies":"Spheric Guardian","floor":18.0,"turns":2.0},{"damage":0.0,"enemies":"Chosen","floor":19.0,"turns":3.0},{"damage":0.0,"enemies":"Sentry and Sphere","floor":20.0,"turns":3.0},{"damage":0.0,"enemies":"3 Cultists","floor":21.0,"turns":3.0},{"damage":0.0,"enemies":"Shelled Parasite and Fungi","floor":22.0,"turns":2.0},{"damage":37.0,"enemies":"Slavers","floor":24.0,"turns":3.0},{"damage":0.0,"enemies":"Book of Stabbing","floor":27.0,"turns":3.0},{"damage":31.0,"enemies":"Slavers","floor":29.0,"turns":5.0},{"damage":0.0,"enemies":"Centurion and Healer","floor":31.0,"turns":5.0},{"damage":15,"enemies":"Collector","floor":33,"turns":7},{"damage":0,"enemies":"3 Shapes","floor":35,"turns":3},{"damage":0,"enemies":"Orb Walker","floor":36,"turns":2},{"damage":0,"enemies":"Jaw Worm Horde","floor":37,"turns":2},{"damage":0,"enemies":"Nemesis","floor":40,"turns":5},{"damage":6,"enemies":"Maw","floor":41,"turns":7},{"damage":0,"enemies":"3 Darklings","floor":42,"turns":3},{"damage":0,"enemies":"Reptomancer","floor":44,"turns":5},{"damage":0,"enemies":"4 Shapes","floor":45,"turns":1},{"damage":0,"enemies":"Giant Head","floor":46,"turns":6},{"damage":0,"enemies":"Transient","floor":48,"turns":6},{"damage":29,"enemies":"Time Eater","floor":50,"turns":12},{"damage":37,"enemies":"Donu and Deca","floor":51,"turns":11},{"damage":6,"enemies":"Shield and Spear","floor":55,"turns":6},{"damage":6,"enemies":"The Heart","floor":56,"turns":15}],"seed_played":"5134679487675978842","potions_obtained":[{"floor":1.0,"key":"SpeedPotion"},{"floor":2.0,"key":"SkillPotion"},{"floor":6.0,"key":"EssenceOfSteel"},{"floor":8.0,"key":"LiquidMemories"},{"floor":11.0,"key":"AttackPotion"},{"floor":24.0,"key":"DuplicationPotion"},{"floor":29.0,"key":"ColorlessPotion"},{"floor":33,"key":"SteroidPotion"}],"is_trial":false,"path_per_floor":["M","M","M","?","?","E","R","E","T","E","M","M","M","E","R","B",null,"M","M","M","M","M","R","E","R","T","E","R","E","$","M","R","B",null,"M","M","M","?","?","E","M","M","T","E","M","E","R","M","R","B","B",null,"R","$","E","B",null],"character_chosen":"IRONCLAD","items_purchased":[],"campfire_rested":1,"item_purchase_floors":[],"current_hp_per_floor":[61,61,61,38,38,32,32,17,17,17,17,17,17,17,17,8,58,58,58,58,58,58,58,21,43,43,43,43,12,12,12,12,22,62,62,62,62,62,52,52,46,46,46,46,46,46,46,46,46,42,30,64,64,64,58,69],"gold":0,"neow_bonus":"BOSS_RELIC","is_daily":false,"chose_seed":false,"campfire_upgraded":5,"win_rate":0.0,"timestamp":1612237963,"path_taken":["M","M","M","?","?","E","R","E","T","E","?","M","M","E","R","BOSS","M","M","M","M","M","R","E","R","T","E","R","E","$","M","R","BOSS","M","M","M","?","?","E","M","M","T","E","M","E","R","M","R","BOSS","BOSS","R","$","E","BOSS"],"items_purchased_type":[],"build_version":"2020-12-22","purchased_purges":1,"victory":true,"max_hp_per_floor":[75,75,75,75,75,75,75,75,75,75,75,75,75,75,75,75,75,75,75,75,75,75,75,75,75,75,75,75,75,75,75,75,75,75,75,75,75,75,75,75,75,75,75,75,75,75,75,75,75,75,75,75,75,75,75,75],"relic_stats":{"Darkstone Periapt":0,"counters":[35,155],"PreservedInsect":402,"Pen Nib":[2],"MawBank":0,"Mercury Hourglass":[100],"Shovel":2,"Ornamental Fan":[68],"Pantograph":117,"Snecko Eye":[130,153,127,146],"Ectoplasm":820,"Art of War":[10],"obtain_stats":[{"Darkstone Periapt":9,"Velvet Choker":17,"PreservedInsect":24,"Pen Nib":55,"Omamori":44,"Ancient Tea Set":6,"MawBank":27,"Burning Blood":0,"Mercury Hourglass":49,"Anchor":29,"HornCleat":26,"Shovel":46,"Ornamental Fan":40,"Pantograph":14,"Snecko Eye":34,"Ectoplasm":0,"Art of War":10,"Red Mask":38,"FossilizedHelix":8,"InkBottle":53},{"Darkstone Periapt":5,"Velvet Choker":11,"PreservedInsect":17,"Pen Nib":34,"Omamori":28,"Ancient Tea Set":4,"MawBank":18,"Burning Blood":0,"Mercury Hourglass":31,"Anchor":19,"HornCleat":17,"Shovel":30,"Ornamental Fan":25,"Pantograph":10,"Snecko Eye":21,"Ectoplasm":0,"Art of War":6,"Red Mask":24,"FossilizedHelix":5,"InkBottle":33},{"Darkstone Periapt":15,"Velvet Choker":35,"PreservedInsect":51,"Pen Nib":140,"Omamori":98,"Ancient Tea Set":11,"MawBank":54,"Burning Blood":0,"Mercury Hourglass":111,"Anchor":59,"HornCleat":51,"Shovel":105,"Ornamental Fan":83,"Pantograph":27,"Snecko Eye":71,"Ectoplasm":0,"Art of War":18,"Red Mask":78,"FossilizedHelix":15,"InkBottle":134}],"InkBottle":[8]},"card_choices":[{"not_picked":["Power Through","Sword Boomerang"],"picked":"Whirlwind","floor":1.0},{"not_picked":["Searing Blow","Heavy Blade"],"picked":"Headbutt","floor":2.0},{"not_picked":["Heavy Blade","Iron Wave","Dropkick"],"picked":"SKIP","floor":3.0},{"not_picked":["Disarm","Combust"],"picked":"Bludgeon","floor":6.0},{"not_picked":["True Grit","Anger"],"picked":"Havoc","floor":8.0},{"not_picked":["Reckless Charge","Flex","Headbutt"],"picked":"SKIP","floor":10.0},{"not_picked":["Twin Strike","Cleave","Wild Strike"],"picked":"SKIP","floor":11.0},{"not_picked":["Fire Breathing","Cleave"],"picked":"Disarm","floor":12.0},{"not_picked":["Clash","Wild Strike","Iron Wave"],"picked":"SKIP","floor":13.0},{"not_picked":["Anger","Juggernaut"],"picked":"Armaments","floor":14.0},{"not_picked":["Immolate","Barricade"],"picked":"Double Tap","floor":16.0},{"not_picked":["Wild Strike","Rampage"],"picked":"Disarm","floor":18.0},{"not_picked":["Twin Strike+1","Havoc"],"picked":"Intimidate+1","floor":19.0},{"not_picked":["Clothesline","Thunderclap"],"picked":"Feel No Pain","floor":20.0},{"not_picked":["Burning Pact","Inflame"],"picked":"Uppercut","floor":21.0},{"not_picked":["Heavy Blade","Body Slam"],"picked":"Pommel Strike","floor":22.0},{"not_picked":["Reckless Charge","Carnage","Perfected Strike"],"picked":"SKIP","floor":24.0},{"not_picked":["Flex","Havoc"],"picked":"Impervious","floor":27.0},{"not_picked":["Feel No Pain","Clash","Sword Boomerang+1"],"picked":"SKIP","floor":29.0},{"not_picked":["Iron Wave+1","Wild Strike","Pummel"],"picked":"SKIP","floor":31.0},{"not_picked":["Demon Form","Bludgeon"],"picked":"Exhume","floor":33},{"not_picked":["Thunderclap+1","Clothesline+1","Pummel+1"],"picked":"SKIP","floor":35},{"not_picked":["Warcry","Body Slam"],"picked":"Spot Weakness","floor":36},{"not_picked":["Blood for Blood","Pummel","Pommel Strike"],"picked":"SKIP","floor":37},{"not_picked":["Blind","Madness"],"picked":"Apotheosis","floor":39},{"not_picked":["Flash of Steel","HandOfGreed"],"picked":"Secret Weapon","floor":39},{"not_picked":["Spot Weakness","Flex"],"picked":"Shrug It Off+1","floor":40},{"not_picked":["Anger","Warcry+1"],"picked":"Entrench","floor":41},{"not_picked":["Anger","Spot Weakness","Twin Strike"],"picked":"SKIP","floor":42},{"not_picked":["Carnage","Perfected Strike"],"picked":"Impervious","floor":44},{"not_picked":["Perfected Strike","Twin Strike"],"picked":"Second Wind","floor":45},{"not_picked":["Feel No Pain","Cleave+1","Havoc"],"picked":"SKIP","floor":46},{"not_picked":["Ghostly Armor+1","Armaments+1"],"picked":"Uppercut+1","floor":48},{"not_picked":["Power Through","Pommel Strike+1"],"picked":"Barricade","floor":55}],"player_experience":2812321,"relics_obtained":[{"floor":6.0,"key":"Ancient Tea Set"},{"floor":8.0,"key":"FossilizedHelix"},{"floor":9.0,"key":"Darkstone Periapt"},{"floor":10.0,"key":"Art of War"},{"floor":14.0,"key":"Pantograph"},{"floor":24.0,"key":"PreservedInsect"},{"floor":26.0,"key":"HornCleat"},{"floor":27.0,"key":"MawBank"},{"floor":29.0,"key":"Anchor"},{"floor":40,"key":"Ornamental Fan"},{"floor":44,"key":"Omamori"},{"floor":46,"key":"Shovel"},{"floor":49,"key":"Mercury Hourglass"},{"floor":53,"key":"InkBottle"},{"floor":55,"key":"Pen Nib"}],"event_choices":[{"damage_healed":0.0,"max_hp_gain":0.0,"max_hp_loss":0.0,"gold_gain":0.0,"event_name":"Shining Light","player_choice":"Entered Light","floor":4.0,"gold_loss":0.0,"damage_taken":23.0,"cards_upgraded":["Strike_R","Whirlwind"]},{"cards_removed":["Strike_R"],"damage_healed":0.0,"max_hp_gain":0.0,"max_hp_loss":0.0,"gold_gain":0.0,"event_name":"Bonfire Elementals","player_choice":"Offered Basic","floor":5.0,"gold_loss":0.0,"damage_taken":0.0},{"damage_healed":0,"gold_gain":0,"player_choice":"Paid","damage_taken":0,"relics_obtained":["Red Mask"],"max_hp_gain":0,"max_hp_loss":0,"event_name":"Tomb of Lord Red Mask","floor":38,"gold_loss":24},{"damage_healed":0,"gold_gain":0,"player_choice":"Memory 3","damage_taken":10,"max_hp_gain":0,"max_hp_loss":0,"event_name":"SensoryStone","floor":39,"gold_loss":0}],"is_beta":false,"boss_relics":[{"not_picked":["Astrolabe","Black Star"],"picked":"Velvet Choker"},{"not_picked":["Coffee Dripper","Runic Cube"],"picked":"Snecko Eye"}],"items_purged_floors":[30],"is_endless":false,"potions_floor_spawned":[1,2,6,8,11,18,24,29,33,36,37,42,48],"ascension_level":20}}