{"host":"e4wnmsyty9uvvtwf","time":1612254934,"event":{"mods":["Act Like it!","BaseMod","Colored Map","Colored Powertips","Gensokyo","Koishi","Minty Spire (QoL Compilation)","StSLib"],"gold_per_floor":[360,25,25,35,35,35,63,14,14,44,44,356,575,587,587,689,689,703,703,181,191,20,50,61,61,61,61,78,109,109,129,129,225,225,235,235,90,90,90,90,51,78,129,129,129,155,16,49,49,49],"floor_reached":51,"language":"ZHS","playtime":1923,"items_purged":["Injury","Doubt"],"score":1293,"play_id":"da49abfa-3109-49d1-bd13-ef69cc55ad25","local_time":"20210202163534","is_ascension_mode":true,"campfire_choices":[{"data":"Sadistic Nature","floor":6,"key":"SMITH"},{"floor":11,"key":"REST"},{"data":"Koishi:PredatoryInstincts","floor":15,"key":"SMITH"},{"data":"Koishi:ImGoingToCallYouNow","floor":25,"key":"SMITH"},{"data":"Koishi:GeneticsOfTheUnconscious","floor":27,"key":"SMITH"},{"data":"Night Terror","floor":30,"key":"SMITH"},{"data":"Koishi:PerfectMindControl","floor":32,"key":"SMITH"},{"data":"Gensokyo:GreaterSplit","floor":40,"key":"SMITH"},{"data":"Koishi:HeartStoppingHorror","floor":45,"key":"SMITH"},{"data":"Koishi:VengefulSpirit","floor":49,"key":"SMITH"}],"circlet_count":0,"master_deck":["AscendersBane","Koishi:BasicStrike","Koishi:BasicStrike+1","Koishi:BasicStrike+1","Koishi:BasicStrike","Koishi:BasicDefend","Koishi:BasicDefend","Koishi:BasicDefend+1","Koishi:HauntingSlash","Sadistic Nature+1","Koishi:FourthEye","Koishi:EmbersOfLove","Koishi:PredatoryInstincts+1","Koishi:PerfectMindControl+1","Koishi:ImGoingToCallYouNow+1","Night Terror+1","Sadistic Nature+1","Koishi:GeneticsOfTheUnconscious+1","Koishi:UnconsciousUrges","Koishi:Untouchable","Koishi:RoseHell","Koishi:VengefulSpirit+1","Koishi:HeartStoppingHorror+1","Gensokyo:GreaterSplit+1","Koishi:Untouchable","Trip"],"relics":["Koishi:ImaginaryFriend","OrangePellets","Gensokyo:Justice","Happy Flower","Thread and Needle","Singing Bowl","MealTicket","SlaversCollar","Incense Burner","DollysMirror","Toy Ornithopter","Pen Nib","Art of War","Whetstone","Koishi:EchoesOfADeadGirl","Busted Crown","Chemical X","Smiling Mask","Lantern","Sundial","Orichalcum","Strawberry"],"acts_visited":["Exordium","Gensokyo:Gensokyo","Gensokyo:Gensokyoer"],"potions_floor_usage":[10,16,50,50],"damage_taken":[{"damage":7,"enemies":"Gensokyo:2_Kodama","floor":1,"turns":8},{"damage":3,"enemies":"Gensokyo:Gryphon","floor":4,"turns":3},{"damage":13,"enemies":"Gensokyo:Mamizou","floor":7,"turns":10},{"damage":31,"enemies":"Gensokyo:Aya","floor":10,"turns":8},{"damage":6,"enemies":"Gensokyo:Python","floor":12,"turns":4},{"damage":9,"enemies":"Gensokyo:Kitsune","floor":13,"turns":3},{"damage":2,"enemies":"Gensokyo:VengefulSpirit","floor":14,"turns":5},{"damage":24,"enemies":"Gensokyo:Yukari","floor":16,"turns":15},{"damage":10,"enemies":"Gensokyo:2_Gloops","floor":18,"turns":6},{"damage":13,"enemies":"Gensokyo:AngelMirror","floor":21,"turns":5},{"damage":17,"enemies":"Gensokyo:Koishi","floor":23,"turns":7},{"damage":31,"enemies":"Gensokyo:Slime_Group","floor":24,"turns":3},{"damage":19,"enemies":"Gensokyo:Swordslinger","floor":28,"turns":6},{"damage":19,"enemies":"Gensokyo:Tenshi","floor":29,"turns":7},{"damage":0,"enemies":"Gensokyo:Wraith","floor":31,"turns":3},{"damage":5,"enemies":"Gensokyo:Kaguya","floor":33,"turns":10},{"damage":0,"enemies":"Gensokyo:AncientGuardian","floor":35,"turns":5},{"damage":0,"enemies":"Gensokyo:Marisa","floor":42,"turns":5},{"damage":26,"enemies":"Gensokyo:Doremy","floor":46,"turns":4},{"damage":6,"enemies":"Gensokyo:Kasen","floor":48,"turns":5},{"damage":0,"enemies":"Gensokyo:Scarlet_Devils","floor":50,"turns":4}],"seed_played":"1287940130551503469","potions_obtained":[{"floor":4,"key":"FearPotion"},{"floor":10,"key":"GamblersBrew"},{"floor":12,"key":"LiquidMemories"},{"floor":18,"key":"CultistPotion"},{"floor":31,"key":"PowerPotion"}],"is_trial":false,"path_per_floor":["M","$","?","M","?","R","E","COS","T","E","R","M","M","M","R","B",null,"M","?","$","M","COS","E","M","R","T","R","M","E","R","M","R","B",null,"M","?","COS","?","?","R","$","E","T","T","R","E","$","E","R","B",null],"character_chosen":"KOISHI","items_purchased":["Sadistic Nature","OrangePellets","Incense Burner","DollysMirror","Koishi:Untouchable","Trip"],"campfire_rested":1,"item_purchase_floors":[2,2,20,20,41,47],"current_hp_per_floor":[51,51,51,49,49,49,39,39,39,13,31,26,24,28,28,15,52,63,57,66,65,65,66,42,42,42,42,49,70,70,70,70,70,70,72,72,72,72,72,72,72,74,74,74,74,76,76,85,85,85],"gold":49,"neow_bonus":"TWO_FIFTY_GOLD","is_daily":false,"chose_seed":false,"campfire_upgraded":9,"win_rate":0.0,"timestamp":1612254934,"path_taken":["M","$","?","M","?","R","E","COS","T","E","R","M","M","M","R","BOSS","M","?","$","M","COS","E","M","R","T","R","M","E","R","M","R","BOSS","M","?","COS","?","?","R","$","E","T","?","R","E","?","E","R","BOSS"],"items_purchased_type":["Card","Relic","Relic","Relic","Card","Card"],"build_version":"2020-12-22","purchased_purges":2,"victory":true,"max_hp_per_floor":[60,60,60,60,60,60,60,60,60,62,62,62,64,64,64,64,64,66,66,66,66,66,66,66,66,66,66,68,70,70,70,70,70,70,72,72,72,72,72,72,72,74,74,74,74,76,76,85,85,85],"card_choices":[{"not_picked":["Koishi:SubterraneanRose","Koishi:UnansweredLove"],"picked":"Koishi:ParalyzingFear","floor":1},{"not_picked":["Koishi:ParalyzingFear","Koishi:Vanish"],"picked":"Koishi:FourthEye","floor":4},{"not_picked":["Koishi:ReflexRadar","Koishi:DreadfulBlow"],"picked":"Koishi:EmbersOfLove","floor":7},{"not_picked":["Koishi:SpiritedAway","Koishi:EmbryosDream","Koishi:EmbersOfLove"],"picked":"Singing Bowl","floor":10},{"not_picked":["Koishi:UnconsciousUprising","Koishi:SpiritedAway"],"picked":"Koishi:PredatoryInstincts","floor":12},{"not_picked":["Koishi:TraumaticStroke","Koishi:CatchAndRose","Koishi:DreadfulBlow"],"picked":"Singing Bowl","floor":13},{"not_picked":["Koishi:RacingHeart","Koishi:CatchAndRose"],"picked":"Koishi:PerfectMindControl","floor":14},{"not_picked":["Koishi:RollingInRichesHeart","Koishi:SilentAndRestless"],"picked":"Koishi:ImGoingToCallYouNow","floor":16},{"not_picked":["Koishi:ReflexRadar+1","Koishi:CatchAndRose","Koishi:FleetingPhantom"],"picked":"Singing Bowl","floor":18},{"not_picked":["Koishi:Prune+1","Koishi:ApparitionsStalkTheNight"],"picked":"Koishi:GeneticsOfTheUnconscious","floor":21},{"not_picked":["Koishi:PhantomStrike","Koishi:SubconsciousSweep"],"picked":"Koishi:UnconsciousUrges","floor":23},{"not_picked":["Koishi:PhantomStrike","Koishi:UnconsciousUprising"],"picked":"Koishi:Untouchable","floor":24},{"not_picked":["Koishi:PhantomStrike","Koishi:ReflexRadar","Koishi:SprinkleStarAndHeart"],"picked":"Singing Bowl","floor":28},{"not_picked":["Koishi:Heartbroken","Koishi:GrowingPain"],"picked":"Koishi:RoseHell","floor":29},{"not_picked":["Koishi:SubconsciousSweep","Koishi:GhostParty","Koishi:RorschachInDanmaku"],"picked":"Singing Bowl","floor":29},{"not_picked":["Koishi:UnseenTerror+1","Koishi:PhantomBarrier"],"picked":"Koishi:VengefulSpirit","floor":31},{"not_picked":["Koishi:RoseHell","Koishi:SilentAndRestless"],"picked":"Koishi:HeartStoppingHorror","floor":33},{"not_picked":["Koishi:UnansweredLove"],"picked":"Singing Bowl","floor":35},{"not_picked":["Koishi:MassHysteria"],"picked":"Singing Bowl","floor":42},{"not_picked":["Koishi:TraumaticStroke"],"picked":"Singing Bowl","floor":46},{"not_picked":["Koishi:UnansweredLove"],"picked":"Singing Bowl","floor":48}],"player_experience":557053,"relics_obtained":[{"floor":7,"key":"Thread and Needle"},{"floor":9,"key":"Singing Bowl"},{"floor":10,"key":"MealTicket"},{"floor":23,"key":"Toy Ornithopter"},{"floor":26,"key":"Pen Nib"},{"floor":29,"key":"Whetstone"},{"floor":42,"key":"Smiling Mask"},{"floor":43,"key":"Lantern"},{"floor":44,"key":"Sundial"},{"floor":46,"key":"Orichalcum"},{"floor":48,"key":"Strawberry"}],"event_choices":[],"is_beta":false,"boss_relics":[{"not_picked":["Fusion Hammer","Runic Dome"],"picked":"SlaversCollar"},{"not_picked":["Tiny House","Astrolabe"],"picked":"Busted Crown"}],"items_purged_floors":[20,47],"is_endless":false,"potions_floor_spawned":[4,10,12,18,28,31,46,48],"ascension_level":12}}