{"host":"g1wmg2w41xhsnw8g","time":1612227258,"event":{"mods":["2.2 Compatiblity","Act Like it!","Aspiration","BaseMod","Better Altar","Better Match","Better Note","Better Sensory Stone","Better Skull","Better Third Choice","BetterRewards","Booster Modes","CapriCore","Colored Map","Colored Powertips","Defuse TimeMaze Blight","Displayed Cursed Tome","Fox Events","Friendly Minions","GifTheSpireLib","Good Game Mod","Googly Eyes","Hubris","Infinite Spire","Ironclad Rager","Jedi Mod","Minty Spire (QoL Compilation)","Monster B Gone","Red Circlet Mod","Relic Filter Mod","Relic Sorter","Reliquary","Replay The Spire","SCP261 Mod","Shop Mod","Small Relic Pack","Smile Girya","Spicy Shops","Spikes Relics","StSLib","Strawberry Spire","Stuff the Spire","The Runesmith","The Sage","Trackpad","Transform Curses","Wandering Minibosses","Weighted Paths","????"],"gold_per_floor":[109,109,79,79,89,214,13,13,13,0,0],"floor_reached":10,"language":"ENG","playtime":726,"items_purged":[],"score":69,"play_id":"eb7f19a5-48bc-48e0-b356-ea4d99b96c2b","local_time":"20210201195418","is_ascension_mode":true,"campfire_choices":[],"circlet_count":0,"master_deck":["Survivor","Neutralize","ICR:VenomStrike","ICR:VenomStrike","ICR:VenomStrike","ICR:VenomStrike","ICR:VenomStrike","ICR:Dodge","ICR:Dodge","ICR:Dodge","ICR:Dodge","ICR:Dodge","Backstab","Cloak And Dagger","StuffTheSpire:Innocence","Cloak And Dagger","Deadly Poison","Hemogenesis"],"relics":["m_RuneBlood","Replay:Wax Seal","REME:ComplimentaryCards","hubris:Icosahedron","strawberrySpire:Treaders","StuffTheSpire:Mouthbags","infinitespire:Cubic Diamond","relicPack:DarknessArmor"],"acts_visited":["Exordium"],"potions_floor_usage":[5],"damage_taken":[{"damage":0,"enemies":"2 Louse","floor":1,"turns":3},{"damage":3,"enemies":"Small Slimes","floor":3,"turns":2},{"damage":0,"enemies":"Jaw Worm","floor":5,"turns":8},{"damage":48,"enemies":"Gremlin Nob","floor":6,"turns":6},{"damage":27,"enemies":"Lagavulin","floor":10,"turns":6}],"seed_played":"7510880000735635269","potions_obtained":[{"floor":3,"key":"SCP261:PenguinPunchPotion"}],"is_trial":false,"path_per_floor":["M","?","M","?","M","E","R","?","T","E"],"character_chosen":"THE_SILENT","items_purchased":["Replay:Wax Seal","StuffTheSpire:Mouthbags"],"campfire_rested":0,"item_purchase_floors":[7,7],"current_hp_per_floor":[70,70,67,60,65,22,22,22,22,0,0],"gold":0,"neow_bonus":"SILENT_POISONER","is_daily":false,"chose_seed":false,"campfire_upgraded":0,"win_rate":0.0,"timestamp":1612227258,"path_taken":["M","?","M","?","M","E","R","?","T","E"],"items_purchased_type":["Relic","Relic"],"build_version":"2020-12-22","purchased_purges":0,"victory":false,"max_hp_per_floor":[70,70,70,70,70,70,70,70,70,70,70],"card_choices":[{"not_picked":["hubris:TrickCloak","PiercingWail"],"picked":"Backstab","floor":1},{"not_picked":["Outmaneuver","Underhanded Strike"],"picked":"Cloak And Dagger","floor":3},{"not_picked":["hubris:SlightOfHand","Expertise"],"picked":"Cloak And Dagger","floor":5},{"not_picked":["Atom Bomb","Cloak And Dagger"],"picked":"Deadly Poison","floor":6}],"player_experience":986593,"relics_obtained":[{"floor":6,"key":"strawberrySpire:Treaders"},{"floor":9,"key":"relicPack:DarknessArmor"}],"event_choices":[],"is_beta":false,"boss_relics":[],"items_purged_floors":[],"is_endless":false,"potions_floor_spawned":[3],"killed_by":"Lagavulin","ascension_level":1}}