{"host":"la4578xgyusbaxfx","time":1612272058,"event":{"mods":["Act Like it!","BaseMod","Custom Start","Downfall","Hallownest","Infinite Spire","Minty Spire (QoL Compilation)","Replay The Spire","StSLib","[GremlinLeader]The Maniac"],"gold_per_floor":[110,110,110,110,128,128,157,157,157,174,204,215,230,246,246,317,367,377,391,391,391,391],"floor_reached":20,"language":"ZHS","playtime":4292,"items_purged":[],"score":397,"play_id":"b852d791-6d8a-4a60-b5bc-be6cf85b45ae","local_time":"20210202212058","daily_mods":["DeadlyEvents"],"is_ascension_mode":true,"campfire_choices":[{"floor":6.0,"key":"REST"},{"floor":8.0,"key":"REST"},{"floor":15.0,"key":"REST"}],"circlet_count":0,"master_deck":["AscendersBane","champ:Strike","champ:Strike","champ:Strike","champ:Defend","champ:Defend","champ:Defend","champ:Defend","champ:Execute+1","champ:Taunt","champ:EnGarde","champ:StanceDance","champ:Devastate","champ:Parry","champ:Parry","champ:BerserkersShout","champ:GutPunch","champ:EnGarde","champ:IgnorePain+1","champ:Haymaker","champ:RisingSlash","champ:ShieldWall"],"relics":["champ:ChampionCrown","maniac:BrokenHorn","Dead Branch","Potion Belt","Bottled Flame","Dream Catcher","Tiny House"],"acts_visited":["Exordium","TheCity"],"potions_floor_usage":[20],"damage_taken":[{"damage":31.0,"enemies":"Small Slimes","floor":1.0,"turns":5.0},{"damage":17.0,"enemies":"Jaw Worm","floor":5.0,"turns":4.0},{"damage":55.0,"enemies":"Lagavulin","floor":7.0,"turns":10.0},{"damage":16.0,"enemies":"2 Louse","floor":10.0,"turns":4.0},{"damage":77.0,"enemies":"Gremlin Nob","floor":11.0,"turns":5.0},{"damage":6.0,"enemies":"Looter","floor":12.0,"turns":4.0},{"damage":32.0,"enemies":"2 Fungi Beasts","floor":13.0,"turns":6.0},{"damage":27.0,"enemies":"Blue Slaver","floor":14.0,"turns":2.0},{"damage":108.0,"enemies":"Slime Boss","floor":16.0,"turns":14.0},{"damage":90.0,"enemies":"Shell Parasite","floor":18.0,"turns":8.0},{"damage":69.0,"enemies":"Chosen","floor":19.0,"turns":6.0},{"damage":24,"enemies":"Centurion and Healer","floor":20,"turns":1}],"seed_played":"1717551896630658890","potions_obtained":[{"floor":5.0,"key":"Elixir"},{"floor":10.0,"key":"Swift Potion"},{"floor":13.0,"key":"Explosive Potion"},{"floor":14.0,"key":"BlessingOfTheForge"},{"floor":17.0,"key":"PowerPotion"},{"floor":19.0,"key":"Energy Potion"}],"is_trial":true,"path_per_floor":["M","?","?","?","M","R","E","R","T","M","E","M","M","M","R","B",null,"M","M","M"],"character_chosen":"THE_CHAMP","items_purchased":[],"campfire_rested":3,"item_purchase_floors":[],"current_hp_per_floor":[62,62,62,62,55,79,49,73,73,72,15,9,62,66,99,31,96,51,12,0,0,0],"gold":391,"neow_bonus":"","is_daily":false,"chose_seed":false,"campfire_upgraded":0,"win_rate":0.0,"timestamp":1612272058,"path_taken":["M","?","?","?","M","R","?","R","T","M","E","M","M","M","R","BOSS","M","M","M"],"items_purchased_type":[],"build_version":"2020-12-22","purchased_purges":0,"victory":false,"max_hp_per_floor":[81,81,81,81,81,81,81,81,81,81,81,81,111,111,111,111,116,116,116,116,116,116],"card_choices":[{"not_picked":["champ:PreciseThrust","champ:Parry"],"picked":"champ:EnGarde","floor":1.0},{"not_picked":["champ:Shatter","champ:PreciseThrust"],"picked":"champ:StanceDance","floor":5.0},{"not_picked":["champ:PerfectedStrike","champ:RisingSlash"],"picked":"champ:Devastate","floor":7.0},{"not_picked":["champ:EnGarde","champ:FlashCut"],"picked":"champ:Parry","floor":10.0},{"not_picked":["champ:PreemptiveStrike","champ:Haymaker"],"picked":"champ:Parry","floor":11.0},{"not_picked":["champ:Haymaker","champ:BringItOn","champ:AdrenalArmor"],"picked":"SKIP","floor":12.0},{"not_picked":["champ:PerfectedStrike","champ:Circumvent"],"picked":"champ:BerserkersShout","floor":13.0},{"not_picked":["champ:Circumvent","champ:RisingSlash"],"picked":"champ:GutPunch","floor":14.0},{"not_picked":["champ:TornadoPunch","champ:CrownThrow"],"picked":"champ:EnGarde","floor":15.0},{"not_picked":["champ:CheapShot","champ:MurderStrike"],"picked":"champ:IgnorePain","floor":16.0},{"not_picked":["champ:FanOfKnives","champ:PerfectedStrike"],"picked":"champ:Haymaker","floor":17.0},{"not_picked":["champ:Shatter","champ:EnGarde"],"picked":"champ:RisingSlash","floor":18.0},{"not_picked":["champ:HeartStrike","champ:BringItOn"],"picked":"champ:ShieldWall","floor":19.0}],"player_experience":240391,"relics_obtained":[{"floor":7.0,"key":"Potion Belt"},{"floor":9.0,"key":"Bottled Flame"},{"floor":11.0,"key":"Dream Catcher"}],"event_choices":[{"cards_removed":["champ:Strike"],"damage_healed":0.0,"max_hp_gain":0.0,"max_hp_loss":0.0,"gold_gain":0.0,"event_name":"Living Wall","player_choice":"Forget","floor":2.0,"gold_loss":0.0,"damage_taken":0.0}],"is_beta":false,"boss_relics":[{"not_picked":["Velvet Choker","Calling Bell"],"picked":"Tiny House"}],"items_purged_floors":[],"is_endless":false,"potions_floor_spawned":[5,10,13,14,19],"killed_by":"Centurion and Healer","ascension_level":20}}