{"host":"qc8gw3x1c8jlo9fx","time":1612290442,"event":{"mods":["AchievementEnabler","BaseMod","Better Note","BetterRewards","Conspire","Hubris","Infinite Spire","Jedi Mod","Minty Spire (QoL Compilation)","Reliquary","Replay The Spire","StSLib","The IronCluck"],"gold_per_floor":[113,124,124,137,152,152,185,185,185,196,196,221,296,32,32,136,136,155,155,166,166,31,31,41,58,58,74,74,74,86,185,185,289,289,305,392,405,201,215,215,215,215],"floor_reached":41,"language":"ENG","playtime":1739,"items_purged":[],"score":603,"play_id":"c8e07f30-ada8-442c-9224-23cccda198c5","local_time":"20210202112722","is_ascension_mode":false,"campfire_choices":[{"floor":6,"key":"REST"},{"floor":8,"key":"RECALL"},{"floor":11,"key":"REST"},{"floor":15,"key":"REST"},{"data":"Beam Cell","floor":23,"key":"SMITH"},{"floor":28,"key":"REST"},{"floor":32,"key":"REST"},{"floor":40,"key":"REST"}],"circlet_count":0,"master_deck":["Strike_B","Strike_B","Strike_B","Strike_B","Defend_B","Defend_B","Defend_B","Defend_B","Zap","Dualcast","Beam Cell+1","jedi:locknload","Sweeping Beam","Conserve Battery","Turbo","Storm+1","Gash","Gash","Gash","Panic Button","Melter","Gash","ReplayTheSpireMod:Limb From Limb","Electrodynamics","Creative AI","Beam Cell","Beam Cell","Thunder Strike","Defragment","Redo+1","Ball Lightning","Redo","Gash","FIFO Queue","Stack","Turbo","Go for the Eyes+1","jedi:overflow","Barrage"],"relics":["Cracked Core","ReplayTheSpireMod:Shallot","Ice Cream","infinitespire:EmpoweringShard","reliquary:Sideboard","infinitespire:Lucky Rock","infinitespire:Cupcake","infinitespire:WardingShard","Enchiridion","conspire:SlowCooker"],"acts_visited":["Exordium","TheCity","TheBeyond"],"potions_floor_usage":[12,41,41,41],"damage_taken":[{"damage":0,"enemies":"infinitespire:Voidling","floor":1,"turns":2},{"damage":5,"enemies":"Small Slimes","floor":2,"turns":2},{"damage":0,"enemies":"2 Louse","floor":4,"turns":2},{"damage":0,"enemies":"Large Slime","floor":5,"turns":4},{"damage":18,"enemies":"Gremlin Nob","floor":7,"turns":4},{"damage":0,"enemies":"Exordium Thugs","floor":10,"turns":3},{"damage":7,"enemies":"Lagavulin","floor":12,"turns":3},{"damage":29,"enemies":"Hexaghost","floor":16,"turns":6},{"damage":0,"enemies":"Chosen","floor":18,"turns":3},{"damage":8,"enemies":"conspire:FuzzyDice","floor":20,"turns":5},{"damage":28,"enemies":"Centurion and Healer","floor":24,"turns":4},{"damage":8,"enemies":"Cultist and Chosen","floor":25,"turns":4},{"damage":7,"enemies":"conspire:HollyBat","floor":27,"turns":6},{"damage":7,"enemies":"Chosen and Byrds","floor":30,"turns":2},{"damage":20,"enemies":"conspire:MysteriousRune","floor":33,"turns":8},{"damage":0,"enemies":"3 Darklings","floor":35,"turns":2},{"damage":22,"enemies":"3 Shapes","floor":37,"turns":2},{"damage":16,"enemies":"Spire Growth","floor":39,"turns":3},{"damage":83,"enemies":"Nemesis","floor":41,"turns":4}],"seed_played":"3293933447211655494","potions_obtained":[{"floor":1,"key":"Swift Potion"},{"floor":2,"key":"AttackPotion"},{"floor":4,"key":"SneckoOil"},{"floor":10,"key":"Death Potion"},{"floor":20,"key":"Adrenaline Potion"},{"floor":25,"key":"jedi:wingpotion"},{"floor":35,"key":"ColorlessPotion"}],"is_trial":false,"path_per_floor":["M","M","?","M","M","R","E","R","T","M","R","E","?","$","R","B",null,"M","?","M","?","$","R","M","M","T","M","R","?","M","?","R","B",null,"M","?","M","$","M","R","E"],"character_chosen":"DEFECT","items_purchased":["Beam Cell","jedi:locknload","Sweeping Beam","ReplayTheSpireMod:Shallot","Melter","infinitespire:Lucky Rock","Gash","Electrodynamics","Creative AI","Beam Cell"],"campfire_rested":6,"item_purchase_floors":[0,0,0,0,14,14,14,22,38,38],"current_hp_per_floor":[59,54,54,54,54,75,57,57,57,57,75,68,57,57,75,46,75,75,75,67,67,67,67,39,31,31,24,46,30,23,23,45,25,75,75,75,53,53,37,59,0,0],"gold":215,"neow_bonus":"","is_daily":false,"chose_seed":false,"campfire_upgraded":1,"win_rate":0.0,"timestamp":1612290442,"path_taken":["M","?","?","M","M","R","E","R","T","M","R","E","?","$","R","BOSS","M","?","?","?","?","R","M","M","T","M","R","?","?","?","R","BOSS","M","?","?","$","M","R","E"],"items_purchased_type":["Card","Card","Card","Relic","Card","Relic","Card","Card","Card","Card"],"build_version":"2020-12-22","purchased_purges":0,"victory":false,"max_hp_per_floor":[75,75,75,75,75,75,75,75,75,75,75,75,75,75,75,75,75,75,75,75,75,75,75,75,75,75,75,75,75,75,75,75,75,75,75,75,75,75,75,75,75,75],"card_choices":[{"not_picked":["Panic Button","jedi:locknload"],"picked":"Conserve Battery","floor":1},{"not_picked":["jedi:blockon","Hologram"],"picked":"Turbo","floor":2},{"not_picked":["jedi:blockon","jedi:BurstFrost"],"picked":"Storm","floor":4},{"not_picked":["jedi:reiji","Panic Button"],"picked":"Gash","floor":5},{"not_picked":["Coolheaded","ReplayTheSpireMod:System Scan"],"picked":"Gash","floor":7},{"not_picked":["Rebound","Coolheaded"],"picked":"Gash","floor":10},{"not_picked":["ReplayTheSpireMod:Fabricate Wheel","ReplayTheSpireMod:Repulse"],"picked":"Panic Button","floor":12},{"not_picked":["hubris:DoWhile","hubris:Prefetch"],"picked":"Thunder Strike","floor":16},{"not_picked":["Genetic Algorithm","Cold Snap"],"picked":"Defragment","floor":18},{"not_picked":["Steam+1","FTL"],"picked":"Cold Snap","floor":20},{"not_picked":["Coolheaded","Stack"],"picked":"Redo","floor":24},{"not_picked":["Time Bomb","Hologram"],"picked":"Redo+1","floor":25},{"not_picked":["Hologram+1","Steam"],"picked":"Barrage","floor":27},{"not_picked":["jedi:hex","FTL"],"picked":"Ball Lightning","floor":30},{"not_picked":["jedi:gatheringstorm","jedi:BurstDark"],"picked":"Meteor Strike","floor":33},{"not_picked":["Rebound","Scrape"],"picked":"Gash","floor":35},{"not_picked":["Coolheaded+1","jedi:locknload"],"picked":"FIFO Queue","floor":36},{"not_picked":["Sweeping Beam","BasicCrystalCard"],"picked":"Stack","floor":36},{"not_picked":["jedi:blockon+1","jedi:BurstFrost+1"],"picked":"Turbo","floor":36},{"not_picked":["Reinforced Body+1","Coolheaded+1"],"picked":"Go for the Eyes+1","floor":37},{"not_picked":["ReplayTheSpireMod:Omega Cannon","BasicCrystalCard"],"picked":"jedi:overflow","floor":39}],"player_experience":209332,"relics_obtained":[{"floor":7,"key":"infinitespire:EmpoweringShard"},{"floor":12,"key":"reliquary:Sideboard"},{"floor":26,"key":"infinitespire:WardingShard"},{"floor":29,"key":"Enchiridion"}],"event_choices":[{"damage_healed":0,"gold_gain":0,"player_choice":"Ignored","damage_taken":0,"max_hp_gain":0,"max_hp_loss":0,"event_name":"Liars Game","floor":3,"gold_loss":0},{"damage_healed":0,"gold_gain":75,"player_choice":"Gather Gold","damage_taken":11,"max_hp_gain":0,"max_hp_loss":0,"event_name":"World of Goop","floor":13,"gold_loss":0},{"damage_healed":0,"gold_gain":0,"player_choice":"Upgraded","damage_taken":0,"max_hp_gain":0,"max_hp_loss":0,"event_name":"Upgrade Shrine","floor":19,"gold_loss":0,"cards_upgraded":["Storm"]},{"cards_removed":["Zap"],"damage_healed":0,"gold_gain":0,"player_choice":"Take \u0026 Give","damage_taken":0,"max_hp_gain":0,"max_hp_loss":0,"event_name":"betterNote:BetterNote","floor":21,"gold_loss":0,"cards_obtained":["ReplayTheSpireMod:Limb From Limb"]},{"damage_healed":0,"gold_gain":0,"player_choice":"Obtained Book","damage_taken":16,"max_hp_gain":0,"max_hp_loss":0,"event_name":"Cursed Tome","floor":29,"gold_loss":0},{"damage_healed":0,"gold_gain":99,"player_choice":"Stole From Cult","damage_taken":0,"max_hp_gain":0,"max_hp_loss":0,"event_name":"Nest","floor":31,"gold_loss":0}],"is_beta":false,"boss_relics":[{"not_picked":["hubris:CrackedHourglass","Philosopher\u0027s Stone"],"picked":"infinitespire:Cupcake"},{"not_picked":["reliquary:Craggleroot","reliquary:Ember"],"picked":"conspire:SlowCooker"}],"items_purged_floors":[],"is_endless":false,"potions_floor_spawned":[1,2,4,10,20,25,30,35],"killed_by":"Nemesis","ascension_level":0}}