{"host":"9970e6owvjk6ctny","time":1612268661,"event":{"mods":["Act Like it!","BaseMod","Better Match","Better Third Choice","Downfall","GifTheSpireLib","GungeonMod","Jorbs\u0027s Wanderer Trilogy","Luminous","Minty Spire (QoL Compilation)","Quick Restart","Rare Cards Sparkle","StSLib","The Bug Knight","The Cursed","The Disciple","The Hierophant","The Runesmith","The Servant 0.9.4"],"gold_per_floor":[119,119,68,68,85,85,95,106,151,151,76,76,76],"floor_reached":12,"language":"ZHS","playtime":528,"items_purged":["Strike_S"],"score":68,"play_id":"e90e659e-730f-48e1-994c-07bce2f01bb5","local_time":"20210202202421","is_ascension_mode":false,"campfire_choices":[{"data":"Foresight","floor":6,"key":"SMITH"},{"data":"Rearm","floor":10,"key":"SMITH"}],"circlet_count":0,"master_deck":["Strike_S","Strike_S","Strike_S+1","Defend_S","Defend_S","Defend_S","Defend_S","KidneyShot","Exchange+1","Foresight+1","Alleviate","Rearm+1"],"relics":["StoneMask","Art of War"],"acts_visited":["Exordium"],"potions_floor_usage":[8],"damage_taken":[{"damage":5,"enemies":"2 Louse","floor":1,"turns":4},{"damage":10,"enemies":"Cultist","floor":5,"turns":7},{"damage":2,"enemies":"Small Slimes","floor":7,"turns":5},{"damage":1,"enemies":"Looter","floor":8,"turns":4},{"damage":24,"enemies":"Lagavulin","floor":12,"turns":10}],"seed_played":"-1916909066158710698","potions_obtained":[{"floor":7,"key":"DistilledChaos"}],"is_trial":false,"path_per_floor":["M","?","$","?","M","R","M","M","T","R","$","E"],"character_chosen":"THE_SERVANT","items_purchased":["Alleviate"],"campfire_rested":0,"item_purchase_floors":[3],"current_hp_per_floor":[66,66,66,53,46,46,50,52,52,52,52,28,28],"gold":76,"neow_bonus":"BOSS_RELIC","is_daily":false,"chose_seed":false,"campfire_upgraded":2,"win_rate":0.0,"timestamp":1612268661,"path_taken":["M","?","?","?","M","R","M","M","T","R","$","E"],"items_purchased_type":["Card"],"build_version":"2020-12-22","purchased_purges":1,"victory":false,"max_hp_per_floor":[67,67,67,67,68,68,70,71,71,71,71,71,71],"card_choices":[{"not_picked":["Rewind","Revamp"],"picked":"Foresight","floor":1},{"not_picked":["TimeWarp","GearUp","Gouge"],"picked":"SKIP","floor":5},{"not_picked":["Replace","Misdirection","Unruled"],"picked":"SKIP","floor":7},{"not_picked":["Ricochet","Alleviate"],"picked":"Rearm","floor":8}],"player_experience":149081,"relics_obtained":[{"floor":9,"key":"Art of War"}],"event_choices":[{"damage_healed":0,"gold_gain":0,"player_choice":"Ignored","damage_taken":0,"max_hp_gain":0,"max_hp_loss":0,"event_name":"NoteForYourself","floor":2,"gold_loss":0},{"damage_healed":66,"gold_gain":0,"player_choice":"Upgrade","damage_taken":13,"max_hp_gain":0,"max_hp_loss":67,"event_name":"betterThird:BetterShining","floor":4,"gold_loss":0,"cards_upgraded":["Exchange","Strike_S"]}],"is_beta":false,"boss_relics":[],"items_purged_floors":[11],"is_endless":false,"potions_floor_spawned":[7],"killed_by":"Lagavulin","ascension_level":0}}