{"host":"nxma0dbhh74lxenq","time":1612275320,"event":{"mods":["Astrologer","BaseMod","Beaked The Cultist","CapriCore","Colored Map","DeckTracker","Gremlin Mod","HololiveMod","KinomotoSakuraMod(ñÿîVñ{?)","Koishi","Mad Scientist","Minty Spire (QoL Compilation)","Prisma Mod","StSLib","SuperFastMode","The Bladedancer","The Cursed","The Immortal","The Mystic","YoumuÅiç∞ÈÆódöÎÅj"],"gold_per_floor":[118,118,129,146,146,146,173,173,198,211,20,34,34,47,47,122,122,136,36,48,48,62,62,62,62,62,79,97,97,297,320,320,408,408,428,438,456,485,350,350,350,350,359,359,359],"floor_reached":44,"language":"JPN","playtime":1812,"items_purged":["Koishi:BasicStrike","Koishi:BasicStrike"],"score":718,"play_id":"f242d3b2-88d6-4820-9a0c-3a87b6ca9ca6","local_time":"20210202231520","is_ascension_mode":true,"campfire_choices":[{"data":"Koishi:Provoke","floor":6,"key":"SMITH"},{"floor":13,"key":"REST"},{"data":"Koishi:UnconsciousUrges","floor":15,"key":"SMITH"},{"data":"Koishi:MindStellarRelief","floor":23,"key":"SMITH"},{"data":"J.A.X.","floor":25,"key":"SMITH"},{"floor":32,"key":"REST"},{"data":"Koishi:ImGoingToCallYouNow","floor":40,"key":"SMITH"},{"data":"Koishi:SubterraneanRose","floor":42,"key":"SMITH"}],"circlet_count":0,"master_deck":["AscendersBane","Koishi:BasicStrike","Koishi:BasicDefend","Koishi:BasicDefend","Koishi:BasicDefend","Koishi:BasicDefend","Koishi:Provoke+1","Koishi:HauntingSlash+1","Koishi:RacingHeart","Koishi:Prune","Koishi:StingingMind","Koishi:SubterraneanRose+1","Koishi:UnconsciousUrges+1","Koishi:Jaunt","Koishi:UnseenTerror","Koishi:CatchAndRose","Koishi:MindStellarRelief+1","Koishi:DNAsFlaw","J.A.X.+1","Koishi:Whimsy","Koishi:EmbryosDream","Koishi:ImGoingToCallYouNow+1","Madness","Madness","Koishi:SpiritedAway","Koishi:TremblingHands","Koishi:YoukaiPolygraph","Shame"],"relics":["Koishi:ImaginaryFriend","CaptainsWheel","FaceOfCleric","Bronze Scales","Anchor","Philosopher\u0027s Stone","CeramicFish","Cursed Key","HornCleat"],"acts_visited":["Exordium","TheCity","TheBeyond"],"potions_floor_usage":[16,27,33,33,38],"damage_taken":[{"damage":5,"enemies":"Jaw Worm","floor":1,"turns":5},{"damage":0,"enemies":"Cultist","floor":3,"turns":6},{"damage":0,"enemies":"Small Slimes","floor":4,"turns":4},{"damage":39,"enemies":"3 Sentries","floor":7,"turns":13},{"damage":1,"enemies":"Exordium Thugs","floor":10,"turns":5},{"damage":13,"enemies":"Large Slime","floor":12,"turns":5},{"damage":0,"enemies":"Looter","floor":14,"turns":2},{"damage":23,"enemies":"The Guardian","floor":16,"turns":10},{"damage":8,"enemies":"Shell Parasite","floor":18,"turns":5},{"damage":27,"enemies":"2 Thieves","floor":20,"turns":4},{"damage":14,"enemies":"3 Cultists","floor":22,"turns":5},{"damage":7,"enemies":"Snake Plant","floor":27,"turns":3},{"damage":18,"enemies":"Snecko","floor":28,"turns":4},{"damage":18,"enemies":"Colosseum Slavers","floor":29,"turns":5},{"damage":7,"enemies":"Centurion and Healer","floor":31,"turns":5},{"damage":47,"enemies":"Automaton","floor":33,"turns":12},{"damage":9,"enemies":"Orb Walker","floor":35,"turns":4},{"damage":5,"enemies":"3 Shapes","floor":36,"turns":5},{"damage":14,"enemies":"Sphere and 2 Shapes","floor":38,"turns":5},{"damage":101,"enemies":"Giant Head","floor":44,"turns":9}],"seed_played":"8974561407621282604","potions_obtained":[{"floor":3,"key":"Energy Potion"},{"floor":4,"key":"BlessingOfTheForge"},{"floor":16,"key":"Block Potion"},{"floor":27,"key":"SkillPotion"},{"floor":33,"key":"Energy Potion"},{"floor":35,"key":"Fire Potion"},{"floor":41,"key":"Strength Potion"}],"is_trial":false,"path_per_floor":["M","?","M","M","?","R","E","?","T","M","$","M","R","M","R","B",null,"M","$","M","?","M","R","?","R","T","M","M","?","?","M","R","B",null,"M","M","?","M","$","R","?","R","T","E"],"character_chosen":"KOISHI","items_purchased":["Koishi:UnconsciousUrges","Koishi:Jaunt","Koishi:TremblingHands","Koishi:YoukaiPolygraph"],"campfire_rested":2,"item_purchase_floors":[11,11,39,39],"current_hp_per_floor":[48,48,53,54,47,47,9,9,9,17,17,9,26,29,29,27,51,56,56,38,38,37,37,37,37,37,39,28,17,17,25,44,18,55,55,65,53,60,60,60,60,60,60,0,0],"gold":359,"neow_bonus":"ONE_RARE_RELIC","is_daily":false,"chose_seed":false,"campfire_upgraded":6,"win_rate":0.0,"timestamp":1612275320,"path_taken":["M","?","?","M","?","R","E","?","T","?","$","M","R","M","R","BOSS","M","$","M","?","M","R","?","R","T","M","M","?","?","M","R","BOSS","M","M","?","M","$","R","?","R","T","E"],"items_purchased_type":["Card","Card","Card","Card"],"build_version":"2020-12-22","purchased_purges":2,"victory":false,"max_hp_per_floor":[52,52,53,54,54,54,55,55,55,56,56,57,57,58,58,59,59,60,60,61,61,62,62,62,62,62,63,64,65,65,66,66,67,67,68,69,69,70,70,70,70,70,70,70,70],"card_choices":[{"not_picked":["Koishi:SubterraneanRose","Koishi:MassHysteria"],"picked":"Koishi:RacingHeart","floor":1},{"not_picked":["Koishi:CatchAndRose","Koishi:EmbryosDream","Koishi:Possession"],"picked":"SKIP","floor":3},{"not_picked":["Koishi:ApparitionsStalkTheNight","Koishi:DanmakuParanoia"],"picked":"Koishi:Prune","floor":4},{"not_picked":["Koishi:ReflexRadar","Koishi:Possession"],"picked":"Koishi:StingingMind","floor":7},{"not_picked":["Koishi:UnconsciousUprising","Koishi:Vanish"],"picked":"Koishi:SubterraneanRose","floor":10},{"not_picked":["Koishi:YoukaiPolygraph","Koishi:PhantomStrike"],"picked":"Koishi:UnseenTerror","floor":12},{"not_picked":["Koishi:ApparitionsStalkTheNight","Koishi:RacingHeart"],"picked":"Koishi:CatchAndRose","floor":14},{"not_picked":["Koishi:FadingMemory","Koishi:Heartbroken"],"picked":"Koishi:MindStellarRelief","floor":16},{"not_picked":["Koishi:DanmakuParanoia","Koishi:CatchAndRose"],"picked":"Koishi:DNAsFlaw","floor":18},{"not_picked":["Koishi:Prune","Koishi:CatchAndRose","Koishi:UnansweredLove"],"picked":"SKIP","floor":20},{"not_picked":["Koishi:IdleWhim","Koishi:DreadfulBlow"],"picked":"Koishi:Whimsy","floor":22},{"not_picked":["Koishi:EmbryosDream","Koishi:ApparitionsStalkTheNight","Koishi:DanmakuParanoia"],"picked":"SKIP","floor":27},{"not_picked":["Koishi:DreadfulBlow","Koishi:UnansweredLove","Koishi:UnconsciousUprising"],"picked":"SKIP","floor":28},{"not_picked":["Koishi:PhantomStrike","Koishi:Bloodlust+1"],"picked":"Koishi:EmbryosDream","floor":31},{"not_picked":["Koishi:SuperEgo","Koishi:FormlessExistence"],"picked":"Koishi:ImGoingToCallYouNow","floor":33},{"not_picked":["Koishi:SubconsciousSweep","Koishi:BloodcurdlingScream","Koishi:StrangeCloudFist"],"picked":"SKIP","floor":35},{"not_picked":["Koishi:UnconsciousUrges","Koishi:MindNumbingTerror","Koishi:Prune"],"picked":"SKIP","floor":36},{"not_picked":["Koishi:Vanish","Koishi:Prune"],"picked":"Koishi:SpiritedAway","floor":38}],"player_experience":566832,"relics_obtained":[{"floor":7,"key":"Bronze Scales"},{"floor":9,"key":"Anchor"},{"floor":26,"key":"CeramicFish"},{"floor":43,"key":"HornCleat"}],"event_choices":[{"damage_healed":0,"gold_gain":0,"player_choice":"Trade","damage_taken":0,"relics_obtained":["FaceOfCleric"],"max_hp_gain":0,"max_hp_loss":0,"event_name":"FaceTrader","floor":2,"gold_loss":0},{"cards_removed":["Koishi:BasicStrike"],"damage_healed":0,"gold_gain":0,"player_choice":"Card Removal","damage_taken":7,"max_hp_gain":0,"max_hp_loss":0,"event_name":"Golden Wing","floor":5,"gold_loss":0},{"damage_healed":0,"gold_gain":0,"player_choice":"Upgraded","damage_taken":0,"max_hp_gain":0,"max_hp_loss":0,"event_name":"Upgrade Shrine","floor":8,"gold_loss":0,"cards_upgraded":["Koishi:HauntingSlash"]},{"damage_healed":0,"gold_gain":0,"player_choice":"Obtain J.A.X.","damage_taken":0,"max_hp_gain":0,"max_hp_loss":0,"event_name":"Drug Dealer","floor":21,"gold_loss":0,"cards_obtained":["J.A.X."]},{"damage_healed":0,"gold_gain":0,"player_choice":"Ignored","damage_taken":0,"max_hp_gain":0,"max_hp_loss":0,"event_name":"Vampires","floor":24,"gold_loss":0},{"damage_healed":0,"gold_gain":0,"player_choice":"Fight","damage_taken":0,"max_hp_gain":0,"max_hp_loss":0,"event_name":"Colosseum","floor":29,"gold_loss":0},{"damage_healed":0,"gold_gain":0,"player_choice":"Fled From Nobs","damage_taken":0,"max_hp_gain":0,"max_hp_loss":0,"event_name":"Colosseum","floor":29,"gold_loss":0},{"damage_healed":0,"gold_gain":200,"player_choice":"Gold","damage_taken":0,"max_hp_gain":0,"max_hp_loss":0,"event_name":"Wheel of Change","floor":30,"gold_loss":0},{"damage_healed":0,"gold_gain":0,"player_choice":"Embrace Madness","damage_taken":12,"max_hp_gain":0,"max_hp_loss":0,"event_name":"Winding Halls","floor":37,"gold_loss":0,"cards_obtained":["Madness","Madness"]},{"damage_healed":0,"gold_gain":0,"player_choice":"Got Potions","damage_taken":0,"max_hp_gain":0,"max_hp_loss":0,"event_name":"Lab","floor":41,"gold_loss":0}],"is_beta":false,"boss_relics":[{"not_picked":["Pandora\u0027s Box","Tiny House"],"picked":"Philosopher\u0027s Stone"},{"not_picked":["Runic Dome","Snecko Eye"],"picked":"Cursed Key"}],"items_purged_floors":[11,19],"is_endless":false,"potions_floor_spawned":[3,4,14,16,20,27,28,31,33,35],"killed_by":"Giant Head","ascension_level":15}}