{"host":"Hutts","time":1612246581,"event":{"mods":["BaseMod","Googly Eyes","Minty Spire (QoL Compilation)","StSLib","The Cursed","The IronCluck"],"gold_per_floor":[313,313,324,399,399,399,430,430,430,460,483,498,14,14,14,144,144,160,97,12,36,59,59,94,94,94,94,94,20,58,83,83,209,209,232,290,200,224,249,249,38,77,77,20,83,116,136,171,171,171],"floor_reached":51,"language":"ENG","playtime":2130,"items_purged":["Defend_G","Strike_G"],"score":1100,"play_id":"cd9d27e3-0b97-4da1-8051-5dab8130724f","local_time":"20210202001621","is_ascension_mode":true,"campfire_choices":[{"data":"Survivor","floor":6,"key":"SMITH"},{"data":"1","floor":8,"key":"LIFT"},{"data":"2","floor":15,"key":"LIFT"},{"data":"3","floor":23,"key":"LIFT"},{"data":"Apotheosis","floor":25,"key":"SMITH"},{"data":"Calculated Gamble","floor":27,"key":"SMITH"},{"data":"Footwork","floor":32,"key":"SMITH"},{"data":"Phantasmal Killer","floor":40,"key":"SMITH"},{"floor":49,"key":"REST"}],"circlet_count":0,"master_deck":["Strike_G+1","Strike_G","Defend_G","Defend_G+1","Defend_G+1","Survivor+1","Neutralize+1","Dagger Spray+1","Footwork+1","Backflip","Calculated Gamble+1","Apotheosis+1","Flash of Steel","Glass Knife","Finisher","Slice","Terror","Skewer","Skewer","Glass Knife+1","Infinite Blades+1","Blade Dance","Phantasmal Killer+1","Deflect+1","Infinite Blades+1","Caltrops+1","Acrobatics+1","Mayhem","Accuracy","Backflip","Blade Dance","Riddle With Holes","Deflect","Footwork+1","Dodge and Roll"],"relics":["Ring of the Snake","Old Coin","Girya","Centennial Puzzle","Gremlin Horn","Odd Mushroom","Membership Card","Nunchaku","Orichalcum","Golden Idol","Sozu","White Beast Statue","Anchor","Mummified Hand","Question Card","InkBottle","Empty Cage","Gambling Chip","Kunai","Whetstone","MawBank","FossilizedHelix","Ice Cream","Bottled Tornado"],"acts_visited":["Exordium","TheCity","TheBeyond"],"potions_floor_usage":[7,7,10],"damage_taken":[{"damage":1,"enemies":"Cultist","floor":1,"turns":4},{"damage":1,"enemies":"Jaw Worm","floor":3,"turns":4},{"damage":7,"enemies":"3 Sentries","floor":7,"turns":6},{"damage":3,"enemies":"Lagavulin","floor":10,"turns":9},{"damage":2,"enemies":"The Mushroom Lair","floor":11,"turns":3},{"damage":0,"enemies":"2 Louse","floor":12,"turns":1},{"damage":4,"enemies":"Slime Boss","floor":16,"turns":9},{"damage":6,"enemies":"2 Thieves","floor":18,"turns":2},{"damage":0,"enemies":"Chosen","floor":21,"turns":4},{"damage":5,"enemies":"Snecko","floor":22,"turns":3},{"damage":0,"enemies":"Book of Stabbing","floor":24,"turns":4},{"damage":1,"enemies":"Slavers","floor":30,"turns":3},{"damage":0,"enemies":"Sentry and Sphere","floor":31,"turns":2},{"damage":0,"enemies":"Champ","floor":33,"turns":5},{"damage":0,"enemies":"3 Shapes","floor":35,"turns":2},{"damage":3,"enemies":"2 Orb Walkers","floor":36,"turns":3},{"damage":0,"enemies":"Orb Walker","floor":38,"turns":3},{"damage":2,"enemies":"4 Shapes","floor":39,"turns":5},{"damage":0,"enemies":"Nemesis","floor":42,"turns":3},{"damage":0,"enemies":"Mind Bloom Boss Battle","floor":45,"turns":2},{"damage":0,"enemies":"Reptomancer","floor":46,"turns":2},{"damage":0,"enemies":"Writhing Mass","floor":47,"turns":2},{"damage":0,"enemies":"Nemesis","floor":48,"turns":3},{"damage":0,"enemies":"Donu and Deca","floor":50,"turns":5}],"seed_played":"5091042770472096904","potions_obtained":[{"floor":1,"key":"Explosive Potion"},{"floor":3,"key":"Regen Potion"},{"floor":7,"key":"EssenceOfSteel"}],"is_trial":false,"path_per_floor":["M","?","M","?","?","R","E","R","T","E","?","M","$","?","R","B",null,"M","$","?","M","M","R","E","R","T","R","T","$","E","M","R","B",null,"M","?","?","M","M","R","$","E","T","$","?","E","M","E","R","B",null],"character_chosen":"THE_SILENT","items_purchased":["Membership Card","Apotheosis","Nunchaku","Flash of Steel","Orichalcum","Slice","Glass Knife","Kunai","Mayhem","Backflip","Blade Dance","Riddle With Holes"],"campfire_rested":1,"item_purchase_floors":[13,13,13,13,13,19,29,41,41,44,44,44],"current_hp_per_floor":[69,69,68,57,43,43,51,51,51,48,46,46,46,46,46,42,65,59,59,59,59,54,54,54,54,54,54,54,54,53,53,53,53,65,65,62,62,62,60,60,60,60,60,60,60,60,60,60,65,65],"gold":171,"neow_bonus":"ONE_RARE_RELIC","is_daily":false,"chose_seed":false,"campfire_upgraded":5,"win_rate":0.0,"timestamp":1612246581,"path_taken":["M","?","M","?","?","R","E","R","T","E","?","M","?","?","R","BOSS","M","$","?","M","M","R","E","R","T","R","?","$","E","M","R","BOSS","M","?","?","M","?","R","$","E","T","$","?","E","M","E","R","BOSS"],"items_purchased_type":["Relic","Card","Relic","Card","Relic","Card","Card","Relic","Card","Card","Card","Card"],"build_version":"2020-12-18","purchased_purges":2,"victory":true,"max_hp_per_floor":[70,70,70,70,70,70,70,70,70,70,70,70,70,65,65,65,65,65,65,65,65,65,65,65,65,65,65,65,65,65,65,65,65,65,65,65,65,65,65,65,65,65,65,65,65,65,65,65,65,65],"card_choices":[{"not_picked":["Escape Plan","Footwork"],"picked":"Dagger Spray","floor":1},{"not_picked":["Bane","PiercingWail","Acrobatics"],"picked":"SKIP","floor":3},{"not_picked":["Backflip","Dodge and Roll"],"picked":"Footwork","floor":7},{"not_picked":["Deadly Poison","Sucker Punch"],"picked":"Backflip","floor":10},{"not_picked":["Finisher","Accuracy"],"picked":"Calculated Gamble","floor":11},{"not_picked":["Noxious Fumes","Well Laid Plans","Prepared"],"picked":"SKIP","floor":12},{"not_picked":["Venomology","Envenom"],"picked":"Glass Knife","floor":16},{"not_picked":["Outmaneuver","Flying Knee"],"picked":"Finisher","floor":18},{"not_picked":["Sucker Punch","Setup"],"picked":"Terror","floor":21},{"not_picked":["Prepared","Finisher+1"],"picked":"Skewer","floor":22},{"not_picked":["Cloak And Dagger","Catalyst"],"picked":"Skewer","floor":24},{"not_picked":["Flying Knee","Outmaneuver","Setup"],"picked":"Infinite Blades+1","floor":30},{"not_picked":["Predator","Dagger Throw","Quick Slash"],"picked":"Blade Dance","floor":31},{"not_picked":["Tools of the Trade","Corpse Explosion","Glass Knife"],"picked":"Phantasmal Killer","floor":33},{"not_picked":["Dagger Spray","Heel Hook+1","Cloak And Dagger"],"picked":"Deflect+1","floor":35},{"not_picked":["Noxious Fumes","Underhanded Strike+1","Poisoned Stab"],"picked":"Infinite Blades+1","floor":36},{"not_picked":["Well Laid Plans","Heel Hook+1","Sucker Punch+1"],"picked":"Caltrops+1","floor":38},{"not_picked":["Escape Plan","Outmaneuver+1","Distraction"],"picked":"Acrobatics+1","floor":39},{"not_picked":["Noxious Fumes","Dagger Spray+1","Backflip+1"],"picked":"Accuracy","floor":42},{"not_picked":["Slice","Bouncing Flask+1","Quick Slash"],"picked":"Deflect","floor":45},{"not_picked":["PiercingWail+1","Bouncing Flask","Dagger Throw+1","Heel Hook+1"],"picked":"SKIP","floor":46},{"not_picked":["Deflect","Flechettes","Burst"],"picked":"Footwork+1","floor":47},{"not_picked":["All Out Attack+1","Underhanded Strike","Dagger Spray+1"],"picked":"Dodge and Roll","floor":48}],"player_experience":988395,"relics_obtained":[{"floor":7,"key":"Girya"},{"floor":9,"key":"Centennial Puzzle"},{"floor":10,"key":"Gremlin Horn"},{"floor":11,"key":"Odd Mushroom"},{"floor":24,"key":"Anchor"},{"floor":26,"key":"Mummified Hand"},{"floor":28,"key":"Question Card"},{"floor":30,"key":"InkBottle"},{"floor":36,"key":"Gambling Chip"},{"floor":42,"key":"Whetstone"},{"floor":43,"key":"MawBank"},{"floor":45,"key":"FossilizedHelix"},{"floor":46,"key":"Ice Cream"},{"floor":48,"key":"Bottled Tornado"}],"event_choices":[{"damage_healed":0,"gold_gain":0,"player_choice":"Grow","damage_taken":0,"max_hp_gain":0,"max_hp_loss":0,"event_name":"Living Wall","floor":2,"gold_loss":0,"cards_upgraded":["Dagger Spray"]},{"damage_healed":0,"gold_gain":75,"player_choice":"Gather Gold","damage_taken":11,"max_hp_gain":0,"max_hp_loss":0,"event_name":"World of Goop","floor":4,"gold_loss":0},{"damage_healed":0,"gold_gain":0,"player_choice":"Entered Light","damage_taken":14,"max_hp_gain":0,"max_hp_loss":0,"event_name":"Shining Light","floor":5,"gold_loss":0,"cards_upgraded":["Defend_G","Strike_G"]},{"damage_healed":0,"gold_gain":0,"player_choice":"Fought Mushrooms","damage_taken":0,"max_hp_gain":0,"max_hp_loss":0,"event_name":"Mushrooms","floor":11,"gold_loss":0},{"damage_healed":0,"gold_gain":0,"player_choice":"Lose Max HP","damage_taken":0,"relics_obtained":["Golden Idol"],"max_hp_gain":0,"max_hp_loss":5,"event_name":"Golden Idol","floor":14,"gold_loss":0},{"damage_healed":0,"gold_gain":0,"player_choice":"Obtained Relic","damage_taken":0,"relics_obtained":["White Beast Statue"],"max_hp_gain":0,"max_hp_loss":0,"event_name":"Addict","floor":20,"gold_loss":85},{"damage_healed":0,"gold_gain":0,"player_choice":"Fight","damage_taken":0,"max_hp_gain":0,"max_hp_loss":0,"event_name":"Mysterious Sphere","floor":36,"gold_loss":0},{"cards_removed":["Strike_G"],"damage_healed":0,"gold_gain":0,"player_choice":"Upgrade and Remove","damage_taken":0,"max_hp_gain":0,"max_hp_loss":0,"event_name":"Designer","floor":37,"gold_loss":90,"cards_upgraded":["Defend_G"]},{"damage_healed":0,"gold_gain":0,"player_choice":"Fight","damage_taken":0,"max_hp_gain":0,"max_hp_loss":0,"event_name":"MindBloom","floor":45,"gold_loss":0}],"is_beta":true,"boss_relics":[{"not_picked":["SlaversCollar","Runic Pyramid"],"picked":"Sozu"},{"not_picked":["Astrolabe","Runic Dome"],"picked":"Empty Cage"}],"items_purged_floors":[13,19],"is_endless":false,"potions_floor_spawned":[1,3,7,18,21,22,24,30,31,33,35,36,38,39,42,45,46,47,48],"ascension_level":1}}