{"host":"Qube","time":1612238169,"event":{"mods":["AchievementEnabler","BaseMod","Colored Map","Colored Powertips","Highlight Path","Minty Spire (QoL Compilation)","Permanent Neow","Quick Restart","Random Character Button","StSLib"],"gold_per_floor":[116,134,154,174,249,249,284,284,308,308,338,338,86,99,99,172,172,190,224,239,239,239],"floor_reached":21,"language":"ENG","playtime":1143,"items_purged":["JustLucky"],"score":478,"play_id":"d417897b-7756-4380-866e-4dc0f45c6a5a","local_time":"20210201195609","is_ascension_mode":true,"campfire_choices":[{"data":"Worship","floor":6,"key":"SMITH"},{"floor":10,"key":"REST"},{"data":"Wish","floor":15,"key":"SMITH"}],"circlet_count":0,"master_deck":["AscendersBane","Eruption","Vigilance","Evaluate","Swivel+1","Sanctity","Worship+1","DeceiveReality","Brilliance+1","Collect","FlyingSleeves","CrushJoints","Protect","Wish+1","Prostrate+1","Meditate","LessonLearned+1","WheelKick","Establishment"],"relics":["Pandora\u0027s Box","MealTicket","Regal Pillow","Juzu Bracelet","InkBottle","Busted Crown","Red Mask"],"acts_visited":["Exordium","TheCity"],"potions_floor_usage":[4,14,14,19,21],"damage_taken":[{"damage":0,"enemies":"Small Slimes","floor":1,"turns":3},{"damage":2,"enemies":"Jaw Worm","floor":2,"turns":2},{"damage":2,"enemies":"2 Louse","floor":3,"turns":3},{"damage":2,"enemies":"Exordium Thugs","floor":4,"turns":7},{"damage":0,"enemies":"Lagavulin","floor":7,"turns":4},{"damage":33,"enemies":"Gremlin Nob","floor":11,"turns":4},{"damage":0,"enemies":"Exordium Wildlife","floor":14,"turns":4},{"damage":20,"enemies":"The Guardian","floor":16,"turns":10},{"damage":1,"enemies":"Shell Parasite","floor":18,"turns":6},{"damage":52,"enemies":"Masked Bandits","floor":19,"turns":4},{"damage":0,"enemies":"Chosen","floor":20,"turns":3},{"damage":0,"enemies":"Centurion and Healer","floor":21,"turns":3}],"seed_played":"-5888657147342886883","potions_obtained":[{"floor":2,"key":"Weak Potion"},{"floor":4,"key":"ColorlessPotion"},{"floor":11,"key":"SteroidPotion"},{"floor":18,"key":"LiquidBronze"},{"floor":20,"key":"BottledMiracle"}],"is_trial":false,"path_per_floor":["M","M","M","M","?","R","E","?","T","R","E","?","$","M","R","B",null,"M","?","M","M"],"character_chosen":"WATCHER","items_purchased":["LessonLearned"],"campfire_rested":1,"item_purchase_floors":[13],"current_hp_per_floor":[61,59,57,55,44,44,44,26,26,61,28,28,43,43,43,23,57,56,4,4,4,4],"gold":239,"neow_bonus":"BOSS_RELIC","is_daily":false,"chose_seed":false,"campfire_upgraded":2,"win_rate":0.0,"timestamp":1612238169,"path_taken":["M","M","M","M","?","R","E","?","T","R","E","?","?","M","R","BOSS","M","?","M","M"],"items_purchased_type":["Card"],"build_version":"2020-12-18","purchased_purges":1,"victory":false,"max_hp_per_floor":[68,68,68,68,68,68,68,68,68,68,68,68,68,68,68,68,68,68,68,68,68,68],"card_choices":[{"not_picked":["EmptyBody","Conclude"],"picked":"FlyingSleeves","floor":1},{"not_picked":["Study","Perseverance"],"picked":"CrushJoints","floor":2},{"not_picked":["CutThroughFate","Consecrate"],"picked":"Protect","floor":3},{"not_picked":["ThirdEye","CarveReality"],"picked":"Wish","floor":4},{"not_picked":["Study","FlyingSleeves"],"picked":"Prostrate","floor":7},{"not_picked":["BowlingBash","FlurryOfBlows"],"picked":"Meditate","floor":11},{"not_picked":["Adaptation","Evaluate"],"picked":"WheelKick","floor":14},{"not_picked":["MasterReality","SpiritShield"],"picked":"Establishment","floor":16},{"not_picked":["PathToVictory"],"picked":"SKIP","floor":18},{"not_picked":["Crescendo"],"picked":"SKIP","floor":20}],"player_experience":1046683,"relics_obtained":[{"floor":7,"key":"MealTicket"},{"floor":9,"key":"Juzu Bracelet"},{"floor":11,"key":"InkBottle"},{"floor":19,"key":"Red Mask"}],"event_choices":[{"damage_healed":0,"gold_gain":75,"player_choice":"Gather Gold","damage_taken":11,"max_hp_gain":0,"max_hp_loss":0,"event_name":"World of Goop","floor":5,"gold_loss":0},{"damage_healed":0,"gold_gain":0,"player_choice":"Success","damage_taken":18,"relics_obtained":["Regal Pillow"],"max_hp_gain":0,"max_hp_loss":0,"event_name":"Scrap Ooze","floor":8,"gold_loss":0},{"damage_healed":0,"gold_gain":0,"player_choice":"Grow","damage_taken":0,"max_hp_gain":0,"max_hp_loss":0,"event_name":"Living Wall","floor":12,"gold_loss":0,"cards_upgraded":["Prostrate"]},{"damage_healed":0,"gold_gain":0,"player_choice":"Fought Bandits","damage_taken":0,"max_hp_gain":0,"max_hp_loss":0,"event_name":"Masked Bandits","floor":19,"gold_loss":0}],"is_beta":true,"boss_relics":[{"not_picked":["SlaversCollar","Runic Pyramid"],"picked":"Busted Crown"}],"items_purged_floors":[13],"is_endless":false,"potions_floor_spawned":[2,4,11,18,20],"killed_by":"Centurion and Healer","ascension_level":20}}