{"host":"5n1fl7z5i1vf7jan","time":1612256900,"event":{"mods":["BaseMod","Minty Spire (QoL Compilation)","Quick Restart","Relic Stats"],"gold_per_floor":[118,8,8,23,42,85,85,124,124,29,50,50,75,113,113,212,212,225,225,3,21,36,36,77,77,102,102,120,164,188,232,232,232,232],"floor_reached":33,"language":"ENG","playtime":1047,"items_purged":[],"score":618,"play_id":"3382c133-d351-4407-adc9-c78460d20796","local_time":"20210202010820","is_ascension_mode":true,"campfire_choices":[{"data":"Consecrate","floor":7.0,"key":"SMITH"},{"data":"TalkToTheHand","floor":15.0,"key":"SMITH"},{"data":"TalkToTheHand","floor":23.0,"key":"SMITH"},{"data":"TalkToTheHand","floor":25.0,"key":"SMITH"},{"floor":27.0,"key":"REST"},{"floor":32,"key":"REST"}],"circlet_count":0,"master_deck":["AscendersBane","Strike_P","Strike_P+1","Strike_P","Strike_P+1","Defend_P","Defend_P","Defend_P","Defend_P","Eruption","Vigilance","Prostrate","CrushJoints","EmptyFist","FollowUp","Consecrate+1","TalkToTheHand+1","TalkToTheHand+1","Adaptation","CutThroughFate","TalkToTheHand+1","Omniscience+1","BowlingBash","FlurryOfBlows","JustLucky","Prostrate","WaveOfTheHand"],"relics":["PureWater","NeowsBlessing","Golden Idol","Toy Ornithopter","TeardropLocket","Whetstone","Anchor","Philosopher\u0027s Stone","Sling","Potion Belt","Vajra","StoneCalendar","Boot"],"acts_visited":["Exordium","TheCity"],"potions_floor_usage":[31,33],"damage_taken":[{"damage":0.0,"enemies":"Jaw Worm","floor":1.0,"turns":1.0},{"damage":0.0,"enemies":"2 Louse","floor":4.0,"turns":1.0},{"damage":0.0,"enemies":"Cultist","floor":5.0,"turns":1.0},{"damage":16.0,"enemies":"Lagavulin","floor":6.0,"turns":5.0},{"damage":21.0,"enemies":"3 Sentries","floor":8.0,"turns":4.0},{"damage":7.0,"enemies":"Red Slaver","floor":11.0,"turns":5.0},{"damage":4.0,"enemies":"2 Fungi Beasts","floor":13.0,"turns":3.0},{"damage":3.0,"enemies":"Lagavulin","floor":14.0,"turns":9.0},{"damage":8.0,"enemies":"Hexaghost","floor":16.0,"turns":9.0},{"damage":6.0,"enemies":"Chosen","floor":18.0,"turns":5.0},{"damage":8.0,"enemies":"2 Thieves","floor":21.0,"turns":3.0},{"damage":2.0,"enemies":"Centurion and Healer","floor":22.0,"turns":5.0},{"damage":15.0,"enemies":"Book of Stabbing","floor":24.0,"turns":6.0},{"damage":4.0,"enemies":"Cultist and Chosen","floor":28.0,"turns":3.0},{"damage":10.0,"enemies":"Gremlin Leader","floor":29.0,"turns":4.0},{"damage":7,"enemies":"Sentry and Sphere","floor":30,"turns":3},{"damage":8,"enemies":"Book of Stabbing","floor":31,"turns":4},{"damage":44,"enemies":"Automaton","floor":33,"turns":4}],"seed_played":"4547825627352127355","potions_obtained":[{"floor":4.0,"key":"Swift Potion"},{"floor":11.0,"key":"Dexterity Potion"},{"floor":14.0,"key":"Weak Potion"},{"floor":22.0,"key":"SkillPotion"},{"floor":24.0,"key":"Ambrosia"},{"floor":29.0,"key":"EssenceOfSteel"},{"floor":30,"key":"ColorlessPotion"}],"is_trial":false,"path_per_floor":["M","$","?","M","M","E","R","E","T","$","M","?","M","E","R","B",null,"M","?","$","M","M","R","E","R","T","R","M","E","M","E","R","B"],"character_chosen":"WATCHER","items_purchased":["CrushJoints","Energy Potion","TalkToTheHand","Fire Potion","Sling","BowlingBash"],"campfire_rested":2,"item_purchase_floors":[2,2,10,10,20,20],"current_hp_per_floor":[61,61,61,61,61,45,45,24,24,24,17,17,18,20,20,17,51,45,45,45,37,35,35,25,25,25,43,39,29,22,19,37,0,0],"gold":232,"neow_bonus":"THREE_ENEMY_KILL","is_daily":false,"chose_seed":false,"campfire_upgraded":4,"win_rate":0.0,"timestamp":1612256900,"path_taken":["M","$","?","M","M","E","R","E","T","$","M","?","M","E","R","BOSS","M","?","$","M","M","R","E","R","T","R","M","E","M","E","R","BOSS"],"items_purchased_type":["Card","Potion","Card","Potion","Relic","Card"],"build_version":"2020-12-22","purchased_purges":0,"victory":false,"max_hp_per_floor":[68,68,62,62,62,62,62,62,62,62,62,62,62,62,62,62,62,62,62,62,62,62,62,62,62,62,62,62,62,62,62,62,62,62],"relic_stats":{"counters":[18,75],"Golden Idol":106,"StoneCalendar":[0],"Whetstone":["Strike_P","Strike_P"],"Boot":[1],"obtain_stats":[{"Potion Belt":24,"NeowsBlessing":0,"Golden Idol":3,"Vajra":26,"StoneCalendar":29,"TeardropLocket":8,"Whetstone":9,"Sling":20,"Boot":31,"Anchor":14,"Philosopher\u0027s Stone":17,"PureWater":0,"Toy Ornithopter":6},{"Potion Belt":13,"NeowsBlessing":0,"Golden Idol":1,"Vajra":13,"StoneCalendar":15,"TeardropLocket":5,"Whetstone":5,"Sling":10,"Boot":17,"Anchor":8,"Philosopher\u0027s Stone":9,"PureWater":0,"Toy Ornithopter":4},{"Potion Belt":57,"NeowsBlessing":0,"Golden Idol":1,"Vajra":57,"StoneCalendar":64,"TeardropLocket":12,"Whetstone":12,"Sling":43,"Boot":71,"Anchor":29,"Philosopher\u0027s Stone":38,"PureWater":0,"Toy Ornithopter":8}],"Toy Ornithopter":30},"card_choices":[{"not_picked":["Protect","PathToVictory"],"picked":"Prostrate","floor":1.0},{"not_picked":["Halt","MentalFortress"],"picked":"EmptyFist","floor":4.0},{"not_picked":["Meditate","ClearTheMind"],"picked":"FollowUp","floor":5.0},{"not_picked":["CrushJoints","WreathOfFlame"],"picked":"Consecrate","floor":6.0},{"not_picked":["MentalFortress","Halt"],"picked":"TalkToTheHand","floor":8.0},{"not_picked":["PathToVictory","SashWhip"],"picked":"Adaptation","floor":11.0},{"not_picked":["Evaluate","WaveOfTheHand"],"picked":"CutThroughFate","floor":13.0},{"not_picked":["Adaptation","Weave"],"picked":"TalkToTheHand","floor":14.0},{"not_picked":["Establishment","Wish"],"picked":"Omniscience","floor":16.0},{"not_picked":["Adaptation","FlyingSleeves","Consecrate"],"picked":"SKIP","floor":18.0},{"not_picked":["Fasting2","FollowUp","EmptyFist"],"picked":"SKIP","floor":21.0},{"not_picked":["EmptyFist","Swivel","EmptyBody"],"picked":"SKIP","floor":22.0},{"not_picked":["EmptyBody","ClearTheMind","DevaForm"],"picked":"SKIP","floor":24.0},{"not_picked":["FlyingSleeves+1","Halt"],"picked":"FlurryOfBlows","floor":28.0},{"not_picked":["Perseverance+1","CutThroughFate"],"picked":"JustLucky","floor":29.0},{"not_picked":["BowlingBash","Consecrate"],"picked":"Prostrate","floor":30},{"not_picked":["Fasting2","Establishment"],"picked":"WaveOfTheHand","floor":31}],"player_experience":301208,"relics_obtained":[{"floor":6.0,"key":"Toy Ornithopter"},{"floor":8.0,"key":"TeardropLocket"},{"floor":9.0,"key":"Whetstone"},{"floor":14.0,"key":"Anchor"},{"floor":24.0,"key":"Potion Belt"},{"floor":26.0,"key":"Vajra"},{"floor":29.0,"key":"StoneCalendar"},{"floor":31,"key":"Boot"}],"event_choices":[{"damage_healed":0.0,"max_hp_gain":0.0,"max_hp_loss":6.0,"gold_gain":0.0,"event_name":"Golden Idol","player_choice":"Lose Max HP","floor":3.0,"gold_loss":0.0,"damage_taken":0.0,"relics_obtained":["Golden Idol"]},{"damage_healed":0.0,"max_hp_gain":0.0,"max_hp_loss":0.0,"gold_gain":0.0,"event_name":"Liars Game","player_choice":"Ignored","floor":12.0,"gold_loss":0.0,"damage_taken":0.0},{"damage_healed":0.0,"max_hp_gain":0.0,"max_hp_loss":0.0,"gold_gain":0.0,"event_name":"Upgrade Shrine","player_choice":"Upgraded","floor":19.0,"gold_loss":0.0,"damage_taken":0.0,"cards_upgraded":["Omniscience"]}],"is_beta":false,"boss_relics":[{"not_picked":["Velvet Choker","SacredBark"],"picked":"Philosopher\u0027s Stone"}],"items_purged_floors":[],"is_endless":false,"potions_floor_spawned":[4,11,14,22,24,29,30],"killed_by":"Automaton","ascension_level":18}}