{"host":"k85tjwrh7mjrrc9a","time":1612286123,"event":{"mods":["AchievementEnabler","BaseMod","Colored Powertips","Highlight Path","Minty Spire (QoL Compilation)","Rare Cards Sparkle","StSLib"],"gold_per_floor":[118,130,280,297,297,297,82,93,93,93,120,45,45,60,60,132,132,144,144,144,144,159,159,171,171,171,171,3,3,3,32,32,32,32],"floor_reached":33,"language":"ENG","playtime":1248,"items_purged":["Doubt"],"score":575,"play_id":"fcf5f01a-de3a-45c6-9b7f-cc9b1cfae534","local_time":"20210202121523","is_ascension_mode":true,"campfire_choices":[{"data":"Pommel Strike","floor":6.0,"key":"SMITH"},{"data":"Armaments","floor":10.0,"key":"SMITH"},{"data":"Pommel Strike","floor":15.0,"key":"SMITH"},{"data":"Barricade","floor":23.0,"key":"SMITH"},{"floor":25.0,"key":"REST"},{"data":"True Grit","floor":27.0,"key":"SMITH"},{"data":"Body Slam","floor":32.0,"key":"SMITH"}],"circlet_count":0,"master_deck":["AscendersBane","Strike_R","Strike_R","Strike_R","Strike_R","Strike_R","Defend_R","Defend_R","Defend_R","Defend_R","Bash","Sword Boomerang","Pommel Strike+1","Thunderclap","Armaments+1","Headbutt","Ghostly Armor","Pommel Strike+1","Barricade+1","Evolve+1","True Grit+1","Metallicize","Body Slam+1"],"relics":["Burning Blood","MealTicket","Bottled Flame","Red Skull","Mummified Hand","Philosopher\u0027s Stone","Magic Flower","Bronze Scales","Ancient Tea Set"],"acts_visited":["Exordium","TheCity"],"potions_floor_usage":[33],"damage_taken":[{"damage":6.0,"enemies":"Cultist","floor":1.0,"turns":3.0},{"damage":10.0,"enemies":"2 Louse","floor":2.0,"turns":3.0},{"damage":10.0,"enemies":"Small Slimes","floor":4.0,"turns":4.0},{"damage":2.0,"enemies":"Exordium Wildlife","floor":8.0,"turns":4.0},{"damage":57.0,"enemies":"3 Sentries","floor":11.0,"turns":12.0},{"damage":3.0,"enemies":"Blue Slaver","floor":14.0,"turns":3.0},{"damage":0.0,"enemies":"Slime Boss","floor":16.0,"turns":5.0},{"damage":26.0,"enemies":"3 Byrds","floor":18.0,"turns":5.0},{"damage":41.0,"enemies":"Spheric Guardian","floor":22.0,"turns":6.0},{"damage":31.0,"enemies":"Snecko","floor":24.0,"turns":6.0},{"damage":38.0,"enemies":"Gremlin Leader","floor":31.0,"turns":7.0},{"damage":50,"enemies":"Champ","floor":33,"turns":9}],"seed_played":"7520584194649164765","potions_obtained":[{"floor":2.0,"key":"SteroidPotion"},{"floor":4.0,"key":"Energy Potion"},{"floor":14.0,"key":"PowerPotion"},{"floor":18.0,"key":"SteroidPotion"},{"floor":22.0,"key":"Fruit Juice"},{"floor":24.0,"key":"PowerPotion"}],"is_trial":false,"path_per_floor":["M","M","?","M","?","R","$","M","T","R","E","$","T","M","R","B",null,"M","$","?","?","M","R","M","R","T","R","$","?","$","E","R","B"],"character_chosen":"IRONCLAD","items_purchased":["MealTicket","Armaments","Bronze Scales"],"campfire_rested":1,"item_purchase_floors":[7,7,28],"current_hp_per_floor":[75,71,71,67,72,72,72,76,76,76,25,40,40,43,43,49,78,58,73,73,73,43,43,18,45,45,45,60,60,75,46,46,0,0],"gold":32,"neow_bonus":"TEN_PERCENT_HP_BONUS","is_daily":false,"chose_seed":false,"campfire_upgraded":6,"win_rate":0.0,"timestamp":1612286123,"path_taken":["M","?","?","M","?","R","?","M","T","R","E","$","?","M","R","BOSS","M","$","?","?","?","R","M","R","T","R","?","?","$","E","R","BOSS"],"items_purchased_type":["Relic","Card","Relic"],"build_version":"2020-12-22","purchased_purges":1,"victory":false,"max_hp_per_floor":[82,82,82,82,87,87,87,87,87,87,87,87,87,87,87,87,87,87,87,87,87,92,92,92,92,92,92,92,92,92,92,92,92,92],"card_choices":[{"not_picked":["Warcry","Reckless Charge"],"picked":"Sword Boomerang","floor":1.0},{"not_picked":["Shrug It Off","Sword Boomerang"],"picked":"Pommel Strike","floor":2.0},{"not_picked":["Juggernaut","Twin Strike"],"picked":"Thunderclap","floor":4.0},{"not_picked":["Sword Boomerang","Twin Strike"],"picked":"Headbutt","floor":8.0},{"not_picked":["Flex","Rage"],"picked":"Ghostly Armor","floor":11.0},{"not_picked":["Bloodletting","Clash"],"picked":"Pommel Strike","floor":14.0},{"not_picked":["Double Tap","Immolate"],"picked":"Barricade","floor":16.0},{"not_picked":["Heavy Blade","Fire Breathing"],"picked":"Evolve+1","floor":18.0},{"not_picked":["Thunderclap","Dropkick"],"picked":"True Grit","floor":22.0},{"not_picked":["Sword Boomerang","Heavy Blade"],"picked":"Metallicize","floor":24.0},{"not_picked":["Fiend Fire","Reaper","Evolve"],"picked":"SKIP","floor":31.0}],"player_experience":244079,"relics_obtained":[{"floor":9.0,"key":"Bottled Flame"},{"floor":11.0,"key":"Red Skull"},{"floor":13.0,"key":"Mummified Hand"},{"floor":26.0,"key":"Magic Flower"},{"floor":31.0,"key":"Ancient Tea Set"}],"event_choices":[{"damage_healed":0.0,"max_hp_gain":0.0,"max_hp_loss":0.0,"gold_gain":150.0,"event_name":"Liars Game","player_choice":"AGREE","floor":3.0,"gold_loss":0.0,"damage_taken":0.0,"cards_obtained":["Doubt"]},{"damage_healed":0.0,"max_hp_gain":5.0,"max_hp_loss":0.0,"gold_gain":0.0,"event_name":"Big Fish","player_choice":"Donut","floor":5.0,"gold_loss":0.0,"damage_taken":0.0},{"damage_healed":0.0,"max_hp_gain":0.0,"max_hp_loss":0.0,"gold_gain":0.0,"event_name":"Beggar","player_choice":"Ignored","floor":20.0,"gold_loss":0.0,"damage_taken":0.0},{"damage_healed":0.0,"max_hp_gain":0.0,"max_hp_loss":0.0,"gold_gain":0.0,"event_name":"N\u0027loth","player_choice":"Ignored","floor":21.0,"gold_loss":0.0,"damage_taken":0.0},{"damage_healed":0.0,"max_hp_gain":0.0,"max_hp_loss":0.0,"gold_gain":0.0,"event_name":"The Library","player_choice":"Read","floor":29.0,"gold_loss":0.0,"damage_taken":0.0,"cards_obtained":["Body Slam"]}],"is_beta":false,"boss_relics":[{"not_picked":["Empty Cage","Runic Cube"],"picked":"Philosopher\u0027s Stone"}],"items_purged_floors":[12],"is_endless":false,"potions_floor_spawned":[2,4,8,14,16,18,22,24],"killed_by":"Champ","ascension_level":17}}