{"host":"0luxfixkkfk9wck3","time":1612238338,"event":{"mods":["BaseMod","DeckTracker","Downfall","Highlight Path","Minty Spire (QoL Compilation)","StSLib"],"gold_per_floor":[99,119,119,132,147,147,147,161,61,79,15,15,40,52,63,167,167,167,77,177,14,24,24,24,24,55,98,123,137,37,69,82,177,177,177,197,211,486,103,103,150,167,167,201,201,3,153,170,180,180],"floor_reached":51,"language":"ENG","playtime":8982,"items_purged":["Decay","hexamod:Strike","Regret","hexamod:Strike+1"],"score":931,"play_id":"f014ef98-316c-406b-970b-a4df6c7712f4","local_time":"20210201215858","is_ascension_mode":true,"campfire_choices":[{"data":"hexamod:Sear","floor":1,"key":"SMITH"},{"data":"hexamod:DynamicBlow","floor":6,"key":"SMITH"},{"data":"hexamod:GiftsFromTheDead","floor":9,"key":"SMITH"},{"floor":12,"key":"REST"},{"floor":18,"key":"RECALL"},{"floor":23,"key":"REST"},{"data":"hexamod:SoulSteal","floor":25,"key":"SMITH"},{"data":"hexamod:GhostShield","floor":30,"key":"SMITH"},{"data":"hexamod:PhantomCloak","floor":35,"key":"SMITH"},{"data":"hexamod:NightmareGuise","floor":40,"key":"SMITH"},{"data":"hexamod:AdvancingGuard","floor":43,"key":"SMITH"}],"circlet_count":0,"master_deck":["hexamod:Strike+1","hexamod:Defend+1","hexamod:Defend+1","hexamod:Defend+1","hexamod:Sear+1","hexamod:Float+1","hexamod:AdvancingGuard+1","hexamod:DynamicBlow+1","hexamod:Hexaguard+1","hexamod:GiftsFromTheDead+1","hexamod:SoulSteal+1","hexamod:GhostLash","hexamod:SpectersWail","hexamod:SpectersWail+1","hexamod:HeatShield+1","hexamod:GhostShield+1","hexamod:SpectersWail","hexamod:Hexaguard+1","hexamod:SixthSeal","hexamod:PowerFromBeyond+1","hexamod:VolcanoVisage+1","hexamod:SpectersWail+1","hexamod:FlamesFromBeyond+1","hexamod:FlamesFromBeyond+1","hexamod:FirstSeal","hexamod:ThermalTransfer+1","hexamod:PhantomCloak+1","hexamod:NightmareGuise+1","hexamod:TimeWarp+1","hexamod:TimeOfNeed+1","hexamod:PowerFromBeyond+1","hexamod:Toasty+1","hexamod:Again+1","hexamod:SearingWound","hexamod:HeatShield","hexamod:HeatCrush+1"],"relics":["hexamod:SpiritBrand","Unceasing Top","downfall:ShatteredFragment","downfall:HeartBlessingBlue","Pantograph","bronze:MakeshiftBattery","Lizard Tail","hexamod:InflammatoryLetter","OrangePellets","hexamod:MatchstickCase","Molten Egg 2","HandDrill","Anchor","downfall:HeartBlessingRed","Art of War","Astrolabe","Mercury Hourglass","Nunchaku"],"acts_visited":["Exordium","TheCity","TheBeyond"],"potions_floor_usage":[10,16,16,20,26,28,36,44,50,50],"damage_taken":[{"damage":0,"enemies":"Cultist","floor":2,"turns":3},{"damage":0,"enemies":"Small Slimes","floor":4,"turns":3},{"damage":0,"enemies":"Jaw Worm","floor":5,"turns":3},{"damage":0,"enemies":"Exordium Thugs","floor":8,"turns":4},{"damage":11,"enemies":"Gremlin Gang","floor":10,"turns":4},{"damage":0,"enemies":"downfall:FleeingMerchant","floor":11,"turns":4},{"damage":2,"enemies":"3 Sentries","floor":13,"turns":6},{"damage":1,"enemies":"Red Slaver","floor":14,"turns":3},{"damage":5,"enemies":"Exordium Thugs","floor":15,"turns":3},{"damage":76,"enemies":"SI_SHIV_ARCHETYPE","floor":16,"turns":9},{"damage":0,"enemies":"downfall:FleeingMerchant","floor":19,"turns":4},{"damage":12,"enemies":"Colosseum Nobs","floor":20,"turns":3},{"damage":8,"enemies":"downfall:FleeingMerchant","floor":21,"turns":4},{"damage":3,"enemies":"Spheric Guardian","floor":22,"turns":4},{"damage":2,"enemies":"Slavers","floor":26,"turns":3},{"damage":0,"enemies":"downfall:FleeingMerchant","floor":27,"turns":3},{"damage":9,"enemies":"Book of Stabbing","floor":28,"turns":5},{"damage":2,"enemies":"Shell Parasite","floor":29,"turns":3},{"damage":6,"enemies":"Slavers","floor":31,"turns":3},{"damage":0,"enemies":"Centurion and Healer","floor":32,"turns":3},{"damage":26,"enemies":"DF_ARCHETYPE_CLAW","floor":33,"turns":7},{"damage":14,"enemies":"3 Shapes","floor":36,"turns":4},{"damage":0,"enemies":"Orb Walker","floor":37,"turns":3},{"damage":0,"enemies":"Maw","floor":42,"turns":6},{"damage":32,"enemies":"Reptomancer","floor":44,"turns":6},{"damage":32,"enemies":"Writhing Mass","floor":48,"turns":5},{"damage":12,"enemies":"3 Darklings","floor":49,"turns":4},{"damage":28,"enemies":"WA_ARCHETYPE_DIVINITY","floor":50,"turns":9}],"seed_played":"-8080890022377271926","potions_obtained":[{"floor":8,"key":"SneckoOil"},{"floor":10,"key":"champ:CounterPotion"},{"floor":14,"key":"ColorlessPotion"},{"floor":16,"key":"Swift Potion"},{"floor":20,"key":"BlessingOfTheForge"},{"floor":26,"key":"ColorlessPotion"},{"floor":28,"key":"Guardian:BlockOnCardUsePotion"},{"floor":37,"key":"Block Potion"},{"floor":44,"key":"FearPotion"}],"is_trial":false,"path_per_floor":["R","M","?","M","M","R","T","M","R","M","$","R","E","M","M","B",null,"R","$","?","$","M","R","T","R","E","$","E","M","R","E","M","B",null,"R","M","M","?","$","R","T","M","R","E","?","$","?","M","M","B",null],"character_chosen":"THE_SPIRIT","items_purchased":["Fire Potion","OrangePellets","HandDrill","Dexterity Potion","Mercury Hourglass","PowerPotion"],"campfire_rested":2,"item_purchase_floors":[11,21,27,27,39,46],"current_hp_per_floor":[70,70,49,49,49,49,49,49,59,48,48,72,70,69,64,4,61,61,61,49,41,38,62,62,62,60,60,58,63,63,64,64,54,74,74,67,67,67,67,67,67,74,74,49,49,49,49,24,19,23],"gold":180,"neow_bonus":"ONE_RARE_RELIC","is_daily":false,"chose_seed":false,"campfire_upgraded":8,"win_rate":0.0,"timestamp":1612238338,"path_taken":["R","M","?","M","M","R","T","M","R","M","$","R","E","M","M","BOSS","R","$","?","?","M","R","T","R","E","$","E","?","R","E","M","BOSS","R","M","M","?","$","R","T","M","R","E","?","?","?","M","M","BOSS"],"items_purchased_type":["Potion","Relic","Relic","Potion","Relic","Potion"],"build_version":"2020-12-22","purchased_purges":4,"victory":true,"max_hp_per_floor":[70,70,70,70,70,70,70,70,80,80,80,80,80,80,80,80,80,80,80,80,80,80,80,80,80,80,80,80,80,80,80,80,80,80,80,80,80,80,80,80,80,80,80,80,80,80,80,80,80,80],"card_choices":[{"not_picked":["hexamod:RecurringNightmare","hexamod:NightmareStrike"],"picked":"hexamod:AdvancingGuard","floor":2},{"not_picked":["hexamod:RecurringNightmare","hexamod:SpectersWail"],"picked":"hexamod:ThirdSeal","floor":4},{"not_picked":["hexamod:NightmareGuise","hexamod:Again"],"picked":"hexamod:DynamicBlow","floor":5},{"not_picked":["hexamod:NightmareStrike","hexamod:Firestarter","hexamod:Hexaguard"],"picked":"SKIP","floor":5},{"not_picked":["hexamod:ShieldOfDarkness","hexamod:BurningTouch"],"picked":"hexamod:Hexaguard","floor":8},{"not_picked":["hexamod:GhostOfSpirePast","hexamod:BurningTouch"],"picked":"hexamod:GiftsFromTheDead","floor":8},{"not_picked":["hexamod:HauntingEcho","hexamod:Rewind","hexamod:AdvancingGuard"],"picked":"SKIP","floor":10},{"not_picked":["hexamod:InspiringFlames","hexamod:Firestarter"],"picked":"hexamod:SoulSteal","floor":11},{"not_picked":["hexamod:RadiantFlame","hexamod:FourthSeal"],"picked":"hexamod:GhostLash","floor":11},{"not_picked":["hexamod:BacktrackSmack","hexamod:EmpoweredFlame"],"picked":"hexamod:SpectersWail","floor":13},{"not_picked":["hexamod:SuperheatedStrike","hexamod:FirstSeal"],"picked":"hexamod:SpectersWail","floor":13},{"not_picked":["hexamod:SkipABeat","hexamod:HauntingEcho"],"picked":"hexamod:HeatShield","floor":14},{"not_picked":["hexamod:TimeOfNeed","hexamod:Firestarter"],"picked":"hexamod:GhostShield","floor":14},{"not_picked":["hexamod:SpectralSpark","hexamod:ShieldOfDarkness"],"picked":"hexamod:SpectersWail","floor":15},{"not_picked":["hexamod:StepThrough","hexamod:ThirdSeal"],"picked":"hexamod:Hexaguard","floor":15},{"not_picked":["hexamod:WildfireWeapon","hexamod:GiftsFromTheDead"],"picked":"hexamod:SixthSeal","floor":16},{"not_picked":["hexamod:SkipABeat","hexamod:Hexaguard+1"],"picked":"hexamod:PowerFromBeyond+1","floor":19},{"not_picked":["hexamod:ThermalTransfer","hexamod:RainOfEmbers","hexamod:Incineration"],"picked":"SKIP","floor":19},{"not_picked":["hexamod:Firestarter","hexamod:SuperheatedStrike"],"picked":"hexamod:VolcanoVisage","floor":20},{"not_picked":["hexamod:Firestarter","hexamod:SuperheatedStrike"],"picked":"hexamod:SpectersWail+1","floor":20},{"not_picked":["hexamod:RadiantFlame","hexamod:ShieldOfDarkness"],"picked":"hexamod:FlamesFromBeyond+1","floor":21},{"not_picked":["hexamod:AdvancingGuard","hexamod:GhostOfSpirePresent"],"picked":"hexamod:FlamesFromBeyond+1","floor":21},{"not_picked":["hexamod:GhostflameBarrier","hexamod:SpectralSpark"],"picked":"hexamod:FirstSeal","floor":22},{"not_picked":["hexamod:HauntingEcho","hexamod:SpectralSpark","hexamod:GhostOfSpirePast"],"picked":"SKIP","floor":22},{"not_picked":["hexamod:FourthSeal","hexamod:ShieldOfDarkness"],"picked":"hexamod:ThermalTransfer+1","floor":26},{"not_picked":["hexamod:SoulSteal+1","hexamod:SuperheatedStrike+1","hexamod:ShieldOfDarkness"],"picked":"SKIP","floor":27},{"not_picked":["hexamod:HeatMetal+1","hexamod:BacktrackSmack+1","hexamod:FlamesFromBeyond"],"picked":"SKIP","floor":28},{"not_picked":["hexamod:Toasty+1","hexamod:ThirdSeal","hexamod:NightmareGuise"],"picked":"SKIP","floor":28},{"not_picked":["hexamod:GhostLash+1","hexamod:BacktrackSmack+1","hexamod:PhantomFireball+1"],"picked":"SKIP","floor":29},{"not_picked":["hexamod:SpectralSpark","hexamod:GhostOfSpirePast"],"picked":"hexamod:PhantomCloak","floor":31},{"not_picked":["hexamod:HauntingEcho+1","hexamod:SixthSeal"],"picked":"hexamod:NightmareGuise","floor":32},{"not_picked":["hexamod:ThirdSeal","hexamod:SpectralSpark","hexamod:GhostLash+1"],"picked":"SKIP","floor":32},{"not_picked":["hexamod:ApocalypseNow","hexamod:TimeOfNeed"],"picked":"hexamod:TimeWarp+1","floor":33},{"not_picked":["hexamod:FlameSwitch","hexamod:ApocalypseNow"],"picked":"hexamod:TimeOfNeed","floor":33},{"not_picked":["hexamod:EtherealExpedition","hexamod:SuperheatedStrike+1","hexamod:SpectersWail+1"],"picked":"SKIP","floor":36},{"not_picked":["hexamod:FourthSeal","hexamod:BurningTouch+1","hexamod:InspiringFlames"],"picked":"SKIP","floor":37},{"not_picked":["hexamod:InspiringFlames","hexamod:SwordOfDarkness+1","hexamod:GhostLash+1"],"picked":"SKIP","floor":42},{"not_picked":["hexamod:SpectersWail+1","hexamod:HeatShield"],"picked":"hexamod:SearingWound","floor":44},{"not_picked":["hexamod:InspiringFlames+1","hexamod:GhostOfSpireFuture+1"],"picked":"hexamod:HeatShield","floor":48},{"not_picked":["hexamod:NightmareStrike+1","hexamod:FlamesFromBeyond+1"],"picked":"hexamod:HeatCrush+1","floor":49}],"player_experience":11465871,"relics_obtained":[{"floor":13,"key":"Pantograph"},{"floor":20,"key":"Lizard Tail"},{"floor":20,"key":"hexamod:InflammatoryLetter"},{"floor":24,"key":"hexamod:MatchstickCase"},{"floor":26,"key":"Molten Egg 2"},{"floor":28,"key":"Anchor"},{"floor":31,"key":"Art of War"},{"floor":41,"key":"Nunchaku"},{"floor":44,"key":"Juzu Bracelet"}],"event_choices":[],"is_beta":false,"boss_relics":[{"not_picked":["Velvet Choker","Pandora\u0027s Box"],"picked":"bronze:MakeshiftBattery"},{"not_picked":["Philosopher\u0027s Stone","Tiny House"],"picked":"Astrolabe"}],"items_purged_floors":[19,27,39,46],"is_endless":false,"potions_floor_spawned":[8,10,14,16,20,26,28,31,37,42,44],"ascension_level":5}}