{"host":"xrk7zhg70ipmpx3n","time":1612234580,"event":{"mods":["BaseMod","Colored Map","Downfall","Highlight Path","Minty Spire (QoL Compilation)","StSLib"],"gold_per_floor":[118,118,82,82,101,133,149,175,175,191,191,7,27,54,54,54,54],"floor_reached":16,"language":"ENG","playtime":1100,"items_purged":[],"score":120,"play_id":"43766124-5be4-4108-9ea9-21b5375e5435","local_time":"20210202125620","is_ascension_mode":false,"campfire_choices":[{"floor":15,"key":"REST"}],"circlet_count":0,"master_deck":["Strike_B+1","Strike_B","Strike_B","Strike_B","Defend_B","Defend_B","Defend_B+1","Defend_B","Zap","Dualcast","Cold Snap","FTL","Genetic Algorithm","Blizzard","Ball Lightning","Auto Shields","Skim","Leap","Go for the Eyes","Coolheaded"],"relics":["Cracked Core","Ancient Tea Set","Ornamental Fan","Lantern","Membership Card","Strawberry"],"acts_visited":["Exordium"],"potions_floor_usage":[14,14,14,16],"damage_taken":[{"damage":3,"enemies":"Jaw Worm","floor":1,"turns":3},{"damage":0,"enemies":"Cultist","floor":5,"turns":3},{"damage":19,"enemies":"Gremlin Nob","floor":6,"turns":4},{"damage":11,"enemies":"2 Louse","floor":7,"turns":2},{"damage":13,"enemies":"3 Sentries","floor":8,"turns":6},{"damage":1,"enemies":"Looter","floor":10,"turns":3},{"damage":8,"enemies":"Exordium Wildlife","floor":13,"turns":4},{"damage":7,"enemies":"Lagavulin","floor":14,"turns":6},{"damage":39,"enemies":"The Guardian","floor":16,"turns":5}],"seed_played":"3441865403367847494","potions_obtained":[{"floor":1,"key":"Swift Potion"},{"floor":4,"key":"Guardian:BlockOnCardUsePotion"},{"floor":4,"key":"Explosive Potion"},{"floor":4,"key":"EssenceOfSteel"},{"floor":14,"key":"FearPotion"}],"is_trial":false,"path_per_floor":["M","?","$","?","M","E","M","E","T","M","?","$","M","E","R","B"],"character_chosen":"DEFECT","items_purchased":["FTL","Membership Card","Leap"],"campfire_rested":1,"item_purchase_floors":[3,12,12],"current_hp_per_floor":[79,63,63,63,63,44,33,20,20,19,19,19,11,11,37,0,0],"gold":54,"neow_bonus":"TEN_PERCENT_HP_BONUS","is_daily":false,"chose_seed":false,"campfire_upgraded":0,"win_rate":0.0,"timestamp":1612234580,"path_taken":["M","?","$","?","?","E","M","E","T","M","?","$","M","E","R","BOSS"],"items_purchased_type":["Card","Relic","Card"],"build_version":"2020-12-22","purchased_purges":0,"victory":false,"max_hp_per_floor":[82,82,82,82,82,82,82,82,82,82,82,82,82,89,89,89,89],"card_choices":[{"not_picked":["Steam Power","Coolheaded"],"picked":"Cold Snap","floor":1},{"not_picked":["Compile Driver","Steam"],"picked":"Genetic Algorithm","floor":5},{"not_picked":["Rainbow","Loop"],"picked":"Blizzard","floor":6},{"not_picked":["Barrage","Go for the Eyes"],"picked":"Ball Lightning","floor":7},{"not_picked":["Beam Cell","Self Repair"],"picked":"Auto Shields","floor":8},{"not_picked":["Conserve Battery","Creative AI"],"picked":"Skim","floor":10},{"not_picked":["Rip and Tear","Ball Lightning"],"picked":"Go for the Eyes","floor":13},{"not_picked":["Leap","Conserve Battery"],"picked":"Coolheaded","floor":14}],"player_experience":11603,"relics_obtained":[{"floor":6,"key":"Ancient Tea Set"},{"floor":8,"key":"Ornamental Fan"},{"floor":9,"key":"Lantern"},{"floor":14,"key":"Strawberry"}],"event_choices":[{"damage_healed":0,"gold_gain":0,"player_choice":"Entered Light","damage_taken":16,"max_hp_gain":0,"max_hp_loss":0,"event_name":"Shining Light","floor":2,"gold_loss":0,"cards_upgraded":["Strike_B","Defend_B"]},{"damage_healed":0,"gold_gain":0,"player_choice":"Got Potions","damage_taken":0,"max_hp_gain":0,"max_hp_loss":0,"event_name":"Lab","floor":4,"gold_loss":0},{"damage_healed":0,"gold_gain":0,"player_choice":"Ignored","damage_taken":0,"max_hp_gain":0,"max_hp_loss":0,"event_name":"Golden Wing","floor":11,"gold_loss":0}],"is_beta":false,"boss_relics":[],"items_purged_floors":[],"is_endless":false,"potions_floor_spawned":[1,8,13,14],"killed_by":"The Guardian","ascension_level":0}}