{"host":"2se5dq1do2gp0x9k","time":1612234476,"event":{"mods":["AchievementEnabler","BaseMod","Block Reminder","Colored Map","Colored Powertips","Minty Spire (QoL Compilation)","Relic Stats","StSLib","SuperFastMode"],"gold_per_floor":[119,138,108,126,138,138,180,180,207,257,257,108,108,137,137,214,277,297,297],"floor_reached":18,"language":"ENG","playtime":1414,"items_purged":["Defend_P"],"score":304,"play_id":"021bce19-436a-42c5-b050-7cef654e437f","local_time":"20210201185436","is_ascension_mode":true,"campfire_choices":[{"data":"CrushJoints","floor":6,"key":"SMITH"},{"data":"Eruption","floor":8,"key":"SMITH"},{"data":"Consecrate","floor":11,"key":"SMITH"},{"data":"BattleHymn","floor":13,"key":"SMITH"},{"data":"SashWhip","floor":15,"key":"SMITH"}],"circlet_count":0,"master_deck":["AscendersBane","Eruption+1","Vigilance","Finesse","SashWhip+1","Consecrate+1","Protect","CrushJoints+1","FollowUp","BattleHymn+1","ReachHeaven","Weave","Vault","Prostrate","Alpha","Alpha","FollowUp","Tantrum"],"relics":["PureWater","CeramicFish","Regal Pillow","Odd Mushroom","Pandora\u0027s Box"],"acts_visited":["Exordium","TheCity"],"potions_floor_usage":[14,16,16],"damage_taken":[{"damage":7,"enemies":"Small Slimes","floor":1,"turns":4},{"damage":3,"enemies":"Cultist","floor":2,"turns":4},{"damage":0,"enemies":"Jaw Worm","floor":4,"turns":3},{"damage":0,"enemies":"Exordium Wildlife","floor":5,"turns":2},{"damage":10,"enemies":"Gremlin Nob","floor":7,"turns":3},{"damage":0,"enemies":"The Mushroom Lair","floor":14,"turns":3},{"damage":36,"enemies":"Hexaghost","floor":16,"turns":5},{"damage":10,"enemies":"Chosen","floor":18,"turns":3}],"seed_played":"-6851027957225507883","potions_obtained":[{"floor":1,"key":"SkillPotion"},{"floor":2,"key":"Strength Potion"},{"floor":7,"key":"EntropicBrew"}],"is_trial":false,"path_per_floor":["M","M","$","M","M","R","E","R","T","?","R","$","R","?","R","B",null,"M"],"character_chosen":"WATCHER","items_purchased":["Protect","BattleHymn"],"campfire_rested":0,"item_purchase_floors":[3,12],"current_hp_per_floor":[54,51,51,51,51,51,41,41,41,41,41,41,41,41,41,5,52,42,42],"gold":297,"neow_bonus":"RANDOM_COLORLESS","is_daily":false,"chose_seed":false,"campfire_upgraded":5,"win_rate":0.0,"timestamp":1612234476,"path_taken":["M","M","$","M","M","R","E","R","T","?","R","?","R","?","R","BOSS","M"],"items_purchased_type":["Card","Card"],"build_version":"2020-12-22","purchased_purges":1,"victory":false,"max_hp_per_floor":[68,68,68,68,68,68,68,68,68,68,68,68,68,68,68,68,68,68,68],"relic_stats":{"Regal Pillow":0,"counters":[8,27],"CeramicFish":90,"Pandora\u0027s Box":["Weave","Vault","Prostrate","Alpha","Alpha","FollowUp","Tantrum"],"obtain_stats":[{"Regal Pillow":9,"CeramicFish":7,"Pandora\u0027s Box":17,"PureWater":0,"Odd Mushroom":14},{"Regal Pillow":5,"CeramicFish":5,"Pandora\u0027s Box":7,"PureWater":0,"Odd Mushroom":6},{"Regal Pillow":16,"CeramicFish":16,"Pandora\u0027s Box":24,"PureWater":0,"Odd Mushroom":19}]},"card_choices":[{"not_picked":["Dark Shackles","Madness"],"picked":"Finesse","floor":0},{"not_picked":["Worship","PathToVictory"],"picked":"SashWhip","floor":1},{"not_picked":["Indignation","EmptyFist"],"picked":"Consecrate","floor":2},{"not_picked":["BowlingBash","Prostrate","Protect"],"picked":"SKIP","floor":4},{"not_picked":["EmptyBody","BowlingBash"],"picked":"CrushJoints","floor":5},{"not_picked":["Brilliance","Weave"],"picked":"FollowUp","floor":7},{"not_picked":["FlyingSleeves","Halt"],"picked":"ReachHeaven","floor":14}],"player_experience":4044990,"relics_obtained":[{"floor":7,"key":"CeramicFish"},{"floor":9,"key":"Regal Pillow"},{"floor":14,"key":"Odd Mushroom"}],"event_choices":[{"damage_healed":0,"gold_gain":50,"player_choice":"Pray","damage_taken":0,"max_hp_gain":0,"max_hp_loss":0,"event_name":"Golden Shrine","floor":10,"gold_loss":0},{"damage_healed":0,"gold_gain":0,"player_choice":"Fought Mushrooms","damage_taken":0,"max_hp_gain":0,"max_hp_loss":0,"event_name":"Mushrooms","floor":14,"gold_loss":0}],"is_beta":false,"boss_relics":[{"not_picked":["Fusion Hammer","Ectoplasm"],"picked":"Pandora\u0027s Box"}],"items_purged_floors":[12],"is_endless":false,"potions_floor_spawned":[1,2,7],"killed_by":"Chosen","ascension_level":18}}