{"host":"t9q14bihfoo75lsb","time":1612254135,"event":{"mods":["100% Spire Juice","Act Like it!","Arknights","BaseMod","Elementarium","Hermit","Koishi","Minty Spire (QoL Compilation)","Prisma Mod","Shop Mod","Spicy Shops","StSLib","The Cursed","The Dragon Tamer","The Hierophant","The Runesmith"],"gold_per_floor":[115,135,146,146,157,157,192,203,203,219,86,86,86,97,97,200,200,215,215,233,247,247,295,295,295,366,366,398,426,426,458,458,554,554,564,564,577,174,174,232,250,315,315,11,26,70,70,85,85,85,85,85,14,78,78,78],"floor_reached":55,"language":"KOR","playtime":2822,"items_purged":["Decay"],"score":912,"play_id":"9be4a23f-de99-4490-9fb0-fd70a201b2aa","local_time":"20210202172215","is_ascension_mode":false,"campfire_choices":[{"data":"PrismaMod:IllyaBerserCAR","floor":6,"key":"SMITH"},{"data":"PrismaMod:IllyaCheapChannelAttack","floor":12,"key":"SMITH"},{"floor":15,"key":"RECALL"},{"data":"PrismaMod:IllyaGrail","floor":25,"key":"SMITH"},{"data":"PrismaMod:IllyaUncommonDefend","floor":27,"key":"SMITH"},{"data":"PrismaMod:IllyaCarnivalPrismaAstolfo","floor":32,"key":"SMITH"},{"data":"PrismaMod:IllyaCommandSeal","floor":49,"key":"SMITH"},{"data":"PrismaMod:IllyaRapidFire","floor":52,"key":"SMITH"}],"circlet_count":0,"master_deck":["PrismaMod:IllyaCommonAttack","PrismaMod:IllyaCommonDefend","PrismaMod:IllyaCommonAttack","PrismaMod:IllyaCommonDefend","PrismaMod:IllyaCommonAttack","PrismaMod:IllyaCommonDefend+1","PrismaMod:IllyaCommonAttack","PrismaMod:IllyaCommonDefend","PrismaMod:IllyaCommonAttack","PrismaMod:IllyaCommonDefend","PrismaMod:IllyaUncommonAttack","PrismaMod:IllyaUncommonDefend+1","PrismaMod:IllyaBerserCAR+1","PrismaMod:IllyaRapidFire+1","PrismaMod:IllyaUncommonAOEAttack","PrismaMod:IllyaGrail+1","PrismaMod:IllyaCheapChannelDefend+1","PrismaMod:IllyaUncommonAOEAttack","PrismaMod:IllyaInstallAssassin","PrismaMod:IllyaCheapChannelAttack+1","PrismaMod:IllyaCommandSeal+1","PrismaMod:IllyaCarnivalPrismaAstolfo+1","PrismaMod:IllyaMinorReinForce","PrismaMod:IllyaCommandSeal+1","PrismaMod:IllyaMinorRapidFire+1","PrismaMod:IllyaDetonatingBlow+1","PrismaMod:IllyaCarnivalOrbs","PrismaMod:IllyaPartialInstallAssassin+1","PrismaMod:IllyaCheapChannelAttack+1","Madness","Madness","PrismaMod:IllyaPoisonBomb+1","PrismaMod:IllyaStunPoison+1","Sadistic Nature","Impatience+1","Violence","PrismaMod:IllyaCheapAttack+1","PrismaMod:IllyaSaphire+1","PrismaMod:IllyaCommonEvoke+1","PrismaMod:IllyaMaid+1","PrismaMod:IllyaPoisonTippedWeapons+1","PrismaMod:IllyaCommonEvoke+1","Flash of Steel+1","PrismaMod:IllyaPoisonTippedWeapons","PrismaMod:IllyaTestament+1"],"relics":["PrismaMod:PrismaRuby","NeowsBlessing","MealTicket","Bottled Lightning","Runesmith:AutoHammer","Black Star","Molten Egg 2","Prayer Wheel","Gremlin Horn","Matryoshka","Centennial Puzzle","Mango","Red Mask","MutagenicStrength","Vajra","Omamori","Coffee Dripper","Membership Card","Mercury Hourglass","HandDrill","InkBottle","Boot","Bronze Scales","Lantern","White Beast Statue","Nunchaku","Mummified Hand","Runesmith:Nanobots","Sundial","Oddly Smooth Stone","War Paint","Runesmith:Locket","TheAbacus","ClockworkSouvenir","Happy Flower","Pen Nib","Bag of Preparation"],"acts_visited":["Exordium","TheCity","TheBeyond","TheEnding"],"potions_floor_usage":[23,28,33,45,46,50,55],"damage_taken":[{"damage":0,"enemies":"Cultist","floor":1,"turns":1},{"damage":0,"enemies":"Small Slimes","floor":2,"turns":1},{"damage":0,"enemies":"2 Louse","floor":3,"turns":1},{"damage":1,"enemies":"Blue Slaver","floor":5,"turns":4},{"damage":18,"enemies":"Lagavulin","floor":7,"turns":10},{"damage":13,"enemies":"2 Fungi Beasts","floor":8,"turns":3},{"damage":2,"enemies":"Large Slime","floor":10,"turns":5},{"damage":0,"enemies":"3 Louse","floor":14,"turns":4},{"damage":8,"enemies":"Slime Boss","floor":16,"turns":10},{"damage":1,"enemies":"Shell Parasite","floor":18,"turns":6},{"damage":1,"enemies":"2 Thieves","floor":20,"turns":5},{"damage":8,"enemies":"Snake Plant","floor":21,"turns":5},{"damage":0,"enemies":"Book of Stabbing","floor":23,"turns":6},{"damage":22,"enemies":"Slavers","floor":28,"turns":6},{"damage":0,"enemies":"Masked Bandits","floor":29,"turns":5},{"damage":1,"enemies":"Book of Stabbing","floor":31,"turns":7},{"damage":44,"enemies":"Collector","floor":33,"turns":9},{"damage":12,"enemies":"3 Shapes","floor":35,"turns":3},{"damage":0,"enemies":"Orb Walker","floor":37,"turns":4},{"damage":17,"enemies":"Giant Head","floor":40,"turns":8},{"damage":3,"enemies":"Writhing Mass","floor":41,"turns":4},{"damage":3,"enemies":"Nemesis","floor":42,"turns":5},{"damage":1,"enemies":"Spire Growth","floor":45,"turns":4},{"damage":7,"enemies":"Sphere and 2 Shapes","floor":46,"turns":3},{"damage":7,"enemies":"4 Shapes","floor":48,"turns":2},{"damage":32,"enemies":"Awakened One","floor":50,"turns":8},{"damage":24,"enemies":"Shield and Spear","floor":54,"turns":4},{"damage":92,"enemies":"The Heart","floor":55,"turns":3}],"seed_played":"6165747112593527832","potions_obtained":[{"floor":3,"key":"Swift Potion"},{"floor":5,"key":"GamblersBrew"},{"floor":8,"key":"Strength Potion"},{"floor":20,"key":"CultistPotion"},{"floor":21,"key":"DistilledChaos"},{"floor":29,"key":"Strength Potion"},{"floor":35,"key":"SpeedPotion"},{"floor":40,"key":"ColorlessPotion"},{"floor":45,"key":"SkillPotion"},{"floor":46,"key":"Explosive Potion"},{"floor":48,"key":"EssenceOfSteel"},{"floor":54,"key":"DistilledChaos"}],"is_trial":false,"path_per_floor":["M","M","M","?","M","R","E","M","T","M","$","R","?","M","R","B",null,"M","?","M","M","?","E","T","R","T","R","E","?","?","E","R","B",null,"M","?","M","$","?","E","M","E","T","$","M","M","?","M","R","B",null,"R","$","E","B"],"character_chosen":"ILLYA","items_purchased":["Runesmith:AutoHammer","PrismaMod:IllyaInstallAssassin","PrismaMod:IllyaCheapChannelAttack","Membership Card","Mercury Hourglass","HandDrill","InkBottle","Mummified Hand","Runesmith:Nanobots","Sundial","War Paint","Runesmith:Locket","TheAbacus","ClockworkSouvenir","Happy Flower","Flash of Steel+1","PrismaMod:IllyaPoisonTippedWeapons"],"campfire_rested":0,"item_purchase_floors":[11,11,11,38,38,38,38,44,44,44,53,53,53,53,53,53,53],"current_hp_per_floor":[75,75,75,75,74,74,56,43,43,41,56,56,56,56,56,51,75,76,76,77,69,69,72,72,72,72,72,71,81,81,88,88,55,98,89,76,84,99,89,80,85,90,90,101,100,94,94,92,92,65,101,101,101,87,0,0],"gold":78,"neow_bonus":"THREE_ENEMY_KILL","is_daily":false,"chose_seed":false,"campfire_upgraded":7,"win_rate":0.0,"timestamp":1612254135,"path_taken":["M","M","?","?","M","R","E","M","T","M","$","R","?","M","R","BOSS","M","?","M","M","?","E","?","R","T","R","E","?","?","E","R","BOSS","M","?","M","$","?","E","M","E","T","?","M","?","?","?","R","BOSS","R","$","E","BOSS"],"items_purchased_type":["Relic","Card","Card","Relic","Relic","Relic","Relic","Relic","Relic","Relic","Relic","Relic","Relic","Relic","Relic","Card","Card"],"build_version":"2020-12-22","purchased_purges":1,"victory":false,"max_hp_per_floor":[75,75,75,75,75,75,75,75,75,75,75,75,75,75,75,75,75,77,77,77,77,77,77,77,77,77,77,93,95,95,95,95,98,98,101,101,101,101,101,101,101,101,101,101,101,101,101,101,101,101,101,101,101,101,101,101],"card_choices":[{"not_picked":["PrismaMod:IllyaPartialInstallAssassin","PrismaMod:IllyaFriendMaker"],"picked":"PrismaMod:IllyaBerserCAR","floor":1},{"not_picked":["PrismaMod:IllyaHassanGift","PrismaMod:IllyaMinorRapidFire"],"picked":"PrismaMod:IllyaRapidFire","floor":2},{"not_picked":["PrismaMod:IllyaPoisonBomb","PrismaMod:IllyaPoisoningPhantasm"],"picked":"PrismaMod:IllyaUncommonAOEAttack","floor":3},{"not_picked":["PrismaMod:IllyaGun","PrismaMod:IllyaEvokeAll","PrismaMod:IllyaMinorZwei"],"picked":"SKIP","floor":5},{"not_picked":["PrismaMod:IllyaPoisoningPhantasm","PrismaMod:IllyaMinorReinForce"],"picked":"PrismaMod:IllyaGrail","floor":7},{"not_picked":["PrismaMod:IllyaBlindPoisonToss","PrismaMod:IllyaTestament"],"picked":"PrismaMod:IllyaCheapChannelDefend","floor":8},{"not_picked":["PrismaMod:IllyaGrailKun","PrismaMod:IllyaRapidFire"],"picked":"PrismaMod:IllyaUncommonAOEAttack","floor":10},{"not_picked":["PrismaMod:IllyaCheapChannelPoison","PrismaMod:IllyaBerserCAR"],"picked":"PrismaMod:IllyaCommandSeal","floor":14},{"not_picked":["PrismaMod:IllyaUberDefendChannel","PrismaMod:IllyaInstallBerserker"],"picked":"PrismaMod:IllyaCarnivalPrismaAstolfo","floor":16},{"not_picked":["PrismaMod:IllyaRussianRoulette","PrismaMod:IllyaPartialInstallAssassin"],"picked":"PrismaMod:IllyaMinorReinForce","floor":18},{"not_picked":["PrismaMod:IllyaBlindPoisonToss","PrismaMod:IllyaEvokeAll","PrismaMod:IllyaPoisonBlock"],"picked":"SKIP","floor":20},{"not_picked":["PrismaMod:IllyaPoisoningPhantasm","PrismaMod:IllyaDetonatingBlow"],"picked":"PrismaMod:IllyaCommandSeal+1","floor":21},{"not_picked":["PrismaMod:IllyaBlindPoisonToss+1","PrismaMod:IllyaUpgradeOrbs","PrismaMod:IllyaInstallAvenger"],"picked":"SKIP","floor":23},{"not_picked":["PrismaMod:IllyaPoisonBomb+1","PrismaMod:IllyaCheapChannelPoison"],"picked":"PrismaMod:IllyaMinorRapidFire+1","floor":28},{"not_picked":["PrismaMod:IllyaEvokeAll+1","PrismaMod:IllyaUpgradeOrbs"],"picked":"PrismaMod:IllyaDetonatingBlow+1","floor":29},{"not_picked":["PrismaMod:IllyaMaid","PrismaMod:IllyaSaphire","PrismaMod:IllyaUncommonDefend"],"picked":"SKIP","floor":31},{"not_picked":["PrismaMod:IllyaInstallRider","PrismaMod:IllyaCarnivalDefend"],"picked":"PrismaMod:IllyaCarnivalOrbs","floor":33},{"not_picked":["PrismaMod:IllyaCheapChannelDefend+1","PrismaMod:IllyaMinorReinForce+1"],"picked":"PrismaMod:IllyaPartialInstallAssassin+1","floor":35},{"not_picked":["PrismaMod:IllyaDetonatingBlow+1","PrismaMod:IllyaReinForce+1"],"picked":"PrismaMod:IllyaCheapChannelAttack+1","floor":35},{"not_picked":["PrismaMod:IllyaDetonatingBlow+1","PrismaMod:IllyaFriendMaker+1"],"picked":"PrismaMod:IllyaPoisonBomb+1","floor":37},{"not_picked":["PrismaMod:IllyaAOECommonAttack+1","PrismaMod:IllyaCheapChannelPoison"],"picked":"PrismaMod:IllyaStunPoison+1","floor":37},{"not_picked":["Good Instincts","Dark Shackles"],"picked":"Sadistic Nature","floor":39},{"not_picked":["Trip","HandOfGreed+1"],"picked":"Impatience","floor":39},{"not_picked":["Purity","Enlightenment"],"picked":"Violence","floor":39},{"not_picked":["PrismaMod:IllyaPoisonTippedWeapons","PrismaMod:IllyaCheapChannelDefend"],"picked":"PrismaMod:IllyaCheapAttack+1","floor":40},{"not_picked":["PrismaMod:IllyaCheapChannelPoison","PrismaMod:IllyaAOECommonAttack+1","PrismaMod:IllyaUncommonAttack+1"],"picked":"SKIP","floor":41},{"not_picked":["PrismaMod:IllyaPoisoningPhantasm+1","PrismaMod:IllyaBlindPoisonToss+1","PrismaMod:IllyaBride"],"picked":"SKIP","floor":41},{"not_picked":["PrismaMod:IllyaPoisonBomb+1","PrismaMod:IllyaMinorZwei","PrismaMod:IllyaAssassinRevenge"],"picked":"SKIP","floor":42},{"not_picked":["PrismaMod:IllyaBlindPoisonToss+1","PrismaMod:IllyaHassanGift+1"],"picked":"PrismaMod:IllyaSaphire+1","floor":45},{"not_picked":["PrismaMod:IllyaCheapDefend","PrismaMod:IllyaRapidFire+1"],"picked":"PrismaMod:IllyaCommonEvoke+1","floor":45},{"not_picked":["PrismaMod:IllyaCommandSeal+1","PrismaMod:IllyaAOECommonAttack+1"],"picked":"PrismaMod:IllyaMaid+1","floor":46},{"not_picked":["PrismaMod:IllyaRussianRoulette","PrismaMod:IllyaCheapChannelDefend"],"picked":"PrismaMod:IllyaPoisonTippedWeapons+1","floor":46},{"not_picked":["PrismaMod:IllyaInstallForeigner","PrismaMod:IllyaMinorReinForce+1"],"picked":"PrismaMod:IllyaCommonEvoke+1","floor":48},{"not_picked":["PrismaMod:IllyaRussianRoulette","PrismaMod:IllyaAssassinRevenge","PrismaMod:IllyaBlindPoisonToss+1"],"picked":"SKIP","floor":48},{"not_picked":["PrismaMod:IllyaBoysLove+1","PrismaMod:IllyaCarnivalAttack+1"],"picked":"PrismaMod:IllyaTestament+1","floor":54}],"player_experience":506473,"relics_obtained":[{"floor":7,"key":"MealTicket"},{"floor":9,"key":"Bottled Lightning"},{"floor":23,"key":"Molten Egg 2"},{"floor":23,"key":"Prayer Wheel"},{"floor":24,"key":"Gremlin Horn"},{"floor":26,"key":"Matryoshka"},{"floor":28,"key":"Centennial Puzzle"},{"floor":28,"key":"Mango"},{"floor":29,"key":"Red Mask"},{"floor":31,"key":"Vajra"},{"floor":31,"key":"Omamori"},{"floor":40,"key":"Boot"},{"floor":40,"key":"Bronze Scales"},{"floor":42,"key":"Lantern"},{"floor":42,"key":"White Beast Statue"},{"floor":43,"key":"Nunchaku"},{"floor":54,"key":"Pen Nib"},{"floor":54,"key":"Bag of Preparation"}],"event_choices":[{"damage_healed":0,"gold_gain":0,"player_choice":"Leave","damage_taken":0,"max_hp_gain":0,"max_hp_loss":0,"event_name":"The Cleric","floor":4,"gold_loss":0},{"damage_healed":0,"gold_gain":0,"player_choice":"Grow","damage_taken":0,"max_hp_gain":0,"max_hp_loss":0,"event_name":"Living Wall","floor":13,"gold_loss":0,"cards_upgraded":["PrismaMod:IllyaCheapChannelDefend"]},{"damage_healed":0,"gold_gain":0,"player_choice":"Ignored","damage_taken":0,"max_hp_gain":0,"max_hp_loss":0,"event_name":"Beggar","floor":19,"gold_loss":0},{"damage_healed":0,"gold_gain":0,"player_choice":"Ignored","damage_taken":0,"max_hp_gain":0,"max_hp_loss":0,"event_name":"Ghosts","floor":22,"gold_loss":0},{"damage_healed":0,"gold_gain":0,"player_choice":"Fought Bandits","damage_taken":0,"max_hp_gain":0,"max_hp_loss":0,"event_name":"Masked Bandits","floor":29,"gold_loss":0},{"damage_healed":0,"gold_gain":0,"player_choice":"Inject Mutagens","damage_taken":0,"relics_obtained":["MutagenicStrength"],"max_hp_gain":0,"max_hp_loss":0,"event_name":"Drug Dealer","floor":30,"gold_loss":0},{"damage_healed":0,"gold_gain":0,"player_choice":"Embrace Madness","damage_taken":13,"max_hp_gain":0,"max_hp_loss":0,"event_name":"Winding Halls","floor":36,"gold_loss":0,"cards_obtained":["Madness","Madness"]},{"damage_healed":0,"gold_gain":0,"player_choice":"Memory 3","damage_taken":10,"max_hp_gain":0,"max_hp_loss":0,"event_name":"SensoryStone","floor":39,"gold_loss":0},{"damage_healed":0,"gold_gain":0,"player_choice":"Gave Potion","damage_taken":0,"relics_obtained":["Oddly Smooth Stone"],"max_hp_gain":0,"max_hp_loss":0,"event_name":"WeMeetAgain","floor":47,"gold_loss":0}],"is_beta":false,"boss_relics":[{"not_picked":["Velvet Choker","Cursed Key"],"picked":"Black Star"},{"not_picked":["Philosopher\u0027s Stone","Busted Crown"],"picked":"Coffee Dripper"}],"items_purged_floors":[53],"is_endless":false,"potions_floor_spawned":[3,5,8,14,16,18,20,21,29,35,40,45,46,48,54],"killed_by":"The Heart","ascension_level":0}}