{"host":"89frlrzg3lfsymiq","time":1612304123,"event":{"mods":["2.2 Compatiblity","AchievementEnabler","Aspiration","BaseMod","Better Altar","Better Match","Better Note","Better Sensory Stone","Better Skull","Better Third Choice","Conspire","Downfall","GifTheSpireLib","Halation","Highlight Path","Hubris","Minty Spire (QoL Compilation)","Permanent Neow","Quick Restart","StSLib","The Blue Laboratory","The Cursed","The Jungle","The Necromancer","The Runesmith"],"gold_per_floor":[113,125,141,157,172,200,228,228,228,38,65,65,80,107,107,206,206,221,232,232,247,258,258,284,304,304,304,304],"floor_reached":27,"language":"ENG","playtime":5127,"items_purged":[],"score":442,"play_id":"458486b6-a628-4969-af7f-669a1ab320a1","local_time":"20210202171523","daily_mods":["Hoarder","DeadlyEvents"],"is_ascension_mode":false,"campfire_choices":[{"floor":8,"key":"REST"},{"floor":15,"key":"REST"},{"data":"Hello World","floor":23,"key":"SMITH"}],"circlet_count":0,"master_deck":["Strike_B","Strike_B","Strike_B","Defend_B","Defend_B","Defend_B","Defend_B+1","Zap","Dualcast","Redo","Redo","Redo","Conserve Battery","Conserve Battery","Conserve Battery","BootSequence","BootSequence","BootSequence","Cold Snap","Cold Snap","Cold Snap","Beam Cell","Beam Cell","Beam Cell","Beam Cell","Beam Cell","Beam Cell","Redo","Redo","Redo","Cold Snap","Cold Snap","Cold Snap","Defragment","Defragment","Defragment","Electrodynamics","Electrodynamics","Electrodynamics","Gash","Gash","Gash","Redo","Redo","Redo","Hello World","Hello World","Hello World+1","Scrape","Scrape","Scrape","Reprogram","Reprogram","Reprogram","Skim","Skim","Skim+1"],"relics":["Cracked Core","Matryoshka","Centennial Puzzle","Guardian:PocketSentry","hexamod:BolsterEngine","conspire:TreasureMap","hubris:ToyBattleship","hubris:RGBLights","aspiration:Stellarator","Slimebound:PreparedRelic","halation:TwoAmDonut","War Paint"],"acts_visited":["Exordium","TheCity"],"potions_floor_usage":[7],"damage_taken":[{"damage":15,"enemies":"Cultist","floor":1,"turns":4},{"damage":0,"enemies":"2 Louse","floor":2,"turns":1},{"damage":3,"enemies":"Small Slimes","floor":3,"turns":3},{"damage":0,"enemies":"Blue Slaver","floor":4,"turns":3},{"damage":5,"enemies":"Exordium Wildlife","floor":5,"turns":6},{"damage":25,"enemies":"Lagavulin","floor":6,"turns":9},{"damage":21,"enemies":"Gremlin Nob","floor":7,"turns":5},{"damage":4,"enemies":"Lagavulin","floor":11,"turns":5},{"damage":0,"enemies":"Large Slime","floor":13,"turns":5},{"damage":14,"enemies":"Gremlin Nob","floor":14,"turns":5},{"damage":0,"enemies":"Hexaghost","floor":16,"turns":9},{"damage":11,"enemies":"conspire:FuzzyDice","floor":18,"turns":5},{"damage":0,"enemies":"2 Thieves","floor":19,"turns":2},{"damage":0,"enemies":"conspire:HollyBat","floor":21,"turns":9},{"damage":13,"enemies":"Snake Plant","floor":22,"turns":4},{"damage":22,"enemies":"Slavers","floor":24,"turns":3},{"damage":25,"enemies":"Sentry and Sphere","floor":25,"turns":6},{"damage":5,"enemies":"Centurion and Healer","floor":27,"turns":2}],"seed_played":"-6580752569249130759","potions_obtained":[{"floor":1,"key":"blueLaboratory:PlasmaFuel"},{"floor":4,"key":"Energy Potion"},{"floor":6,"key":"champ:CounterPotion"},{"floor":7,"key":"blueLaboratory:PyrophylliteBrew"},{"floor":13,"key":"blueLaboratory:CorrosionFlask"}],"is_trial":true,"path_per_floor":["M","M","M","M","M","E","E","R","T","$","E","?","M","E","R","B",null,"M","M","?","M","M","R","E","M","T","M"],"character_chosen":"DEFECT","items_purchased":["conspire:TreasureMap","Beam Cell"],"campfire_rested":2,"item_purchase_floors":[10,10],"current_hp_per_floor":[60,60,57,57,52,27,6,28,28,28,24,24,24,10,32,32,75,64,64,64,64,51,51,29,4,4,0,0],"gold":304,"neow_bonus":"","is_daily":false,"chose_seed":false,"campfire_upgraded":1,"win_rate":0.0,"timestamp":1612304123,"path_taken":["M","M","?","M","M","E","?","R","T","$","E","?","M","E","R","BOSS","M","M","?","M","?","R","E","M","T","M"],"items_purchased_type":["Relic","Card"],"build_version":"2020-12-22","purchased_purges":0,"victory":false,"max_hp_per_floor":[75,75,75,75,75,75,75,75,75,75,75,75,75,75,75,75,75,75,75,75,75,75,75,75,75,75,75,75],"card_choices":[{"not_picked":["Reprogram","Hologram"],"picked":"Redo","floor":1},{"not_picked":["Rebound","Coolheaded"],"picked":"Conserve Battery","floor":2},{"not_picked":["Tempest","Recycle","Steam"],"picked":"SKIP","floor":3},{"not_picked":["Go for the Eyes","Compile Driver"],"picked":"BootSequence","floor":4},{"not_picked":["Streamline","Leap","Go for the Eyes"],"picked":"SKIP","floor":5},{"not_picked":["Sweeping Beam","Auto Shields"],"picked":"Cold Snap","floor":6},{"not_picked":["Fusion","Steam"],"picked":"Beam Cell","floor":7},{"not_picked":["Barrage","Ball Lightning"],"picked":"Redo","floor":11},{"not_picked":["hubris:DoWhile","Darkness"],"picked":"Cold Snap","floor":13},{"not_picked":["Stack","aspiration:Polymerization"],"picked":"Defragment","floor":14},{"not_picked":["Reboot","Creative AI"],"picked":"Electrodynamics","floor":16},{"not_picked":["conspire:SharedLibrary","Sunder"],"picked":"Gash","floor":18},{"not_picked":["Cold Snap","Lockon"],"picked":"Redo","floor":19},{"not_picked":["Skim+1","Gash"],"picked":"Scrape","floor":21},{"not_picked":["Recycle+1","Ball Lightning","Stack"],"picked":"SKIP","floor":22},{"not_picked":["conspire:Rain","Core Surge"],"picked":"Reprogram","floor":24},{"not_picked":["Go for the Eyes","Leap"],"picked":"Skim","floor":25}],"player_experience":220004,"relics_obtained":[{"floor":6,"key":"Matryoshka"},{"floor":7,"key":"Centennial Puzzle"},{"floor":9,"key":"Guardian:PocketSentry"},{"floor":9,"key":"hexamod:BolsterEngine"},{"floor":11,"key":"hubris:ToyBattleship"},{"floor":14,"key":"hubris:RGBLights"},{"floor":24,"key":"Slimebound:PreparedRelic"},{"floor":26,"key":"halation:TwoAmDonut"},{"floor":26,"key":"War Paint"}],"event_choices":[{"damage_healed":0,"gold_gain":0,"player_choice":"Ignored","damage_taken":0,"max_hp_gain":0,"max_hp_loss":0,"event_name":"Golden Idol","floor":12,"gold_loss":0},{"damage_healed":0,"gold_gain":0,"cards_transformed":["Strike_B"],"player_choice":"Transformed","damage_taken":0,"max_hp_gain":0,"max_hp_loss":0,"event_name":"Transmorgrifier","floor":20,"gold_loss":0,"cards_obtained":["Hello World"]}],"is_beta":false,"boss_relics":[{"not_picked":["hubris:GrandSneckoEye","Coffee Dripper"],"picked":"aspiration:Stellarator"}],"items_purged_floors":[],"is_endless":false,"potions_floor_spawned":[1,4,6,7,13,16,21,25],"killed_by":"Centurion and Healer","ascension_level":0}}