{"host":"w7tt687j332gugiq","time":1612262363,"event":{"mods":["BaseMod","Minty Spire (QoL Compilation)","StSLib"],"gold_per_floor":[362,141,141,160,173,173,201,212,239,272,272,297,247,247,247,348,348,359,284,304,403,403,438,438,464,464,31,31,31,45,63,63,158,158,176,226,226,226,239,271,271,287,313,313,326,354,39,65,65,65,65,65,19,54,54,54],"floor_reached":55,"language":"ZHS","playtime":2053,"items_purged":["Doubt"],"score":1288,"play_id":"9b53716d-cce9-484f-9b02-b8e65cdb29b6","local_time":"20210202183923","is_ascension_mode":true,"campfire_choices":[{"data":"Neutralize","floor":6.0,"key":"SMITH"},{"floor":11.0,"key":"REST"},{"data":"Tactician","floor":15.0,"key":"SMITH"},{"data":"Cloak And Dagger","floor":29.0,"key":"SMITH"},{"floor":32.0,"key":"REST"},{"data":"Wraith Form v2","floor":41.0,"key":"SMITH"},{"data":"Calculated Gamble","floor":44.0,"key":"SMITH"},{"floor":49.0,"key":"RECALL"},{"floor":52.0,"key":"REST"}],"circlet_count":0,"master_deck":["Strike_G+1","Strike_G","Defend_G+1","Defend_G","Defend_G","Defend_G","Defend_G","Survivor","Neutralize+1","Calculated Gamble+1","Tactician+1","Blade Dance","Backflip","Blade Dance","Acrobatics","Corpse Explosion","Prepared","Cloak And Dagger+1","Necronomicurse","Cloak And Dagger+1","Accuracy","Slice","Backflip","Escape Plan","Wraith Form v2+1","Acrobatics+1","Acrobatics+1","Finesse","Deflect+1","Deflect+1","Outmaneuver+1","Outmaneuver+1","Blur","After Image","Backflip","PiercingWail"],"relics":["Ring of the Serpent","Vajra","Anchor","Oddly Smooth Stone","Pen Nib","Ancient Tea Set","Necronomicon","Toy Ornithopter","MutagenicStrength","Shuriken","Lizard Tail","WristBlade","The Specimen","Dead Branch","Blood Vial","Dream Catcher","Calipers","Regal Pillow","Nunchaku"],"acts_visited":["Exordium","TheCity","TheBeyond","TheEnding"],"potions_floor_usage":[],"damage_taken":[{"damage":5.0,"enemies":"Jaw Worm","floor":1.0,"turns":5.0},{"damage":0.0,"enemies":"Cultist","floor":4.0,"turns":3.0},{"damage":1.0,"enemies":"2 Louse","floor":5.0,"turns":3.0},{"damage":27.0,"enemies":"Lagavulin","floor":7.0,"turns":7.0},{"damage":0.0,"enemies":"Blue Slaver","floor":8.0,"turns":4.0},{"damage":12.0,"enemies":"3 Sentries","floor":10.0,"turns":7.0},{"damage":0.0,"enemies":"Lagavulin","floor":12.0,"turns":6.0},{"damage":20.0,"enemies":"Slime Boss","floor":16.0,"turns":9.0},{"damage":5.0,"enemies":"Spheric Guardian","floor":18.0,"turns":3.0},{"damage":0.0,"enemies":"3 Byrds","floor":20.0,"turns":3.0},{"damage":26.0,"enemies":"Book of Stabbing","floor":23.0,"turns":7.0},{"damage":4.0,"enemies":"Slavers","floor":25.0,"turns":6.0},{"damage":0.0,"enemies":"Sentry and Sphere","floor":30.0,"turns":3.0},{"damage":6.0,"enemies":"Snecko","floor":31.0,"turns":4.0},{"damage":21.0,"enemies":"Champ","floor":33.0,"turns":7.0},{"damage":0.0,"enemies":"3 Darklings","floor":35.0,"turns":3.0},{"damage":0.0,"enemies":"Mind Bloom Boss Battle","floor":36.0,"turns":4.0},{"damage":0.0,"enemies":"3 Shapes","floor":39.0,"turns":2.0},{"damage":1.0,"enemies":"Giant Head","floor":40.0,"turns":6.0},{"damage":0.0,"enemies":"Sphere and 2 Shapes","floor":42.0,"turns":2.0},{"damage":0.0,"enemies":"4 Shapes","floor":45.0,"turns":3.0},{"damage":0.0,"enemies":"Nemesis","floor":46.0,"turns":5.0},{"damage":0.0,"enemies":"Giant Head","floor":48.0,"turns":5.0},{"damage":108.0,"enemies":"Time Eater","floor":50.0,"turns":10.0},{"damage":0.0,"enemies":"Shield and Spear","floor":54.0,"turns":4.0},{"damage":76,"enemies":"The Heart","floor":55,"turns":5}],"seed_played":"-6973174846713920702","potions_obtained":[{"floor":4.0,"key":"BlessingOfTheForge"},{"floor":7.0,"key":"Dexterity Potion"},{"floor":10.0,"key":"AttackPotion"},{"floor":12.0,"key":"Fruit Juice"},{"floor":18.0,"key":"Swift Potion"},{"floor":23.0,"key":"Ancient Potion"},{"floor":31.0,"key":"SmokeBomb"},{"floor":33.0,"key":"Strength Potion"}],"is_trial":false,"path_per_floor":["M","$","?","M","M","R","E","M","T","E","R","E","?","?","R","B",null,"M","?","M","?","?","E","?","E","T","$","$","R","M","M","R","B",null,"M","?","?","?","M","E","R","M","T","R","M","E","$","E","R","B",null,"R","$","E","B"],"character_chosen":"THE_SILENT","items_purchased":["Vajra","Lizard Tail","Accuracy","Slice","Backflip","Calipers","Backflip"],"campfire_rested":3,"item_purchase_floors":[2,27,27,27,27,47,53],"current_hp_per_floor":[58,58,58,58,57,57,30,30,30,18,39,44,44,29,29,9,59,54,54,54,54,38,12,12,18,18,18,18,18,18,12,34,13,60,60,60,60,60,60,59,59,59,59,59,61,63,63,65,65,7,58,75,75,75,0,0],"gold":54,"neow_bonus":"TWO_FIFTY_GOLD","is_daily":false,"chose_seed":false,"campfire_upgraded":5,"win_rate":0.0,"timestamp":1612262363,"path_taken":["M","$","?","?","M","R","E","M","T","E","R","E","?","?","R","BOSS","M","?","M","?","?","E","?","E","T","?","$","R","?","M","R","BOSS","M","?","?","?","M","E","R","M","T","R","?","E","$","E","R","BOSS","R","$","E","BOSS"],"items_purchased_type":["Relic","Relic","Card","Card","Card","Relic","Card"],"build_version":"2020-12-22","purchased_purges":1,"victory":false,"max_hp_per_floor":[70,70,70,70,70,70,70,70,70,70,70,75,75,75,75,75,75,75,75,75,75,75,75,75,75,75,75,75,75,75,75,75,75,75,75,75,75,75,75,75,75,75,75,75,75,75,75,75,75,75,75,75,75,75,75,75],"card_choices":[{"not_picked":["Underhanded Strike","Choke"],"picked":"Calculated Gamble","floor":1.0},{"not_picked":["All Out Attack","Flying Knee","Dodge and Roll"],"picked":"SKIP","floor":4.0},{"not_picked":["Wraith Form v2","Concentrate"],"picked":"Blade Dance","floor":5.0},{"not_picked":["Unload","Corpse Explosion"],"picked":"Backflip","floor":7.0},{"not_picked":["Calculated Gamble","Slice"],"picked":"Blade Dance","floor":8.0},{"not_picked":["Dash","Catalyst","Bouncing Flask"],"picked":"SKIP","floor":10.0},{"not_picked":["Caltrops","Slice"],"picked":"Acrobatics","floor":12.0},{"not_picked":["Die Die Die","Unload"],"picked":"Corpse Explosion","floor":16.0},{"not_picked":["Quick Slash+1","Deadly Poison"],"picked":"Prepared","floor":18.0},{"not_picked":["PiercingWail","Leg Sweep"],"picked":"Cloak And Dagger","floor":20.0},{"not_picked":["Glass Knife","Deadly Poison","Sucker Punch+1"],"picked":"SKIP","floor":23.0},{"not_picked":["A Thousand Cuts","Choke"],"picked":"Cloak And Dagger+1","floor":25.0},{"not_picked":["Setup","Dagger Throw"],"picked":"Escape Plan","floor":30.0},{"not_picked":["Noxious Fumes","Dagger Throw","PiercingWail"],"picked":"SKIP","floor":31.0},{"not_picked":["Malaise","Burst"],"picked":"Wraith Form v2","floor":33.0},{"not_picked":["Prepared","Deadly Poison+1"],"picked":"Acrobatics+1","floor":35.0},{"not_picked":["Dash","Deflect"],"picked":"Acrobatics+1","floor":36.0},{"not_picked":["Forethought","Swift Strike"],"picked":"Finesse","floor":37.0},{"not_picked":["Deadly Poison","Bane"],"picked":"Deflect+1","floor":39.0},{"not_picked":["Bane","Quick Slash+1","Masterful Stab"],"picked":"SKIP","floor":40.0},{"not_picked":["Sucker Punch+1","Dodge and Roll"],"picked":"Deflect+1","floor":42.0},{"not_picked":["Dagger Throw","Outmaneuver+1","Poisoned Stab"],"picked":"SKIP","floor":45.0},{"not_picked":["Dagger Throw","Poisoned Stab"],"picked":"Outmaneuver+1","floor":45.0},{"not_picked":["Prepared","Noxious Fumes"],"picked":"Outmaneuver+1","floor":46.0},{"not_picked":["Eviscerate","Underhanded Strike"],"picked":"Blur","floor":48.0},{"not_picked":["Flying Knee","Prepared+1"],"picked":"After Image","floor":52.0},{"not_picked":["Quick Slash","Acrobatics"],"picked":"PiercingWail","floor":54.0}],"player_experience":153099,"relics_obtained":[{"floor":7.0,"key":"Anchor"},{"floor":9.0,"key":"Oddly Smooth Stone"},{"floor":10.0,"key":"Pen Nib"},{"floor":12.0,"key":"Ancient Tea Set"},{"floor":22.0,"key":"Necronomicon"},{"floor":23.0,"key":"Toy Ornithopter"},{"floor":25.0,"key":"Shuriken"},{"floor":36.0,"key":"The Specimen"},{"floor":40.0,"key":"Dead Branch"},{"floor":43.0,"key":"Blood Vial"},{"floor":46.0,"key":"Dream Catcher"},{"floor":48.0,"key":"Regal Pillow"},{"floor":54.0,"key":"Nunchaku"}],"event_choices":[{"damage_healed":0.0,"max_hp_gain":0.0,"max_hp_loss":0.0,"gold_gain":0.0,"cards_transformed":["Strike_G"],"event_name":"Transmorgrifier","player_choice":"Transformed","floor":3.0,"gold_loss":0.0,"damage_taken":0.0,"cards_obtained":["Tactician"]},{"cards_removed":["Strike_G"],"damage_healed":0.0,"max_hp_gain":0.0,"max_hp_loss":0.0,"gold_gain":0.0,"event_name":"The Cleric","player_choice":"Card Removal","floor":13.0,"gold_loss":50.0,"damage_taken":0.0},{"damage_healed":0.0,"max_hp_gain":0.0,"max_hp_loss":0.0,"gold_gain":0.0,"event_name":"Shining Light","player_choice":"Entered Light","floor":14.0,"gold_loss":0.0,"damage_taken":15.0,"cards_upgraded":["Defend_G","Strike_G"]},{"cards_removed":["Strike_G"],"damage_healed":0.0,"max_hp_gain":0.0,"max_hp_loss":0.0,"gold_gain":0.0,"event_name":"Beggar","player_choice":"Gave Gold","floor":19.0,"gold_loss":75.0,"damage_taken":0.0},{"damage_healed":0.0,"max_hp_gain":0.0,"max_hp_loss":0.0,"gold_gain":99.0,"event_name":"Nest","player_choice":"Stole From Cult","floor":21.0,"gold_loss":0.0,"damage_taken":0.0},{"damage_healed":0.0,"max_hp_gain":0.0,"max_hp_loss":0.0,"gold_gain":0.0,"event_name":"Cursed Tome","player_choice":"Obtained Book","floor":22.0,"gold_loss":0.0,"damage_taken":16.0},{"damage_healed":0.0,"max_hp_gain":0.0,"max_hp_loss":0.0,"gold_gain":0.0,"event_name":"Drug Dealer","player_choice":"Inject Mutagens","floor":24.0,"gold_loss":0.0,"damage_taken":0.0,"relics_obtained":["MutagenicStrength"]},{"damage_healed":0.0,"max_hp_gain":0.0,"max_hp_loss":0.0,"gold_gain":0.0,"event_name":"MindBloom","player_choice":"Fight","floor":36.0,"gold_loss":0.0,"damage_taken":0.0},{"damage_healed":0.0,"max_hp_gain":0.0,"max_hp_loss":0.0,"gold_gain":0.0,"event_name":"SensoryStone","player_choice":"Memory 1","floor":37.0,"gold_loss":0.0,"damage_taken":0.0},{"damage_healed":0.0,"max_hp_gain":0.0,"max_hp_loss":0.0,"gold_gain":0.0,"event_name":"The Woman in Blue","player_choice":"Bought 0 Potions","floor":38.0,"gold_loss":0.0,"damage_taken":0.0}],"is_beta":false,"boss_relics":[{"not_picked":["Pandora\u0027s Box","Tiny House"],"picked":"Ring of the Serpent"},{"not_picked":["Snecko Eye","Busted Crown"],"picked":"WristBlade"}],"items_purged_floors":[2],"is_endless":false,"potions_floor_spawned":[4,7,10,12,18,23,31,33,35,45,46,48],"killed_by":"The Heart","ascension_level":8}}