{"host":"5spr8tig1ba228ju","time":1612276454,"event":{"mods":["Arknights","BaseMod","Bestiary","Colored Map","Colored Powertips","Curses Come First","Energized Spire","Highlight Path","Hubris","Minty Spire (QoL Compilation)","Quick Restart","Relic Stats","Reliquary","Replay The Spire","Shop Mod","Spicy Shops","StSLib","SuperFastMode","The Jungle","¡¾ÒÅÎï¿¨ÅÆ¡¿REMEMod"],"gold_per_floor":[117,132,147,163,177,177,204,204,259,14,14,31,31,54,54,132,132,148,148,148,161,175,200,200,200],"floor_reached":24,"language":"ZHS","playtime":1361,"items_purged":[],"score":413,"play_id":"a9e4c094-1ba3-4987-9011-ad0d4142302e","local_time":"20210202223414","is_ascension_mode":true,"campfire_choices":[{"data":"REME_HeartOfCthun","floor":6.0,"key":"SMITH"},{"data":"Chaos","floor":8.0,"key":"SMITH"},{"data":"BasicCrystalCard","floor":13.0,"key":"SMITH"},{"floor":15.0,"key":"DIG"}],"circlet_count":0,"master_deck":["AscendersBane","Strike_B","Strike_B","Strike_B","Defend_B","Defend_B","Defend_B","Defend_B","Zap","Dualcast","REME_HeartOfCthun+1","Panic Button","Ball Lightning","Steam Power","Leap","Chaos+1","Machine Learning+1","Glacier","BasicCrystalCard+1","Hello World","Creative AI","Skim","Crystallizer+1","REME_DataAnalysis+1","Lockon"],"relics":["REME_ComplimentaryCards","ChewingGum","Mummified Hand","Happy Flower","TungstenRod","Odd Mushroom","MealTicket","reliquary:RedCape","theJungle:WildStrawberry","reliquary:PrincelyHelmet"],"acts_visited":["Exordium"],"potions_floor_usage":[23],"damage_taken":[{"damage":1.0,"enemies":"Cultist","floor":1.0,"turns":3.0},{"damage":8.0,"enemies":"2 Louse","floor":2.0,"turns":2.0},{"damage":0.0,"enemies":"Small Slimes","floor":3.0,"turns":1.0},{"damage":1.0,"enemies":"2 Fungi Beasts","floor":4.0,"turns":2.0},{"damage":0.0,"enemies":"Large Slime","floor":5.0,"turns":4.0},{"damage":19.0,"enemies":"Replay:BlueRogue","floor":7.0,"turns":4.0},{"damage":8.0,"enemies":"Blue Slaver","floor":12.0,"turns":3.0},{"damage":0.0,"enemies":"The Mushroom Lair","floor":14.0,"turns":1.0},{"damage":16.0,"enemies":"Hexaghost","floor":16.0,"turns":9.0},{"damage":10.0,"enemies":"theJungle:GiantWrat","floor":18.0,"turns":7.0},{"damage":2.0,"enemies":"theJungle:5_Spyders","floor":21.0,"turns":7.0},{"damage":14,"enemies":"theJungle:2_Snecko_Cultists","floor":22,"turns":4},{"damage":0,"enemies":"theJungle:2_Phrogs","floor":23,"turns":9},{"damage":21,"enemies":"Snake Plant","floor":24,"turns":1}],"seed_played":"528520592081463419","potions_obtained":[{"floor":1.0,"key":"Death Potion"},{"floor":4.0,"key":"Adrenaline Potion"},{"floor":16.0,"key":"Toxic Potion"},{"floor":18.0,"key":"PowerPotion"}],"is_trial":false,"path_per_floor":["M","M","M","M","M","R","E","R","T","$","?","M","R","?","R_BF","B",null,"M","?","?","M","M","E","M"],"character_chosen":"DEFECT","items_purchased":["Machine Learning","Glacier","TungstenRod"],"campfire_rested":0,"item_purchase_floors":[10,10,10],"current_hp_per_floor":[63,55,55,54,54,54,35,35,35,35,35,27,27,27,27,11,56,46,40,31,29,15,15,0,0],"gold":200,"neow_bonus":"BOSS_RELIC","is_daily":false,"chose_seed":false,"campfire_upgraded":3,"win_rate":0.0,"timestamp":1612276454,"path_taken":["M","M","M","M","M","R","E","R","T","?","?","?","R","?","R_BF","BOSS","M","?","?","M","M","E","M"],"items_purchased_type":["Card","Card","Relic"],"build_version":"2020-12-22","purchased_purges":0,"victory":false,"max_hp_per_floor":[71,71,71,71,71,71,71,71,71,71,71,71,71,71,71,71,71,71,78,78,78,78,78,78,78],"relic_stats":{"Happy Flower":[13],"counters":[14,57],"Mummified Hand":[32],"MealTicket":0,"obtain_stats":[{"Happy Flower":9,"Mummified Hand":7,"reliquary:PrincelyHelmet":23,"ChewingGum":0,"MealTicket":15,"theJungle:WildStrawberry":19,"Odd Mushroom":14,"reliquary:RedCape":17,"Cracked Core":0,"TungstenRod":10,"REME_ComplimentaryCards":0},{"Happy Flower":6,"Mummified Hand":6,"reliquary:PrincelyHelmet":13,"ChewingGum":0,"MealTicket":8,"theJungle:WildStrawberry":10,"Odd Mushroom":8,"reliquary:RedCape":9,"Cracked Core":0,"TungstenRod":6,"REME_ComplimentaryCards":0},{"Happy Flower":16,"Mummified Hand":16,"reliquary:PrincelyHelmet":56,"ChewingGum":0,"MealTicket":20,"theJungle:WildStrawberry":36,"Odd Mushroom":20,"reliquary:RedCape":29,"Cracked Core":0,"TungstenRod":16,"REME_ComplimentaryCards":0}],"TungstenRod":15},"card_choices":[{"not_picked":["Turbo","Redo"],"picked":"Panic Button","floor":1.0},{"not_picked":["Redo","ReplayTheSpireMod:Repulse"],"picked":"Ball Lightning","floor":2.0},{"not_picked":["Gash","Stack"],"picked":"Steam Power","floor":3.0},{"not_picked":["Sweeping Beam","Streamline","Redo"],"picked":"SKIP","floor":4.0},{"not_picked":["Compile Driver","Rebound"],"picked":"Leap","floor":5.0},{"not_picked":["Barrage","REME_DataAnalysis"],"picked":"Chaos","floor":7.0},{"not_picked":["Streamline","Aggregate"],"picked":"BasicCrystalCard","floor":12.0},{"not_picked":["Force Field","Heatsinks"],"picked":"Hello World","floor":14.0},{"not_picked":["Rainbow","ReplayTheSpireMod:Omega Cannon"],"picked":"Creative AI","floor":16.0},{"not_picked":["Steam","Sweeping Beam"],"picked":"Skim","floor":18.0},{"not_picked":["Compile Driver","Steam"],"picked":"Crystallizer+1","floor":21.0},{"not_picked":["Turbo","ReplaySolidLightProjector"],"picked":"REME_DataAnalysis+1","floor":22},{"not_picked":["Turbo","Compile Driver"],"picked":"Lockon","floor":23}],"player_experience":623281,"relics_obtained":[{"floor":7.0,"key":"Mummified Hand"},{"floor":9.0,"key":"Happy Flower"},{"floor":14.0,"key":"Odd Mushroom"},{"floor":15.0,"key":"MealTicket"},{"floor":23,"key":"reliquary:PrincelyHelmet"}],"event_choices":[{"damage_healed":0.0,"max_hp_gain":0.0,"max_hp_loss":0.0,"gold_gain":0.0,"event_name":"Upgrade Shrine","player_choice":"Upgraded","floor":11.0,"gold_loss":0.0,"damage_taken":0.0,"cards_upgraded":["Machine Learning"]},{"damage_healed":0.0,"max_hp_gain":0.0,"max_hp_loss":0.0,"gold_gain":0.0,"event_name":"Mushrooms","player_choice":"Fought Mushrooms","floor":14.0,"gold_loss":0.0,"damage_taken":0.0}],"is_beta":false,"boss_relics":[{"not_picked":["Painkiller Herb","SlaversCollar"],"picked":"reliquary:RedCape"}],"items_purged_floors":[],"is_endless":false,"potions_floor_spawned":[1,4,14,16,18,21],"killed_by":"Snake Plant","ascension_level":14}}