{"host":"wuernuywc9gl215o","time":1612288200,"event":{"mods":["AchievementEnabler","BaseMod","Block Reminder","Highlight Path","Key Reminder","Minty Spire (QoL Compilation)","Permanent Neow","Potion Indicator Mod","Quick Restart","Relic Stats"],"gold_per_floor":[115,128,128,145,163,163,193,193,193,213,213,223,234,234,234,311,311,331,331,28,28],"floor_reached":20,"language":"ENG","playtime":1314,"items_purged":[],"score":352,"play_id":"a174e477-6bc4-4417-99e0-be75b8ee8072","local_time":"20210202175000","is_ascension_mode":true,"campfire_choices":[{"floor":6.0,"key":"REST"},{"floor":8.0,"key":"REST"},{"floor":11.0,"key":"REST"},{"floor":15.0,"key":"REST"}],"circlet_count":0,"master_deck":["AscendersBane","Strike_R","Strike_R","Strike_R","Strike_R","Defend_R","Defend_R","Defend_R","Defend_R","Bash","Twin Strike","Uppercut","Battle Trance","Offering","Sword Boomerang","Shockwave","Headbutt","Armaments","Impervious","Disarm+1"],"relics":["SlaversCollar","Sundial","White Beast Statue","Runic Pyramid","Singing Bowl","Membership Card","Kunai"],"acts_visited":["Exordium","TheCity"],"potions_floor_usage":[],"damage_taken":[{"damage":6.0,"enemies":"Small Slimes","floor":1.0,"turns":4.0},{"damage":7.0,"enemies":"Cultist","floor":2.0,"turns":4.0},{"damage":6.0,"enemies":"2 Louse","floor":4.0,"turns":2.0},{"damage":11.0,"enemies":"Red Slaver","floor":5.0,"turns":3.0},{"damage":31.0,"enemies":"Gremlin Nob","floor":7.0,"turns":4.0},{"damage":22.0,"enemies":"Lots of Slimes","floor":10.0,"turns":5.0},{"damage":25.0,"enemies":"Exordium Wildlife","floor":12.0,"turns":4.0},{"damage":15.0,"enemies":"Blue Slaver","floor":13.0,"turns":3.0},{"damage":44.0,"enemies":"Slime Boss","floor":16.0,"turns":11.0},{"damage":39,"enemies":"Chosen","floor":18,"turns":6}],"seed_played":"-3141945121838108712","potions_obtained":[{"floor":1.0,"key":"CultistPotion"},{"floor":5.0,"key":"ElixirPotion"},{"floor":10.0,"key":"Regen Potion"},{"floor":12.0,"key":"SpeedPotion"},{"floor":13.0,"key":"LiquidBronze"},{"floor":16.0,"key":"PowerPotion"}],"is_trial":false,"path_per_floor":["M","M","?","M","M","R","E","R","T","M","R","M","M","?","R","B",null,"M","?","$"],"character_chosen":"IRONCLAD","items_purchased":["Membership Card","Kunai"],"campfire_rested":4,"item_purchase_floors":[20,20],"current_hp_per_floor":[62,55,55,49,38,60,29,51,51,29,51,38,23,23,45,1,57,18,18,18,18],"gold":28,"neow_bonus":"BOSS_RELIC","is_daily":false,"chose_seed":false,"campfire_upgraded":0,"win_rate":0.0,"timestamp":1612288200,"path_taken":["M","M","?","M","M","R","E","R","T","M","R","M","?","?","R","BOSS","M","?","$"],"items_purchased_type":["Relic","Relic"],"build_version":"2020-12-22","purchased_purges":0,"victory":false,"max_hp_per_floor":[75,75,75,75,75,75,75,75,75,75,75,75,75,75,75,75,75,75,75,75,75],"relic_stats":{"Singing Bowl":0,"counters":[10,46],"Sundial":[4],"Kunai":[0],"obtain_stats":[{"SlaversCollar":0,"Singing Bowl":19,"Sundial":7,"Membership Card":20,"Kunai":20,"Burning Blood":0,"White Beast Statue":9,"Runic Pyramid":17},{"SlaversCollar":0,"Singing Bowl":10,"Sundial":5,"Membership Card":10,"Kunai":10,"Burning Blood":0,"White Beast Statue":5,"Runic Pyramid":9},{"SlaversCollar":0,"Singing Bowl":46,"Sundial":17,"Membership Card":46,"Kunai":46,"Burning Blood":0,"White Beast Statue":17,"Runic Pyramid":40}]},"card_choices":[{"not_picked":["Dual Wield","Wild Strike"],"picked":"Twin Strike","floor":1.0},{"not_picked":["Headbutt","Searing Blow"],"picked":"Uppercut","floor":2.0},{"not_picked":["Infernal Blade","Havoc","Twin Strike"],"picked":"SKIP","floor":4.0},{"not_picked":["Disarm","Flex"],"picked":"Rupture","floor":5.0},{"not_picked":["Perfected Strike","Anger"],"picked":"Shockwave","floor":7.0},{"not_picked":["True Grit","Thunderclap","Havoc"],"picked":"SKIP","floor":10.0},{"not_picked":["Rampage","Rupture"],"picked":"Headbutt","floor":12.0},{"not_picked":["Uppercut","Body Slam"],"picked":"Armaments","floor":13.0},{"not_picked":["Double Tap","Fiend Fire"],"picked":"Impervious","floor":16.0},{"not_picked":["Cleave","Reckless Charge+1"],"picked":"Disarm+1","floor":18}],"player_experience":779302,"relics_obtained":[{"floor":7.0,"key":"Sundial"},{"floor":9.0,"key":"White Beast Statue"}],"event_choices":[{"damage_healed":0.0,"max_hp_gain":0.0,"max_hp_loss":0.0,"gold_gain":0.0,"event_name":"Match and Keep!","player_choice":"3 cards matched","floor":3.0,"gold_loss":0.0,"damage_taken":0.0,"cards_obtained":["Battle Trance","Offering","Sword Boomerang"]},{"cards_removed":["Strike_R"],"damage_healed":0.0,"max_hp_gain":0.0,"max_hp_loss":0.0,"gold_gain":0.0,"event_name":"Purifier","player_choice":"Purged","floor":14.0,"gold_loss":0.0,"damage_taken":0.0},{"cards_removed":["Rupture"],"damage_healed":0,"gold_gain":0,"player_choice":"Gave Card","damage_taken":0,"relics_obtained":["Singing Bowl"],"max_hp_gain":0,"max_hp_loss":0,"event_name":"WeMeetAgain","floor":19,"gold_loss":0}],"is_beta":false,"boss_relics":[{"not_picked":["Runic Cube","Empty Cage"],"picked":"Runic Pyramid"}],"items_purged_floors":[],"is_endless":false,"potions_floor_spawned":[1,5,10,12,13,16,18],"ascension_level":20}}