{"host":"6rz02yiipefhcw4r","time":1612229497,"event":{"mods":["2.2 Compatiblity","Arknights","BaseMod","Better Match","Better Third Choice","Better Vampires","BetterRewards","Block Reminder","Colored Map","Curses Come First","DeckTracker","Googly Eyes","Hubris","Minty Spire (QoL Compilation)","Quick Restart","Rare Cards Sparkle","Reliquary","Shade Mod","Spicy Shops","StSLib","The Bladedancer","The Cursed","The Marked","The Necromancer","The Runesmith"],"gold_per_floor":[367,384,2,2,0,0,0,0],"floor_reached":7,"language":"ENG","playtime":204,"items_purged":["hubris:Gluttony"],"score":78,"play_id":"80509d41-ba15-45a3-b970-182a87e086f4","local_time":"20210201233137","is_ascension_mode":true,"campfire_choices":[{"data":"Disarm","floor":6,"key":"SMITH"}],"circlet_count":0,"master_deck":["AscendersBane","Strike_R","Strike_R","Strike_R","Strike_R","Strike_R","Defend_R","Defend_R","Defend_R","Defend_R","Bash","Flame Barrier","Cleave","Disarm+1","Iron Wave"],"relics":["Burning Blood","betterThird:SlimedRelic"],"acts_visited":["Exordium"],"potions_floor_usage":[],"damage_taken":[{"damage":14,"enemies":"Jaw Worm","floor":1,"turns":4},{"damage":1,"enemies":"2 Louse","floor":2,"turns":3},{"damage":38,"enemies":"Lagavulin","floor":7,"turns":9}],"seed_played":"-5284757699986040279","potions_obtained":[],"is_trial":false,"path_per_floor":["M","M","$","?","?","R","E"],"character_chosen":"IRONCLAD","items_purchased":["Disarm","Iron Wave"],"campfire_rested":0,"item_purchase_floors":[3,3],"current_hp_per_floor":[60,65,65,65,54,54,16,16],"gold":0,"neow_bonus":"TWO_FIFTY_GOLD","is_daily":false,"chose_seed":false,"campfire_upgraded":1,"win_rate":0.0,"timestamp":1612229497,"path_taken":["M","M","$","?","?","R","E"],"items_purchased_type":["Card","Card"],"build_version":"2020-12-22","purchased_purges":1,"victory":false,"max_hp_per_floor":[75,75,75,75,75,75,75,75],"card_choices":[{"not_picked":["Iron Wave","Reckless Charge"],"picked":"Flame Barrier","floor":1},{"not_picked":["Infernal Blade","Twin Strike"],"picked":"Cleave","floor":2}],"player_experience":792761,"relics_obtained":[],"event_choices":[{"damage_healed":0,"gold_gain":0,"player_choice":"Ignored","damage_taken":2,"max_hp_gain":0,"max_hp_loss":0,"event_name":"betterThird:BetterSerpent","floor":4,"gold_loss":0},{"damage_healed":0,"gold_gain":0,"player_choice":"Slimed","damage_taken":11,"max_hp_gain":0,"max_hp_loss":0,"event_name":"betterThird:BetterGoop","floor":5,"gold_loss":2}],"is_beta":false,"boss_relics":[],"items_purged_floors":[3],"is_endless":false,"potions_floor_spawned":[],"killed_by":"Lagavulin","ascension_level":20}}