{"host":"4a0aa7b2d8dxohwr","time":1612251486,"event":{"mods":["ATMod(∞¢Ë™Mod)","Act Like it!","BaseMod","Dota2Spire","Friendly Minions","Gensokyo","GifTheSpireLib","GungeonMod","Marisa£®ÏF”Í°°ƒß¿Ì…≥£©","Minty Spire (QoL Compilation)","Reimu£®≤©¿ˆ¡È√Œ£©","Reliquary","Remilia£®¿Ÿ√◊¿Ú—«£©","Shop Mod","StSLib","The Cursed","The Senshi","The Servant 0.9.4","Youmu£®ªÍ∆«—˝√Œ£©","[IsaacMod]“‘»ˆº‚À˛","°æ“≈ŒÔø®≈∆°øREMEMod"],"gold_per_floor":[117,35,49,49,65,93,108,138,185,185,204,284,310,323,323,426,426,443,443,454,118,138,138,173,191,271,282,282,12,12,28,28,125,125,145,163,174,190,240,270,270,298,324,352,362,362,388,260,260,260,260,260,12,42,67],"floor_reached":56,"language":"ZHS","playtime":2581,"items_purged":["Strike_G","Strike_G","Clumsy"],"score":3251,"play_id":"ed8318f5-863d-4c3d-a2f4-105c00cc4949","local_time":"20210202153806","is_ascension_mode":true,"campfire_choices":[{"data":"AT_FamilyPortrait","floor":15.0,"key":"SMITH"},{"data":"AT_ArcaneSupremacy","floor":23,"key":"SMITH"},{"data":"AT_EssenceShift","floor":30,"key":"SMITH"},{"data":"Tools of the Trade","floor":32,"key":"SMITH"},{"data":"Accuracy","floor":41,"key":"SMITH"},{"data":"Blade Dance","floor":46,"key":"SMITH"},{"floor":49,"key":"RECALL"},{"data":"Cloak And Dagger","floor":52,"key":"SMITH"}],"circlet_count":0,"master_deck":["AscendersBane","Strike_G","Strike_G","Strike_G","Defend_G","Defend_G","Defend_G","Defend_G","Defend_G","Survivor","Neutralize","AT_FamilyPortrait+1","AT_EmpoweredMortalDraw","Escape Plan","Strike_G","Blade Dance+1","Prepared","Cloak And Dagger+1","AT_WindFlip","Prepared","Accuracy+1","AT_ArcaneSupremacy+1","AT_EssenceShift+1","Cloak And Dagger+1","Infinite Blades+1","Tools of the Trade+1","PiercingWail","After Image","AT_FocusSwordFire+1","Acrobatics","Accuracy"],"relics":["HushsDoor","AT_ATBox","REME_ComplimentaryCards","HowToJump","AT_MortalBlade","Bag of Marbles","BookOfRevelations","Gensokyo:NagashiBinaDoll","Incense Burner","Prayer Wheel","Busted Crown","Gensokyo:ConquerorOfFear","reliquary:JackalopeAntler","reliquary:SharkskinSheath","Letter Opener","SteamSale","reliquary:WritOfMandamus","Dota2Spire:EyeOfSkadi","Thread and Needle","Dota2Spire:AssaultCuirass","AT_ChloranthyRing","TheBean","REME_PoisonedDagger","reliquary:Bookmark","MerchantsRug","Dota2Spire:AghanimScepter","AT_MibuBalloonWealth"],"acts_visited":["Exordium","Gensokyo:Gensokyo","TheBeyond","TheEnding"],"potions_floor_usage":[18,24,31,36,42,50,50,55,55,55,55],"damage_taken":[{"damage":0.0,"enemies":"Gensokyo:Gryphon","floor":1.0,"turns":2.0},{"damage":0.0,"enemies":"Gensokyo:Python","floor":3.0,"turns":2.0},{"damage":0.0,"enemies":"Gensokyo:2_Kodama","floor":5.0,"turns":1.0},{"damage":5.0,"enemies":"Gensokyo:Cirno","floor":6.0,"turns":6.0},{"damage":0.0,"enemies":"Gensokyo:Kitsune","floor":7.0,"turns":1.0},{"damage":0.0,"enemies":"Gensokyo:Aya","floor":8.0,"turns":1.0},{"damage":0.0,"enemies":"Gensokyo:Python_and_Kodama","floor":11.0,"turns":2.0},{"damage":0.0,"enemies":"Gensokyo:Cirno","floor":13.0,"turns":4.0},{"damage":0.0,"enemies":"Gensokyo:Gryphon_and_Rabbit","floor":14.0,"turns":2.0},{"damage":0.0,"enemies":"Gensokyo:Reimu","floor":16.0,"turns":4.0},{"damage":0,"enemies":"Gensokyo:AngelMirror","floor":18,"turns":4},{"damage":0,"enemies":"Gensokyo:CosmicMonolith","floor":20,"turns":1},{"damage":0,"enemies":"Gensokyo:Wraith","floor":22,"turns":3},{"damage":0,"enemies":"Gensokyo:Tenshi","floor":24,"turns":3},{"damage":1,"enemies":"Gensokyo:Swordslinger","floor":25,"turns":3},{"damage":0,"enemies":"Gensokyo:Mirror_and_Dog","floor":27,"turns":2},{"damage":0,"enemies":"Gensokyo:Wraith","floor":31,"turns":4},{"damage":39,"enemies":"Gensokyo:Kaguya","floor":33,"turns":9},{"damage":0,"enemies":"Orb Walker","floor":35,"turns":2},{"damage":0,"enemies":"3 Shapes","floor":36,"turns":2},{"damage":0,"enemies":"Transient","floor":37,"turns":5},{"damage":0,"enemies":"Writhing Mass","floor":38,"turns":4},{"damage":18,"enemies":"Mind Bloom Boss Battle","floor":39,"turns":4},{"damage":0,"enemies":"Nemesis","floor":40,"turns":3},{"damage":0,"enemies":"Reptomancer","floor":42,"turns":4},{"damage":0,"enemies":"Nemesis","floor":44,"turns":3},{"damage":1,"enemies":"Jaw Worm Horde","floor":45,"turns":2},{"damage":0,"enemies":"Giant Head","floor":47,"turns":5},{"damage":0,"enemies":"Awakened One","floor":50,"turns":5},{"damage":10,"enemies":"Shield and Spear","floor":54,"turns":4},{"damage":0,"enemies":"The Heart","floor":55,"turns":6}],"seed_played":"5829038694248573312","potions_obtained":[{"floor":3.0,"key":"Ancient Potion"},{"floor":7.0,"key":"SkillPotion"},{"floor":13.0,"key":"DuplicationPotion"},{"floor":16.0,"key":"Explosive Potion"},{"floor":18,"key":"EssenceOfSteel"},{"floor":25,"key":"DemoMod:BlankPotion"},{"floor":37,"key":"Poison Potion"},{"floor":39,"key":"ZuzhouPotion:ReiMu"},{"floor":40,"key":"ColorlessPotion"},{"floor":42,"key":"DemoMod:LeadSkinPotion"},{"floor":45,"key":"Swift Potion"},{"floor":54,"key":"Ancient Potion"}],"is_trial":false,"path_per_floor":["M","COS","M","?","M","E","M","E","T","?","M","?","E","M","R","B",null,"M","?","M","$","M","R","E","M","T","M","?","COS","R","M","R","B",null,"M","M","M","M","?","E","R","E","T","E","M","R","E","$","R","B",null,"R","$","E","B",null],"character_chosen":"THE_SILENT","items_purchased":["reliquary:JackalopeAntler","reliquary:Bookmark","MerchantsRug","Energy Potion","Accuracy","Dota2Spire:AghanimScepter","PowerPotion"],"campfire_rested":0,"item_purchase_floors":[21,48,48,48,53,53,53],"current_hp_per_floor":[63,63,63,63,63,58,58,58,58,58,58,58,58,58,58,58,67,67,67,67,67,67,67,67,66,66,66,66,66,66,66,66,27,59,59,59,64,64,53,53,53,53,53,53,52,52,52,52,52,52,71,71,71,61,61],"gold":67,"neow_bonus":"BOSS_RELIC","is_daily":false,"chose_seed":false,"campfire_upgraded":7,"win_rate":0.0,"timestamp":1612251486,"path_taken":["M","COS","M","?","M","E","M","E","T","?","M","?","E","?","R","BOSS","M","?","M","$","M","R","E","M","T","?","?","COS","R","M","R","BOSS","M","M","M","M","?","E","R","E","T","E","?","R","E","$","R","BOSS","R","$","E","BOSS"],"items_purchased_type":["Relic","Relic","Relic","Potion","Card","Relic","Potion"],"build_version":"2020-12-22","purchased_purges":3,"victory":true,"max_hp_per_floor":[70,70,70,70,70,70,70,70,70,70,70,70,70,70,70,70,70,70,70,70,70,70,70,70,70,70,70,70,70,70,70,70,70,70,70,70,70,70,77,77,77,77,77,77,77,77,77,77,77,77,77,77,77,77,77],"card_choices":[{"not_picked":[],"picked":"Bomb","floor":0.0},{"not_picked":["Setup","Blur"],"picked":"Escape Plan","floor":1.0},{"not_picked":["Flying Knee","Underhanded Strike","Slice"],"picked":"SKIP","floor":3.0},{"not_picked":["Noxious Fumes","Outmaneuver"],"picked":"Blade Dance","floor":5.0},{"not_picked":["Bouncing Flask","Setup"],"picked":"Prepared","floor":6.0},{"not_picked":["Outmaneuver","Terror"],"picked":"Cloak And Dagger","floor":7.0},{"not_picked":["Sucker Punch","Dagger Throw"],"picked":"AT_WindFlip","floor":8.0},{"not_picked":["Leg Sweep","Bouncing Flask","Terror"],"picked":"SKIP","floor":11.0},{"not_picked":["AT_ThistleTea","Blur"],"picked":"Prepared","floor":13.0},{"not_picked":["Quick Slash","Slice"],"picked":"Accuracy","floor":14.0},{"not_picked":["Masterful Stab","PiercingWail"],"picked":"AT_ArcaneSupremacy","floor":14.0},{"not_picked":["Night Terror","Die Die Die"],"picked":"AT_EssenceShift","floor":16.0},{"not_picked":["Catalyst+1"],"picked":"SKIP","floor":18},{"not_picked":["Concentrate"],"picked":"SKIP","floor":18},{"not_picked":[],"picked":"Cloak And Dagger+1","floor":20},{"not_picked":["Dagger Spray+1"],"picked":"SKIP","floor":20},{"not_picked":[],"picked":"Infinite Blades+1","floor":22},{"not_picked":["AT_MyraUnstableElement"],"picked":"SKIP","floor":22},{"not_picked":["Tools of the Trade"],"picked":"SKIP","floor":24},{"not_picked":[],"picked":"Tools of the Trade","floor":24},{"not_picked":["Underhanded Strike"],"picked":"SKIP","floor":25},{"not_picked":["AT_TwilightShroud"],"picked":"SKIP","floor":25},{"not_picked":[],"picked":"PiercingWail","floor":27},{"not_picked":["Dagger Throw"],"picked":"SKIP","floor":27},{"not_picked":["Masterful Stab+1"],"picked":"SKIP","floor":31},{"not_picked":["Prepared"],"picked":"SKIP","floor":31},{"not_picked":[],"picked":"After Image","floor":33},{"not_picked":[],"picked":"AT_FocusSwordFire+1","floor":35},{"not_picked":["AT_Desolate"],"picked":"SKIP","floor":35},{"not_picked":["Deflect"],"picked":"SKIP","floor":36},{"not_picked":["Crippling Poison"],"picked":"SKIP","floor":36},{"not_picked":["AT_Desolate"],"picked":"SKIP","floor":37},{"not_picked":["Slice+1"],"picked":"SKIP","floor":37},{"not_picked":["Leg Sweep+1"],"picked":"SKIP","floor":38},{"not_picked":["Slice"],"picked":"SKIP","floor":38},{"not_picked":["Choke+1"],"picked":"SKIP","floor":40},{"not_picked":[],"picked":"Acrobatics","floor":42},{"not_picked":["Blade Dance"],"picked":"SKIP","floor":44},{"not_picked":["PiercingWail"],"picked":"SKIP","floor":45},{"not_picked":["Bane+1"],"picked":"SKIP","floor":45},{"not_picked":["Blur"],"picked":"SKIP","floor":47},{"not_picked":["Riddle With Holes"],"picked":"SKIP","floor":54}],"player_experience":542965,"relics_obtained":[{"floor":6.0,"key":"Bag of Marbles"},{"floor":8.0,"key":"BookOfRevelations"},{"floor":13.0,"key":"Incense Burner"},{"floor":20,"key":"Gensokyo:ConquerorOfFear"},{"floor":24,"key":"reliquary:SharkskinSheath"},{"floor":26,"key":"Letter Opener"},{"floor":39,"key":"Thread and Needle"},{"floor":40,"key":"Dota2Spire:AssaultCuirass"},{"floor":42,"key":"AT_ChloranthyRing"},{"floor":43,"key":"Dota2Spire:ArmletOfMordiggian"},{"floor":44,"key":"TheBean"},{"floor":47,"key":"REME_PoisonedDagger"},{"floor":54,"key":"AT_MibuBalloonWealth"}],"event_choices":[{"damage_healed":0,"gold_gain":0,"player_choice":"Fight","damage_taken":0,"max_hp_gain":0,"max_hp_loss":0,"event_name":"MindBloom","floor":39,"gold_loss":0}],"is_beta":false,"boss_relics":[{"not_picked":["SacredBark","Pandora\u0027s Box"],"picked":"Busted Crown"},{"not_picked":[]},{"not_picked":["Velvet Choker","Runic Dome"],"picked":"reliquary:WritOfMandamus"},{"not_picked":[]}],"items_purged_floors":[21,48,53],"is_endless":false,"potions_floor_spawned":[3,7,13,16,18,20,22,25,37,39,40,42,45,47,54],"ascension_level":10}}