{"host":"eemx8njkng76fu5x","time":1612297832,"event":{"mods":["2.2 Compatiblity","BaseMod","Colored Map","Downfall","Minty Spire (QoL Compilation)","Permanent Neow","StSLib","Unceasing Turn Reminder","Unknown Chances"],"gold_per_floor":[99,99,99,99,99,124,124,172,72,89,117,17,30,30,47,47,47,47],"floor_reached":16,"language":"ENG","playtime":565,"items_purged":[],"score":154,"play_id":"a1bdd031-aa62-4cdf-ba43-f95bcd26546f","local_time":"20210203043032","is_ascension_mode":true,"campfire_choices":[{"floor":1,"key":"RECALL"},{"floor":9,"key":"REST"},{"data":"Guardian:PrismaticBeam","floor":12,"key":"SMITH"}],"circlet_count":0,"master_deck":["Guardian:Strike_Guardian","Guardian:Strike_Guardian","Guardian:Strike_Guardian","Guardian:Strike_Guardian","Guardian:Defend_Guardian","Guardian:Defend_Guardian","Guardian:Defend_Guardian","Guardian:Defend_Guardian","Guardian:CurlUp","Guardian:TwinSlam","Guardian:VentSteam+1","Guardian:PrimingBeam","Guardian:PrismaticBeam+1","Guardian:Gem_Cyan"],"relics":["Guardian:ModeShifter","downfall:HeartsMalice","Darkstone Periapt","Bag of Marbles","downfall:HeartBlessingBlue","Vajra","downfall:HeartBlessingGreen"],"acts_visited":["Exordium"],"potions_floor_usage":[10,13,16],"damage_taken":[{"damage":0,"enemies":"Cultist","floor":2,"turns":1},{"damage":0,"enemies":"Small Slimes","floor":3,"turns":1},{"damage":0,"enemies":"Jaw Worm","floor":5,"turns":1},{"damage":52,"enemies":"Lagavulin","floor":6,"turns":11},{"damage":7,"enemies":"Exordium Wildlife","floor":10,"turns":6},{"damage":20,"enemies":"3 Sentries","floor":11,"turns":9},{"damage":10,"enemies":"Lots of Slimes","floor":13,"turns":4},{"damage":5,"enemies":"Exordium Thugs","floor":15,"turns":3},{"damage":24,"enemies":"DF_ARCHETYPE_STREAMLINE","floor":16,"turns":3}],"seed_played":"3617031687189985070","potions_obtained":[{"floor":6,"key":"Fire Potion"},{"floor":11,"key":"ColorlessPotion"},{"floor":13,"key":"champ:CounterPotion"}],"is_trial":false,"path_per_floor":["R","M","M","?","M","E","T","T","R","M","E","R","M","?","M","B"],"character_chosen":"GUARDIAN","items_purchased":[],"campfire_rested":1,"item_purchase_floors":[],"current_hp_per_floor":[72,72,72,72,72,20,20,20,57,50,30,30,20,20,15,0,0,0],"gold":47,"neow_bonus":"THREE_ENEMY_KILL","is_daily":false,"chose_seed":false,"campfire_upgraded":1,"win_rate":0.0,"timestamp":1612297832,"path_taken":["R","M","M","?","?","E","T","?","R","M","E","R","M","?","M","BOSS"],"items_purchased_type":[],"build_version":"2020-12-22","purchased_purges":0,"victory":false,"max_hp_per_floor":[80,80,80,80,80,80,80,80,90,90,90,90,90,90,90,90,90,90],"card_choices":[{"not_picked":["Guardian:PrimingBeam","Guardian:Recover"],"picked":"Guardian:Gem_Purple","floor":2},{"not_picked":["Guardian:MultiBeam","Guardian:Planning"],"picked":"Guardian:VentSteam","floor":3},{"not_picked":["Guardian:Clone","Guardian:PrismaticBarrier"],"picked":"Guardian:Gem_White","floor":5},{"not_picked":["Guardian:RefractedBeam","Guardian:TemporalShield"],"picked":"Guardian:PrimingBeam","floor":6},{"not_picked":["Guardian:Clone","Guardian:GuardianWhirl"],"picked":"Guardian:Gem_Fragmented","floor":10},{"not_picked":["Guardian:SpikerProtocol","Guardian:FuturePlans"],"picked":"Guardian:PrismaticBeam","floor":11},{"not_picked":["Guardian:TemporalShield","Guardian:ChargeCore"],"picked":"Guardian:Gem_Cyan","floor":13},{"not_picked":["Guardian:Repulse","Guardian:Reroute","Guardian:RollAttack"],"picked":"SKIP","floor":15}],"player_experience":530443,"relics_obtained":[{"floor":6,"key":"Darkstone Periapt"},{"floor":8,"key":"Bag of Marbles"},{"floor":11,"key":"Vajra"}],"event_choices":[],"is_beta":false,"boss_relics":[],"items_purged_floors":[],"is_endless":false,"potions_floor_spawned":[6,11,13],"killed_by":"DF_ARCHETYPE_STREAMLINE","ascension_level":9}}