{"host":"lnrxyx1mebyhalma","time":1612229855,"event":{"mods":["2.2 Compatiblity","BaseMod","Best Route Mod","Block Reminder","Colored Powertips","Downfall","Minty Spire (QoL Compilation)","Rare Cards Sparkle","Smile Girya","StSLib"],"gold_per_floor":[99,111,130,130,145,159,159,259,288,288,288,317,317,330,340,437,437,237,252,270,290,304,304,354,384,396,408,408,408],"floor_reached":27,"language":"PTB","playtime":1726,"items_purged":[],"score":242,"play_id":"33332cf1-b03a-47d6-9d7b-4221546f6aca","local_time":"20210201233734","is_ascension_mode":false,"campfire_choices":[{"floor":1,"key":"RECALL"},{"floor":10,"key":"REST"},{"floor":13,"key":"REST"},{"data":"Slimebound:CorrosiveSpit","floor":18,"key":"SMITH"},{"floor":26,"key":"REST"}],"circlet_count":0,"master_deck":["Slimebound:Strike_Slimebound","Slimebound:Strike_Slimebound","Slimebound:Strike_Slimebound","Slimebound:Tackle","Slimebound:Defend_Slimebound","Slimebound:Defend_Slimebound","Slimebound:Defend_Slimebound","Slimebound:Defend_Slimebound","Slimebound:Split","Slimebound:CorrosiveSpit+1","Slimebound:Gluttony","Slimebound:LeechEnergy+1","Slimebound:LeechingTouch","Slimebound:AcidTongue","Slimebound:SplitAcid","Slimebound:RallyTheTroops","Slimebound:SlimeSpikes","Slimebound:RainOfGoop","Slimebound:OozeBath","Slimebound:RejuvenatingLick","Slimebound:Schlurp+1","Slimebound:SplitBruiser","Slimebound:SplitMire","Slimebound:FormOfPuddle"],"relics":["Slimebound:AbsorbEndCombat","Odd Mushroom","SacredBark","downfall:HeartBlessingRed","downfall:HeartBlessingBlue","MawBank"],"acts_visited":["Exordium","TheCity"],"potions_floor_usage":[12,15,16,22,25,27,27,27,27],"damage_taken":[{"damage":4,"enemies":"Jaw Worm","floor":2,"turns":4},{"damage":7,"enemies":"Cultist","floor":3,"turns":4},{"damage":14,"enemies":"2 Louse","floor":5,"turns":4},{"damage":19,"enemies":"2 Fungi Beasts","floor":6,"turns":4},{"damage":37,"enemies":"The Mushroom Lair","floor":9,"turns":6},{"damage":25,"enemies":"Gremlin Nob","floor":12,"turns":4},{"damage":16,"enemies":"Exordium Wildlife","floor":14,"turns":3},{"damage":14,"enemies":"Red Slaver","floor":15,"turns":3},{"damage":20,"enemies":"WA_ARCHETYPE_RETAIN","floor":16,"turns":8},{"damage":39,"enemies":"Shell Parasite","floor":19,"turns":6},{"damage":24,"enemies":"Snecko","floor":20,"turns":6},{"damage":9,"enemies":"3 Cultists","floor":21,"turns":4},{"damage":24,"enemies":"Snake Plant","floor":22,"turns":4},{"damage":14,"enemies":"Snecko","floor":25,"turns":5},{"damage":35,"enemies":"Gremlin Leader","floor":27,"turns":4}],"seed_played":"-8609882899152365426","potions_obtained":[{"floor":5,"key":"Energy Potion"},{"floor":12,"key":"DuplicationPotion"},{"floor":15,"key":"ColorlessPotion"},{"floor":16,"key":"Weak Potion"},{"floor":20,"key":"Strength Potion"},{"floor":21,"key":"EntropicBrew"},{"floor":23,"key":"hexamod:SoulburnPotion"},{"floor":25,"key":"champ:CounterPotion"}],"is_trial":false,"path_per_floor":["R","M","M","?","M","M","T","?","?","R","?","E","R","M","M","B",null,"R","M","M","M","M","?","T","M","R","E"],"character_chosen":"SLIMEBOUND","items_purchased":[],"campfire_rested":3,"item_purchase_floors":[],"current_hp_per_floor":[71,71,66,66,56,41,41,41,12,33,33,16,37,25,15,3,71,81,50,32,31,9,9,9,3,27,0,0,0],"gold":408,"neow_bonus":"TEN_PERCENT_HP_BONUS","is_daily":false,"chose_seed":false,"campfire_upgraded":1,"win_rate":0.0,"timestamp":1612229854,"path_taken":["R","M","M","?","?","?","T","?","?","R","?","E","R","M","M","BOSS","R","M","M","M","M","?","T","?","R","E"],"items_purchased_type":[],"build_version":"2020-12-22","purchased_purges":0,"victory":false,"max_hp_per_floor":[71,71,71,71,71,71,71,71,71,71,71,71,71,71,71,71,71,81,81,81,81,81,81,81,81,81,81,81,81],"card_choices":[{"not_picked":["Slimebound:GoopTackle","Slimebound:GrowthPunch"],"picked":"Slimebound:Gluttony","floor":2},{"not_picked":["Slimebound:AcidTongue","Slimebound:HauntingLick"],"picked":"Slimebound:LeechEnergy","floor":3},{"not_picked":["Slimebound:Dissolve","Slimebound:ItLooksTasty"],"picked":"Slimebound:LeechingTouch","floor":5},{"not_picked":["Slimebound:LeechingTouch","Slimebound:SplitAcid"],"picked":"Slimebound:AcidTongue","floor":6},{"not_picked":["Slimebound:Schlurp","Slimebound:ProtectTheBoss"],"picked":"Slimebound:SplitAcid","floor":9},{"not_picked":["Slimebound:ItLooksTasty","Slimebound:TongueLash"],"picked":"Slimebound:RallyTheTroops","floor":12},{"not_picked":["Slimebound:LeechingTouch","Slimebound:Prepare"],"picked":"Slimebound:SlimeSpikes","floor":14},{"not_picked":["Slimebound:ComboTackle","Slimebound:SlimeSpikes"],"picked":"Slimebound:RainOfGoop","floor":15},{"not_picked":["Slimebound:DuplicatedForm","Slimebound:Overexert"],"picked":"Slimebound:OozeBath","floor":16},{"not_picked":["Slimebound:SplitBruiser","Slimebound:PressTheAttack+1"],"picked":"Slimebound:RejuvenatingLick","floor":19},{"not_picked":["Slimebound:RollThrough","Slimebound:ItLooksTasty+1"],"picked":"Slimebound:Schlurp+1","floor":20},{"not_picked":["Slimebound:SplitAcid","Slimebound:LeechingTouch"],"picked":"Slimebound:SplitBruiser","floor":21},{"not_picked":["Slimebound:SlimeSpikes","Slimebound:ComboTackle"],"picked":"Slimebound:SplitMire","floor":22},{"not_picked":["Slimebound:LeechingTouch","Slimebound:ComboTackle"],"picked":"Slimebound:FormOfPuddle","floor":25}],"player_experience":103520,"relics_obtained":[{"floor":9,"key":"Odd Mushroom"},{"floor":12,"key":"InkBottle"},{"floor":24,"key":"MawBank"}],"event_choices":[{"damage_healed":0,"gold_gain":0,"player_choice":"Forge","damage_taken":0,"max_hp_gain":0,"max_hp_loss":0,"event_name":"Accursed Blacksmith","floor":4,"gold_loss":0,"cards_upgraded":["Slimebound:LeechEnergy"]},{"damage_healed":0,"gold_gain":0,"player_choice":"Fought Mushrooms","damage_taken":0,"max_hp_gain":0,"max_hp_loss":0,"event_name":"Mushrooms","floor":9,"gold_loss":0}],"is_beta":false,"boss_relics":[{"not_picked":["Fusion Hammer","Snecko Eye"],"picked":"SacredBark"}],"items_purged_floors":[],"is_endless":false,"potions_floor_spawned":[5,12,15,16,20,21,25],"killed_by":"Gremlin Leader","ascension_level":0}}