{"host":"5spr8tig1ba228ju","time":1612270116,"event":{"mods":["BaseMod","Bestiary","Colored Map","Colored Powertips","Curses Come First","Energized Spire","Googly Eyes","Highlight Path","Hubris","Minty Spire (QoL Compilation)","Quick Restart","Relic Stats","Reliquary","Replay The Spire","Shop Mod","Spicy Shops","StSLib","SuperFastMode","The Jungle","¡¾ÒÅÎï¿¨ÅÆ¡¿REMEMod"],"gold_per_floor":[113,123,273,285,29,29,54,54,54,54,86,98,143,159,159,233,233,243,263,263,276,379,379,409,409,464,614,614,624,637,74,74,149,149,165,211,221,221,236,363,363,395,395,406,155,168,28,38,38,38],"floor_reached":51,"language":"ZHS","playtime":5234,"items_purged":["Pain","Regret","Doubt"],"score":1325,"play_id":"bb75fc37-740f-4050-8670-13dff664897e","local_time":"20210202204836","is_ascension_mode":true,"campfire_choices":[{"data":"Armaments","floor":6.0,"key":"SMITH"},{"floor":10.0,"key":"REST"},{"data":"Fire Breathing","floor":15.0,"key":"SMITH"},{"floor":23.0,"key":"REST"},{"floor":28.0,"key":"REST"},{"data":"Sadistic Nature","floor":32.0,"key":"SMITH"},{"data":"REME_PuzzleBox","floor":41.0,"key":"SMITH"},{"data":"Corruption","floor":49,"key":"SMITH"}],"circlet_count":0,"master_deck":["AscendersBane","Strike_R","Strike_R","Strike_R","Strike_R","Strike_R","Defend_R+1","Defend_R+1","Defend_R+1","Defend_R+1","Bash","REME_PuzzleBox+1","Clothesline","Armaments+1","Fire Breathing+1","Replay:Many Hands+1","Power Through+1","ReplayTheSpireMod:Corrosion Curse+1","Warcry+1","Sword Boomerang","Double Tap+1","Flex+1","Life Link","True Grit+1","Flex+1","Reaper","Flame Barrier+1","Bludgeon","Pot Of Greed+1","Pot Of Greed+1","Pot Of Greed+1","Shrug It Off+1","Abandon+1","Inflame","Sadistic Nature+1","Bandage Up+1","Pot Of Greed+1","Shockwave+1","Corruption+1","Inflame+1","Warcry+1","Parasite","Defy Death+1","Metallicize","Dark Embrace+1","Entrench+1","True Grit+1"],"relics":["Black Blood","REME_ComplimentaryCards","reliquary:HotPoker","Toxic Egg 2","reliquary:HotPoker","Replay:Bottled Eggs","Bottled Lightning","Art of War","Pear","hubris:Icosahedron","Grinning Jar","Membership Card","Eternal Feather","reliquary:PartyBalloon","Replay:Fungal Core","reliquary:FerryPass","hubris:TenFootPole","hubris:GlazedTorus","Question Card","Strange Spoon","reliquary:NewFriend","Chemical X"],"acts_visited":["Exordium","theJungle:Jungle","TheBeyond"],"potions_floor_usage":[50],"damage_taken":[{"damage":14.0,"enemies":"Cultist","floor":1.0,"turns":4.0},{"damage":9.0,"enemies":"Jaw Worm","floor":2.0,"turns":4.0},{"damage":20.0,"enemies":"Small Slimes","floor":4.0,"turns":6.0},{"damage":27.0,"enemies":"3 Sentries","floor":7.0,"turns":6.0},{"damage":21.0,"enemies":"Lagavulin","floor":11.0,"turns":8.0},{"damage":11.0,"enemies":"Looter","floor":12.0,"turns":4.0},{"damage":5.0,"enemies":"2 Fungi Beasts","floor":13.0,"turns":4.0},{"damage":6.0,"enemies":"Blue Slaver","floor":14.0,"turns":4.0},{"damage":16.0,"enemies":"Hexaghost","floor":16.0,"turns":5.0},{"damage":31.0,"enemies":"theJungle:GiantWrat","floor":18.0,"turns":6.0},{"damage":27.0,"enemies":"theJungle:MUSHROOMGANG","floor":19.0,"turns":7.0},{"damage":36.0,"enemies":"theJungle:SlimyTreeVines","floor":21.0,"turns":6.0},{"damage":35.0,"enemies":"theJungle:2_Phrogs","floor":24.0,"turns":10.0},{"damage":50.0,"enemies":"theJungle:JungleHuntersEncounter","floor":29.0,"turns":6.0},{"damage":20.0,"enemies":"Snake Plant","floor":30.0,"turns":5.0},{"damage":15.0,"enemies":"theJungle:QueenSpyder","floor":33.0,"turns":11.0},{"damage":22.0,"enemies":"3 Shapes","floor":35.0,"turns":4.0},{"damage":22.0,"enemies":"Orb Walker","floor":37.0,"turns":3.0},{"damage":32.0,"enemies":"Writhing Mass","floor":39.0,"turns":5.0},{"damage":74.0,"enemies":"Nemesis","floor":40.0,"turns":8.0},{"damage":29.0,"enemies":"Giant Head","floor":42.0,"turns":6.0},{"damage":16.0,"enemies":"4 Shapes","floor":44.0,"turns":5.0},{"damage":4.0,"enemies":"Sphere and 2 Shapes","floor":46.0,"turns":3.0},{"damage":21,"enemies":"Jaw Worm Horde","floor":48,"turns":5},{"damage":14,"enemies":"hubris:GrandSnecko","floor":50,"turns":5}],"seed_played":"-7158424669183180221","potions_obtained":[{"floor":1.0,"key":"LifebloodPotion"},{"floor":11.0,"key":"Fruit Juice"},{"floor":12.0,"key":"Adrenaline Potion"},{"floor":16.0,"key":"Elixir"},{"floor":19.0,"key":"DuplicationPotion"},{"floor":20.0,"key":"FairyPotion"}],"is_trial":false,"path_per_floor":["M","M","?","M","$","R","E","T","T","R","E","M","M","M","R","B",null,"M","M","?","M","?","R","E","?","T","?","R","M","M","$","R","B",null,"M","T","M","?","M","E","R","E","T","M","$","M","$","M","R","B",null],"character_chosen":"IRONCLAD","items_purchased":["Toxic Egg 2","Membership Card","Eternal Feather","reliquary:PartyBalloon","Inflame","Sadistic Nature","Bandage Up+1","Shockwave+1","Strange Spoon","reliquary:NewFriend","Chemical X"],"campfire_rested":3,"item_purchase_floors":[5,31,31,31,31,31,31,31,45,45,47],"current_hp_per_floor":[60,57,57,43,43,43,22,22,22,44,34,29,30,30,30,20,65,46,31,31,13,13,37,30,30,30,30,57,34,32,32,56,69,85,81,81,90,90,90,44,71,73,73,90,90,90,90,92,92,92],"gold":38,"neow_bonus":"RANDOM_EVENT","is_daily":false,"chose_seed":false,"campfire_upgraded":5,"win_rate":0.0,"timestamp":1612270116,"path_taken":["M","?","?","M","$","R","E","?","T","R","E","M","M","M","R","BOSS","M","M","?","?","?","R","E","?","T","?","R","M","M","$","R","BOSS","M","?","M","?","M","E","R","E","T","M","$","M","$","M","R","BOSS"],"items_purchased_type":["Relic","Relic","Relic","Relic","Card","Card","Card","Card","Relic","Relic","Relic"],"build_version":"2020-12-22","purchased_purges":3,"victory":true,"max_hp_per_floor":[75,75,75,75,75,75,75,75,75,75,80,80,80,80,80,80,80,80,80,80,80,80,80,90,90,90,90,90,90,90,90,90,90,90,90,90,90,90,90,90,90,90,90,90,90,90,90,92,92,92],"relic_stats":{"Strange Spoon":[30],"counters":[25,140],"Black Blood":204,"Eternal Feather":51,"Art of War":[15],"Chemical X":[2],"Question Card":3,"obtain_stats":[{"Pear":24,"Replay:Fungal Core":34,"reliquary:PartyBalloon":31,"Black Blood":17,"Eternal Feather":31,"Question Card":43,"Burning Blood":0,"reliquary:FerryPass":36,"Strange Spoon":45,"reliquary:HotPoker":0,"hubris:Icosahedron":25,"reliquary:NewFriend":45,"reliquary:SculptingSteel":7,"Art of War":11,"hubris:TenFootPole":40,"Bottled Lightning":9,"Membership Card":31,"Chemical X":47,"Toxic Egg 2":5,"Replay:Bottled Eggs":8,"Grinning Jar":26,"REME_ComplimentaryCards":0,"hubris:GlazedTorus":42},{"Pear":13,"Replay:Fungal Core":16,"reliquary:PartyBalloon":15,"Black Blood":9,"Eternal Feather":15,"Question Card":21,"Burning Blood":0,"reliquary:FerryPass":17,"Strange Spoon":22,"reliquary:HotPoker":0,"hubris:Icosahedron":13,"reliquary:NewFriend":22,"reliquary:SculptingSteel":4,"Art of War":5,"hubris:TenFootPole":20,"Bottled Lightning":4,"Membership Card":15,"Chemical X":23,"Toxic Egg 2":3,"Replay:Bottled Eggs":4,"Grinning Jar":13,"REME_ComplimentaryCards":0,"hubris:GlazedTorus":21},{"Pear":74,"Replay:Fungal Core":96,"reliquary:PartyBalloon":85,"Black Blood":45,"Eternal Feather":85,"Question Card":122,"Burning Blood":0,"reliquary:FerryPass":100,"Strange Spoon":127,"reliquary:HotPoker":0,"hubris:Icosahedron":74,"reliquary:NewFriend":127,"reliquary:SculptingSteel":20,"Art of War":28,"hubris:TenFootPole":116,"Bottled Lightning":20,"Membership Card":85,"Chemical X":130,"Toxic Egg 2":14,"Replay:Bottled Eggs":20,"Grinning Jar":74,"REME_ComplimentaryCards":0,"hubris:GlazedTorus":122}]},"card_choices":[{"not_picked":["Warcry","Clash"],"picked":"Clothesline","floor":1.0},{"not_picked":["Iron Wave","Hemokinesis"],"picked":"Armaments","floor":2.0},{"not_picked":["Clash","Wild Strike"],"picked":"Fire Breathing","floor":4.0},{"not_picked":["Wild Strike","hubris:ReadiedAction+1"],"picked":"Replay:Many Hands+1","floor":7.0},{"not_picked":["Heavy Blade","Body Slam"],"picked":"Power Through+1","floor":11.0},{"not_picked":["Perfected Strike","Shrug It Off+1"],"picked":"ReplayTheSpireMod:Corrosion Curse+1","floor":12.0},{"not_picked":["Heavy Blade","Twin Strike"],"picked":"Warcry+1","floor":13.0},{"not_picked":["ReplayTheSpireMod:Strike From Hell","Reckless Charge"],"picked":"Sword Boomerang","floor":14.0},{"not_picked":["Hemogenesis","Limit Break+1"],"picked":"Double Tap+1","floor":16.0},{"not_picked":["Clothesline","Replay:Undeath\u0027s Touch"],"picked":"Flex+1","floor":18.0},{"not_picked":["Warcry+1","Reckless Charge"],"picked":"Life Link","floor":19.0},{"not_picked":["Clash+1","Perfected Strike"],"picked":"True Grit+1","floor":21.0},{"not_picked":["Combust","Body Slam"],"picked":"Flex+1","floor":22.0},{"not_picked":["Life Link","Armaments+1"],"picked":"Reaper","floor":22.0},{"not_picked":["ReplayTheSpireMod:Stacked+1","Anger"],"picked":"Flame Barrier+1","floor":22.0},{"not_picked":["Rampage","Uppercut"],"picked":"Bludgeon","floor":24.0},{"not_picked":["ReplayTheSpireMod:LeadingStrike","Pommel Strike+1"],"picked":"Shrug It Off+1","floor":29.0},{"not_picked":["ReplayTheSpireMod:Strike From Hell","Havoc+1"],"picked":"Abandon+1","floor":30.0},{"not_picked":["Fiend Fire","Juggernaut"],"picked":"Corruption","floor":33.0},{"not_picked":["Searing Blow","Combust"],"picked":"Inflame+1","floor":35.0},{"not_picked":["Anger+1","Defy Death+1"],"picked":"Warcry+1","floor":37.0},{"not_picked":["Sword Boomerang","Clash","ReplayTheSpireMod:Strike From Hell"],"picked":"SKIP","floor":39.0},{"not_picked":["Searing Blow","Combust"],"picked":"Defy Death+1","floor":40.0},{"not_picked":["hubris:StunningStrike","Clash"],"picked":"Metallicize","floor":42.0},{"not_picked":["True Grit+1","Armaments+1","Pommel Strike"],"picked":"Dark Embrace+1","floor":44.0},{"not_picked":["Abandon+1","Anger","Disarm+1"],"picked":"Entrench+1","floor":46.0},{"not_picked":["Burning Pact+1","Heavy Blade","Headbutt"],"picked":"True Grit+1","floor":48}],"player_experience":614953,"relics_obtained":[{"floor":7.0,"key":"reliquary:SculptingSteel"},{"floor":8.0,"key":"Replay:Bottled Eggs"},{"floor":9.0,"key":"Bottled Lightning"},{"floor":11.0,"key":"Art of War"},{"floor":24.0,"key":"Pear"},{"floor":26.0,"key":"Grinning Jar"},{"floor":36.0,"key":"reliquary:FerryPass"},{"floor":40.0,"key":"hubris:TenFootPole"},{"floor":42.0,"key":"hubris:GlazedTorus"},{"floor":43.0,"key":"Question Card"}],"event_choices":[{"damage_healed":0.0,"max_hp_gain":0.0,"max_hp_loss":0.0,"gold_gain":0.0,"event_name":"Big Fish","player_choice":"Box","floor":0.0,"gold_loss":0.0,"damage_taken":0.0,"relics_obtained":["reliquary:HotPoker"],"cards_obtained":["Regret"]},{"damage_healed":0.0,"max_hp_gain":0.0,"max_hp_loss":0.0,"gold_gain":150.0,"event_name":"Liars Game","player_choice":"AGREE","floor":3.0,"gold_loss":0.0,"damage_taken":0.0,"cards_obtained":["Doubt"]},{"damage_healed":0.0,"max_hp_gain":0.0,"max_hp_loss":0.0,"gold_gain":0.0,"event_name":"Lab","player_choice":"Got Potions","floor":20.0,"gold_loss":0.0,"damage_taken":0.0}],"is_beta":false,"boss_relics":[{"not_picked":["Runic Pyramid","Painkiller Herb"],"picked":"Black Blood"},{"not_picked":["Runic Dome","hubris:BlackHole"],"picked":"Replay:Fungal Core"}],"items_purged_floors":[31,45,47],"is_endless":false,"potions_floor_spawned":[1,11,12,16,19,29,37,39,44,48],"ascension_level":15}}