{"host":"epo9t9qajflxsfbx","time":1612247680,"event":{"mods":["Act Like it!","BaseMod","Better Altar","Better Match","Better Note","Better Sensory Stone","Better Skull","Better Third Choice","Better Vampires","BetterRewards","Clockwork Mod","Defuse TimeMaze Blight","Displayed Cursed Tome","Elementarium","Hermit","Highlight Path","Hubris","Infinite Spire","Minty Spire (QoL Compilation)","Quick Restart","Relic Stats","Reliquary","Replay The Spire","Shade Mod","Shop Mod","Somnambulant","StSLib","The Bladedancer","The Cursed","The Hierophant","The Jungle","The Servant 0.9.4","everything is the same but u backflip on backflip"],"gold_per_floor":[111,111,139,174,214,265,265,265,265,294,294,58,58,92,92,84,84],"floor_reached":16,"language":"ENG","playtime":1000,"items_purged":[],"score":102,"play_id":"2101c881-9dd4-4fbd-a9a9-b7df3a1b6654","local_time":"20210201223440","is_ascension_mode":false,"campfire_choices":[{"floor":7,"key":"REST"},{"floor":13,"key":"REST"},{"floor":15,"key":"REST"}],"circlet_count":0,"master_deck":["hierophant:Strike_Hierophant","hierophant:Strike_Hierophant","hierophant:Strike_Hierophant","hierophant:Strike_Hierophant","hierophant:Punish","hierophant:Defend_Hierophant","hierophant:Defend_Hierophant","hierophant:Defend_Hierophant","hierophant:Defend_Hierophant","hierophant:ChurchCoffers","Overencumbered","TheCursedMod:CursedWand","hierophant:DeathKnell","Panacea","infinitespire:Collect","hierophant:Doubloon","hierophant:CoinFling","Injury","hierophant:Doubloon","hierophant:Flagellation","hierophant:FaithHealing","hierophant:Doomsaying","hierophant:ConvertCurrency","hierophant:Doubloon","hierophant:Rebuild","hierophant:Sermon","hierophant:Repentance","hierophant:HammerAndAnvil","hierophant:FieryStrike","hierophant:Blessing"],"relics":["ReplayTheSpireMod:SealedPack","Golden Idol","infinitespire:Bottled Soul","FaceOfCleric","reliquary:Sideboard","Orrery"],"acts_visited":["Exordium"],"potions_floor_usage":[6,16],"damage_taken":[{"damage":9,"enemies":"2 Louse","floor":1,"turns":4},{"damage":11,"enemies":"Jaw Worm","floor":3,"turns":4},{"damage":1,"enemies":"Cultist","floor":4,"turns":3},{"damage":26,"enemies":"Exordium Thugs","floor":5,"turns":3},{"damage":26,"enemies":"Gremlin Nob","floor":6,"turns":4},{"damage":0,"enemies":"2 Fungi Beasts","floor":10,"turns":2},{"damage":10,"enemies":"Looter","floor":14,"turns":2},{"damage":68,"enemies":"Hexaghost","floor":16,"turns":9}],"seed_played":"6720752595598359726","potions_obtained":[{"floor":3,"key":"Dexterity Potion"},{"floor":14,"key":"Adrenaline Potion"}],"is_trial":false,"path_per_floor":["M","?","M","M","M","E","R","?","T","M","T","$","R","M","R","B"],"character_chosen":"HIEROPHANT","items_purchased":["hierophant:ConvertCurrency","Orrery"],"campfire_rested":3,"item_purchase_floors":[12,12],"current_hp_per_floor":[66,66,55,54,28,2,24,24,24,25,25,25,47,38,61,0,0],"gold":84,"neow_bonus":"BOSS_RELIC","is_daily":false,"chose_seed":false,"campfire_upgraded":0,"win_rate":0.0,"timestamp":1612247680,"path_taken":["M","?","M","M","M","E","R","?","T","?","?","?","R","M","R","BOSS"],"items_purchased_type":["Card","Relic"],"build_version":"2020-12-22","purchased_purges":0,"victory":false,"max_hp_per_floor":[75,75,75,75,75,75,75,75,75,76,76,76,76,77,77,77,77],"relic_stats":{"FaceOfCleric":2,"counters":[8,31],"Golden Idol":28,"obtain_stats":[{"FaceOfCleric":8,"Golden Idol":2,"infinitespire:Bottled Soul":6,"reliquary:Sideboard":9,"hierophant:PropheticMaskRelic":0,"Orrery":12,"ReplayTheSpireMod:SealedPack":0},{"FaceOfCleric":5,"Golden Idol":1,"infinitespire:Bottled Soul":5,"reliquary:Sideboard":5,"hierophant:PropheticMaskRelic":0,"Orrery":6,"ReplayTheSpireMod:SealedPack":0},{"FaceOfCleric":18,"Golden Idol":4,"infinitespire:Bottled Soul":18,"reliquary:Sideboard":18,"hierophant:PropheticMaskRelic":0,"Orrery":20,"ReplayTheSpireMod:SealedPack":0}]},"card_choices":[{"not_picked":["Shade:AnimateDead","m_Survivalism"],"picked":"TheCursedMod:CursedWand","floor":0},{"not_picked":["hierophant:Levitation","hierophant:Invocation"],"picked":"hierophant:DeathKnell","floor":0},{"not_picked":["Dark Shackles","PanicButton"],"picked":"Panacea","floor":0},{"not_picked":["infinitespire:Gouge","ReplayTheSpireMod:Chaos Vortex"],"picked":"infinitespire:Collect","floor":0},{"not_picked":["hierophant:Endure","hierophant:SealAway"],"picked":"hierophant:CoinFling","floor":1},{"not_picked":["hierophant:Invocation","hierophant:FieryStrike"],"picked":"hierophant:Doubloon","floor":3},{"not_picked":["hierophant:ConvertCurrency","hierophant:ThreeLashes"],"picked":"hierophant:Flagellation","floor":4},{"not_picked":["hierophant:Encroach","hierophant:ThreeLashes"],"picked":"hierophant:FaithHealing","floor":5},{"not_picked":["hierophant:FlamingChariot","hierophant:Upheaval"],"picked":"hierophant:Doomsaying","floor":6},{"not_picked":["hierophant:Zeal","hierophant:Remorse"],"picked":"hierophant:Blessing","floor":10},{"not_picked":["hierophant:AuricBeam","hierophant:Endure"],"picked":"hierophant:FieryStrike","floor":12},{"not_picked":["hierophant:RepressedViolence","hierophant:Sermon"],"picked":"hierophant:Repentance","floor":12},{"not_picked":["hierophant:SealAway","hierophant:Invocation"],"picked":"hierophant:Sermon","floor":12},{"not_picked":["hierophant:AuricBeam","hierophant:Cornucopia"],"picked":"hierophant:Rebuild","floor":12},{"not_picked":["hierophant:Purify","hierophant:RepressedViolence"],"picked":"hierophant:HammerAndAnvil","floor":12},{"not_picked":["hierophant:Encroach","hierophant:Racketeering"],"picked":"hierophant:HammerAndAnvil","floor":14}],"player_experience":283534,"relics_obtained":[{"floor":6,"key":"infinitespire:Bottled Soul"},{"floor":9,"key":"reliquary:Sideboard"}],"event_choices":[{"damage_healed":0,"gold_gain":0,"player_choice":"Take Wound","damage_taken":0,"relics_obtained":["Golden Idol"],"max_hp_gain":0,"max_hp_loss":0,"event_name":"Golden Idol","floor":2,"gold_loss":0,"cards_obtained":["Injury"]},{"damage_healed":0,"gold_gain":0,"player_choice":"Trade","damage_taken":0,"relics_obtained":["FaceOfCleric"],"max_hp_gain":0,"max_hp_loss":0,"event_name":"FaceTrader","floor":8,"gold_loss":0}],"is_beta":false,"boss_relics":[],"items_purged_floors":[],"is_endless":false,"potions_floor_spawned":[3,14],"killed_by":"Hexaghost","ascension_level":0}}