{"host":"cmkyc3p4v2g7wnr3","time":1612266550,"event":{"mods":["2.2 Compatiblity","A Magickal Journey","AchievementEnabler","BaseMod","Better Match","Better Note","BetterRewards","Block Reminder","Colored Map","Colored Powertips","DeckTracker","Gold Saver","Hermit","Hubris","Infinite Spire","Jorbs\u0027s Wanderer Trilogy","Marked Mod","Minty Spire (QoL Compilation)","Potionbrewer","Prisma Mod","Quick Restart","Rare Cards Sparkle","Relic Stats","Reliquary","Replay The Spire","Shop Mod","Slay the Relics Exporter","StSLib","Synergy Search","The Administrix","The Animator","The Bug Knight","The Construct","The Cursed","The Disciple","The Hierophant","The Marked","The Mystic","The Runesmith","The Servant 0.9.4","TheBandit"],"gold_per_floor":[631,631,645,655,195,226,226,236,260,260,260,260,289,304,304,409,10409,10364,10364,10364,10364,10364,10364,10364,10364,10364,10364,10364,10364,10364,10364,10364,10364,10364,10364,10364,10364,10364,10364,10364,10364,9912,9912,9912,9912,9912,9912,9912,9912,9912,9912,9912,9319,9319,9319],"floor_reached":56,"language":"ENG","playtime":6830,"items_purged":["mysticmod:Natural20+1","mysticmod:Strike_Mystic","mysticmod:Strike_Mystic","mysticmod:Defend_Mystic"],"score":1674,"play_id":"135890dc-ad9c-4e0d-b9a7-f32c03cfa37b","local_time":"20210202124910","is_ascension_mode":false,"campfire_choices":[{"data":"mysticmod:ArcaneAccuracy","floor":7.0,"key":"SMITH"},{"data":"mysticmod:HeavyStrike","floor":12.0,"key":"SMITH"},{"data":"mysticmod:Alacrity","floor":15.0,"key":"SMITH"},{"data":"mysticmod:PunishingArmor","floor":23.0,"key":"SMITH"},{"floor":27.0,"key":"DIG"},{"floor":32.0,"key":"DIG"},{"data":"mysticmod:Dedication+1","floor":47,"key":"SMITH"},{"data":"mysticmod:Dedication+2","floor":49,"key":"SMITH"},{"data":"mysticmod:Dedication+3","floor":52,"key":"SMITH"}],"circlet_count":0,"master_deck":["mysticmod:Natural20+1","mysticmod:Strike_Mystic","mysticmod:Strike_Mystic","mysticmod:Defend_Mystic","mysticmod:Defend_Mystic","mysticmod:Defend_Mystic","mysticmod:ArcaneDodge","mysticmod:ShockingGrasp","mysticmod:CureLightWounds","mysticmod:StyleChange","mysticmod:ComboCaster+1","mysticmod:Dedication+4","mysticmod:CureLightWounds","mysticmod:MightyMagic+1","Pot Of Greed","Pot Of Greed","Secret Weapon","Deep Breath","Bandage Up","mysticmod:ArcaneAccuracy+1","mysticmod:HeavyStrike+1","mysticmod:MagicWeapon+1","mysticmod:Alacrity+1","mysticmod:Spellstrike+1","mysticmod:CureLightWounds","Pot Of Greed","mysticmod:PunishingArmor+1","mysticmod:DiviningBlow+1","mysticmod:ComponentsPouch","mysticmod:CureLightWounds+1","mysticmod:CureLightWounds","mysticmod:TomeOfSpells+1","mysticmod:PureInstinct","mysticmod:MagicMissile+1"],"relics":["mysticmod:SpellBook","MerchantsRug","Blue Doll","infinitespire:Joker Card","ClockworkSouvenir","Ornamental Fan","Torii","Thread and Needle","infinitespire:Satchel","InkBottle","hubris:BundleOfHerbs","Gremlin Food","ReplayTheSpireMod:ShopPack","Grinning Jar","Ice Cream","HollowMod:PaleOreRelic","Blood Vial","Potion Belt","Ectoplasm","Replay:Multitool","Nunchaku","Simple Rune","hubris:MobiusCoin","Dream Catcher","Shovel","hubris:TenFootPole","Painkiller Herb","Replay:Lucky Slots","hubris:ToyBattleship","hubris:Spice","reliquary:TatteredRug","reliquary:IridiumChain"],"acts_visited":["Exordium","TheCity","TheBeyond","TheEnding"],"potions_floor_usage":[41,48,50,55,55,55,55,55,55,55],"damage_taken":[{"damage":0.0,"enemies":"Jaw Worm","floor":1.0,"turns":5.0},{"damage":1.0,"enemies":"Cultist","floor":3.0,"turns":5.0},{"damage":1.0,"enemies":"2 Louse","floor":4.0,"turns":3.0},{"damage":5.0,"enemies":"Replay:BlueRogue","floor":6.0,"turns":6.0},{"damage":0.0,"enemies":"2 Fungi Beasts","floor":8.0,"turns":4.0},{"damage":10.0,"enemies":"3 Sentries","floor":13.0,"turns":6.0},{"damage":7.0,"enemies":"Exordium Thugs","floor":14.0,"turns":4.0},{"damage":0.0,"enemies":"The Guardian","floor":16.0,"turns":10.0},{"damage":9.0,"enemies":"2 Thieves","floor":18.0,"turns":4.0},{"damage":16.0,"enemies":"Spheric Guardian","floor":19.0,"turns":4.0},{"damage":8.0,"enemies":"Snake Plant","floor":21.0,"turns":3.0},{"damage":1.0,"enemies":"Centurion and Healer","floor":22.0,"turns":3.0},{"damage":19.0,"enemies":"Gremlin Leader","floor":24.0,"turns":7.0},{"damage":8.0,"enemies":"Cultist and Chosen","floor":25.0,"turns":6.0},{"damage":1.0,"enemies":"Book of Stabbing","floor":29.0,"turns":3.0},{"damage":1.0,"enemies":"3 Cultists","floor":30.0,"turns":5.0},{"damage":32.0,"enemies":"Gremlin Leader","floor":31.0,"turns":6.0},{"damage":7.0,"enemies":"Champ","floor":33.0,"turns":8.0},{"damage":0.0,"enemies":"Orb Walker","floor":35.0,"turns":2.0},{"damage":9.0,"enemies":"3 Darklings","floor":36.0,"turns":4.0},{"damage":0,"enemies":"Spire Growth","floor":37,"turns":4},{"damage":0,"enemies":"Jaw Worm Horde","floor":38,"turns":3},{"damage":27,"enemies":"4 Shapes","floor":41,"turns":6},{"damage":0,"enemies":"Reptomancer","floor":45,"turns":2},{"damage":17,"enemies":"Writhing Mass","floor":48,"turns":4},{"damage":13,"enemies":"Time Eater","floor":50,"turns":7},{"damage":13,"enemies":"Shield and Spear","floor":54,"turns":5},{"damage":41,"enemies":"The Heart","floor":55,"turns":6}],"seed_played":"-157908450325927713","potions_obtained":[{"floor":3.0,"key":"construct:ShiftPotion"},{"floor":6.0,"key":"Energy Potion"},{"floor":19.0,"key":"DistilledChaos"},{"floor":21.0,"key":"EntropicBrew"},{"floor":22.0,"key":"DistilledChaos"},{"floor":25.0,"key":"SkillPotion"},{"floor":30.0,"key":"BlessingOfTheForge"},{"floor":36.0,"key":"Dexterity Potion"},{"floor":41,"key":"Reflective Coating"},{"floor":48,"key":"Block Potion"}],"is_trial":false,"path_per_floor":["M","?","M","M","$","E","R","M","T","?","?","R","E","M","R","B",null,"M","M","?","M","M","R","E","M","T","R","AVR","E","M","E","R","B",null,"?","?","?","?","AVR","?","?","T","T","?","E","?","T","?","T","B",null,"T","T","E","B",null],"character_chosen":"MYSTIC_CLASS","items_purchased":["MerchantsRug","Blue Doll","mysticmod:CureLightWounds","ClockworkSouvenir","Ornamental Fan","Torii","mysticmod:ComboCaster","mysticmod:Dedication+1","infinitespire:Satchel","InkBottle","mysticmod:CureLightWounds","mysticmod:MightyMagic+1","Gremlin Food","ReplayTheSpireMod:ShopPack","Grinning Jar","Ice Cream","hubris:ToyBattleship","hubris:Spice","hubris:Spice","reliquary:IridiumChain","mysticmod:PureInstinct"],"campfire_rested":0,"item_purchase_floors":[0,0,0,0,0,0,0,0,0,0,0,0,0,0,0,5,42,42,53,53,53],"current_hp_per_floor":[77,77,77,77,77,72,72,72,72,72,72,72,75,77,77,77,77,75,65,65,69,77,77,77,77,77,77,77,77,77,74,74,77,77,77,77,77,77,77,77,74,82,82,82,93,93,93,81,81,93,93,93,85,77,70],"gold":9319,"neow_bonus":"","is_daily":false,"chose_seed":false,"campfire_upgraded":7,"win_rate":0.0,"timestamp":1612266550,"path_taken":["M","?","M","?","$","E","R","M","T","?","?","R","E","M","R","BOSS","M","M","?","M","M","R","E","M","T","R","AVR","E","M","E","R","BOSS","?","?","?","?","AVR","?","?","T","T","?","E","?","T","?","T","BOSS","T","T","E","BOSS"],"items_purchased_type":["Relic","Relic","Card","Relic","Relic","Relic","Card","Card","Relic","Relic","Card","Card","Relic","Relic","Relic","Relic","Relic","Relic","Relic","Relic","Card"],"build_version":"2020-12-22","purchased_purges":4,"victory":true,"max_hp_per_floor":[77,77,77,77,77,77,77,77,77,77,77,77,77,77,77,77,77,77,77,77,77,77,77,77,77,77,77,77,77,77,77,77,77,77,77,77,77,77,77,77,77,85,85,85,93,93,93,93,93,93,93,93,85,77,77],"relic_stats":{"Blood Vial":16,"Nunchaku":[17],"Dream Catcher":0,"Shovel":2,"Torii":30,"counters":[42,189],"Ornamental Fan":[216],"Ectoplasm":623,"obtain_stats":[{"Ice Cream":5,"Blood Vial":9,"Strawberry":19,"HollowMod:PaleOreRelic":6,"hubris:TinFlute":10,"MerchantsRug":11,"hubris:MobiusCoin":28,"hubris:DuctTape":9,"Ring of Chaos":17,"reliquary:TatteredRug":43,"Pandora\u0027s Box":21,"Simple Rune":27,"hubris:TenFootPole":32,"hubris:ToyBattleship":42,"Grinning Jar":0,"Regal Pillow":26,"Torii":0,"mysticmod:SpellBook":0,"Blue Doll":0,"Painkiller Herb":34,"Bag of Preparation":21,"Replay:Multitool":24,"Replay:Mystery Machine":24,"Ancient Tea Set":11,"ClockworkSouvenir":0,"Nunchaku":26,"Dream Catcher":29,"hubris:Icosahedron":13,"Shovel":31,"Tiny Chest":11,"Replay:Lucky Slots":39,"InkBottle":0,"Gremlin Food":0,"Potion Belt":13,"BargainBundle":11,"HollowMod:LifeEnderRelic":5,"NeowsBlessing":0,"hubris:64BitClover":6,"Thread and Needle":0,"infinitespire:Joker Card":0,"MawBank":30,"reliquary:IridiumChain":53,"Ornamental Fan":0,"hubris:Spice":42,"infinitespire:Satchel":0,"hubris:BundleOfHerbs":0,"Ectoplasm":17,"Bag of Marbles":32,"hubris:BottledRain":27,"ReplayTheSpireMod:ShopPack":0},{"Ice Cream":17,"Blood Vial":19,"Strawberry":8,"HollowMod:PaleOreRelic":18,"hubris:TinFlute":4,"MerchantsRug":4,"hubris:MobiusCoin":28,"hubris:DuctTape":4,"Ring of Chaos":7,"reliquary:TatteredRug":37,"Pandora\u0027s Box":8,"Simple Rune":28,"hubris:TenFootPole":31,"hubris:ToyBattleship":37,"Grinning Jar":14,"Regal Pillow":9,"Torii":14,"mysticmod:SpellBook":0,"Blue Doll":14,"Painkiller Herb":32,"Bag of Preparation":8,"Replay:Multitool":27,"Replay:Mystery Machine":9,"Ancient Tea Set":4,"ClockworkSouvenir":14,"Nunchaku":28,"Dream Catcher":29,"hubris:Icosahedron":5,"Shovel":31,"Tiny Chest":4,"Replay:Lucky Slots":36,"InkBottle":14,"Gremlin Food":14,"Potion Belt":20,"BargainBundle":4,"HollowMod:LifeEnderRelic":3,"NeowsBlessing":0,"hubris:64BitClover":4,"Thread and Needle":14,"infinitespire:Joker Card":14,"MawBank":12,"reliquary:IridiumChain":40,"Ornamental Fan":14,"hubris:Spice":37,"infinitespire:Satchel":14,"hubris:BundleOfHerbs":14,"Ectoplasm":22,"Bag of Marbles":13,"hubris:BottledRain":10,"ReplayTheSpireMod:ShopPack":14},{"Ice Cream":67,"Blood Vial":77,"Strawberry":33,"HollowMod:PaleOreRelic":73,"hubris:TinFlute":11,"MerchantsRug":11,"hubris:MobiusCoin":124,"hubris:DuctTape":11,"Ring of Chaos":29,"reliquary:TatteredRug":165,"Pandora\u0027s Box":33,"Simple Rune":124,"hubris:TenFootPole":138,"hubris:ToyBattleship":165,"Grinning Jar":54,"Regal Pillow":37,"Torii":54,"mysticmod:SpellBook":0,"Blue Doll":54,"Painkiller Herb":146,"Bag of Preparation":33,"Replay:Multitool":118,"Replay:Mystery Machine":37,"Ancient Tea Set":11,"ClockworkSouvenir":54,"Nunchaku":124,"Dream Catcher":127,"hubris:Icosahedron":15,"Shovel":138,"Tiny Chest":11,"Replay:Lucky Slots":159,"InkBottle":54,"Gremlin Food":54,"Potion Belt":83,"BargainBundle":11,"HollowMod:LifeEnderRelic":3,"NeowsBlessing":0,"hubris:64BitClover":11,"Thread and Needle":54,"infinitespire:Joker Card":54,"MawBank":50,"reliquary:IridiumChain":178,"Ornamental Fan":54,"hubris:Spice":165,"infinitespire:Satchel":54,"hubris:BundleOfHerbs":54,"Ectoplasm":97,"Bag of Marbles":53,"hubris:BottledRain":42,"ReplayTheSpireMod:ShopPack":54}],"InkBottle":[92]},"card_choices":[{"not_picked":["ReplayTheSpireMod:Brewmster","Poisoned Strike"],"picked":"Secret Weapon","floor":0.0},{"not_picked":["Good Instincts","Survey Options"],"picked":"Deep Breath","floor":0.0},{"not_picked":["Swift Strike","ReplayTheSpireMod:Trickstab"],"picked":"Bandage Up","floor":0.0},{"not_picked":["mysticmod:EnergizedRift","mysticmod:DiviningBlow","mysticmod:CorrosiveTouch"],"picked":"SKIP","floor":1.0},{"not_picked":["mysticmod:MirrorStrike","mysticmod:Disengage","mysticmod:Grapple"],"picked":"SKIP","floor":3.0},{"not_picked":["mysticmod:CorrosiveTouch","mysticmod:Daze","mysticmod:Shield"],"picked":"SKIP","floor":4.0},{"not_picked":["mysticmod:Disengage","mysticmod:Dedication"],"picked":"mysticmod:ArcaneAccuracy","floor":6.0},{"not_picked":["mysticmod:Disengage","mysticmod:PreparedCaster"],"picked":"mysticmod:HeavyStrike","floor":8.0},{"not_picked":["mysticmod:SpellRecall","mysticmod:ComponentsPouch"],"picked":"mysticmod:MagicWeapon","floor":13.0},{"not_picked":["mysticmod:CorrosiveTouch","mysticmod:FloatingDisk"],"picked":"mysticmod:Alacrity","floor":14.0},{"not_picked":["mysticmod:Natural20","mysticmod:GreaterInvisibility"],"picked":"mysticmod:Spellstrike","floor":16.0},{"not_picked":["mysticmod:VorpalThrust+1","mysticmod:Disengage"],"picked":"mysticmod:CureLightWounds","floor":18.0},{"not_picked":["mysticmod:EnergizedRift","mysticmod:Disengage","mysticmod:Alacrity"],"picked":"SKIP","floor":19.0},{"not_picked":["mysticmod:Grease","mysticmod:PowerSlash"],"picked":"mysticmod:PunishingArmor","floor":21.0},{"not_picked":["mysticmod:HeavyStrike","mysticmod:Riposte"],"picked":"mysticmod:DiviningBlow+1","floor":22.0},{"not_picked":["mysticmod:PreparedCaster+1","mysticmod:CorrosiveTouch","mysticmod:EnchantedMoulinet"],"picked":"SKIP","floor":24.0},{"not_picked":["mysticmod:TomeOfSpells","mysticmod:Disengage"],"picked":"mysticmod:ComponentsPouch","floor":25.0},{"not_picked":["mysticmod:EnergizedRift","mysticmod:Probe+1","mysticmod:Flourish"],"picked":"SKIP","floor":29.0},{"not_picked":["mysticmod:PowerAttack+1","mysticmod:PowerSlash"],"picked":"mysticmod:CureLightWounds+1","floor":30.0},{"not_picked":["mysticmod:Snowball","mysticmod:ArcaneAccuracy"],"picked":"mysticmod:CureLightWounds","floor":31.0},{"not_picked":["mysticmod:Disengage+1","mysticmod:AllIn","mysticmod:Sideswipe+1"],"picked":"SKIP","floor":35.0},{"not_picked":["mysticmod:HunkerDown+1","mysticmod:FloatingDisk"],"picked":"mysticmod:TomeOfSpells+1","floor":36.0},{"not_picked":["mysticmod:FloatingDisk","mysticmod:Snowball","mysticmod:BulkUp+1"],"picked":"SKIP","floor":37},{"not_picked":["mysticmod:FloatingDisk","mysticmod:Snowball","mysticmod:BulkUp+1"],"picked":"SKIP","floor":37},{"not_picked":["mysticmod:ComponentsPouch+1","mysticmod:Flourish","mysticmod:TomeOfSpells"],"picked":"SKIP","floor":38},{"not_picked":["mysticmod:MightyMagic","mysticmod:PreparedCaster+1","mysticmod:AllIn+1"],"picked":"SKIP","floor":41},{"not_picked":["mysticmod:Snowball","mysticmod:Riposte+1","mysticmod:Disengage+1"],"picked":"SKIP","floor":45},{"not_picked":["mysticmod:Daze","mysticmod:ComponentsPouch+1","mysticmod:LightningBolt+1"],"picked":"SKIP","floor":48},{"not_picked":["mysticmod:Snowball","mysticmod:EnergizedRift+1"],"picked":"mysticmod:MagicMissile+1","floor":54}],"player_experience":332642,"relics_obtained":[{"floor":6.0,"key":"HollowMod:PaleOreRelic"},{"floor":9.0,"key":"Blood Vial"},{"floor":13.0,"key":"Potion Belt"},{"floor":24.0,"key":"Replay:Multitool"},{"floor":26.0,"key":"Nunchaku"},{"floor":27.0,"key":"Simple Rune"},{"floor":29.0,"key":"Dream Catcher"},{"floor":31.0,"key":"Shovel"},{"floor":32.0,"key":"hubris:TenFootPole"},{"floor":43,"key":"reliquary:TatteredRug"},{"floor":45,"key":"hubris:Spice"},{"floor":54,"key":"hubris:Spice"}],"event_choices":[{"damage_healed":0.0,"max_hp_gain":0.0,"max_hp_loss":0.0,"gold_gain":0.0,"event_name":"Accursed Blacksmith","player_choice":"Forge","floor":2.0,"gold_loss":0.0,"damage_taken":0.0,"cards_upgraded":["mysticmod:ComboCaster"]},{"damage_healed":0.0,"max_hp_gain":0.0,"max_hp_loss":0.0,"gold_gain":0.0,"event_name":"Liars Game","player_choice":"Ignored","floor":11.0,"gold_loss":0.0,"damage_taken":0.0},{"damage_healed":0.0,"max_hp_gain":0.0,"max_hp_loss":0.0,"gold_gain":0.0,"event_name":"Upgrade Shrine","player_choice":"Upgraded","floor":20.0,"gold_loss":0.0,"damage_taken":0.0,"cards_upgraded":["mysticmod:Spellstrike"]}],"is_beta":false,"boss_relics":[{"not_picked":["reliquary:KinkedSpring","Cursed Key"],"picked":"Ectoplasm"},{"not_picked":["Snecko Eye","reliquary:RedCape"],"picked":"Painkiller Herb"}],"items_purged_floors":[0,0,0,5],"is_endless":false,"potions_floor_spawned":[3,6,19,21,22,25,30,36,41,48],"ascension_level":0}}