{"host":"8p5c6x4qt9411139","time":1612226364,"event":{"mods":["Aspiration","BaseMod","BetterRewards","Friendly Minions","Hubris","Infinite Spire","Minty Spire (QoL Compilation)","Quick Restart","Relic Stats","Replay The Spire","Shop Mod","StSLib","The Jungle"],"gold_per_floor":[111,111,111,19,34,34,34,34,34,69,88,118,118,118,118,218,218,234,234,234,245,245,272,52,52,52,85,103,103,135,154,154,254,254,274,46,96,96,92,92,92,92,116,116,116,116],"floor_reached":45,"language":"ENG","playtime":1320,"items_purged":["Replay:Undeath\u0027s Touch","Replay:Undeath\u0027s Touch+1"],"score":523,"play_id":"90d9f363-338b-4f7c-a7e1-82b2d419d260","local_time":"20210201163924","daily_mods":["SealedDeck","Heirloom"],"is_ascension_mode":false,"campfire_choices":[{"data":"Run Through","floor":6,"key":"SMITH"},{"data":"True Grit","floor":8,"key":"SMITH"},{"data":"Rampage","floor":15,"key":"SMITH"},{"data":"ReplayTheSpireMod:Chaos Vortex","floor":25,"key":"SMITH"},{"data":"Rupture","floor":29,"key":"SMITH"},{"data":"Replay:Undeath\u0027s Touch","floor":32,"key":"SMITH"},{"data":"ReplayTheSpireMod:Black Plague","floor":42,"key":"SMITH"},{"floor":44,"key":"REST"}],"circlet_count":0,"master_deck":["infinitespire:Neurotoxin+1","Seeing Red","Hemokinesis+1","Rupture+1","Clothesline+1","Headbutt+1","True Grit+1","ReplayTheSpireMod:Stacked","Sword Boomerang+1","hubris:Insight","Run Through+1","Rampage+1","Replay:Undeath\u0027s Touch+1","ReplayTheSpireMod:Chaos Vortex+1","Limit Break","Shrug It Off","Demonic Infusion","Berserk","ReplayTheSpireMod:Black Plague+1"],"relics":["Burning Blood","NeowsBlessing","Lizard Tail","Replay:Mystery Machine","Whetstone","Juzu Bracelet","Smiling Mask","MerchantsRug","BargainBundle","ReplayTheSpireMod:Lightbulb","King of Hearts","infinitespire:Burning Sword","Bottled Flame","Turnip","infinitespire:Beetle Shell"],"acts_visited":["Exordium","Exordium","TheBeyond"],"potions_floor_usage":[30,39],"damage_taken":[{"damage":1,"enemies":"Small Slimes","floor":1,"turns":2},{"damage":0,"enemies":"2 Louse","floor":5,"turns":1},{"damage":0,"enemies":"Gremlin Nob","floor":10,"turns":1},{"damage":0,"enemies":"infinitespire:Voidling","floor":11,"turns":1},{"damage":19,"enemies":"3 Sentries","floor":12,"turns":4},{"damage":32,"enemies":"The Guardian","floor":16,"turns":4},{"damage":18,"enemies":"theJungle:5_Spyders","floor":18,"turns":4},{"damage":31,"enemies":"Shell Parasite","floor":21,"turns":3},{"damage":13,"enemies":"Nightmare","floor":23,"turns":5},{"damage":2,"enemies":"theJungle:MamaSnecko","floor":27,"turns":3},{"damage":2,"enemies":"theJungle:JungleHuntersEncounter","floor":28,"turns":4},{"damage":2,"enemies":"theJungle:Cassacara","floor":30,"turns":3},{"damage":3,"enemies":"theJungle:SlimyTreeVines","floor":31,"turns":2},{"damage":2,"enemies":"theJungle:FunGuy","floor":33,"turns":5},{"damage":8,"enemies":"Orb Walker","floor":35,"turns":2},{"damage":20,"enemies":"Mind Bloom Boss Battle","floor":37,"turns":4},{"damage":56,"enemies":"3 Darklings","floor":39,"turns":4},{"damage":0,"enemies":"Giant Head","floor":45,"turns":1}],"seed_played":"-7736332411736197609","potions_obtained":[{"floor":10,"key":"Energy Potion"},{"floor":11,"key":"Reflective Coating"},{"floor":12,"key":"Explosive Potion"},{"floor":30,"key":"ElixirPotion"},{"floor":39,"key":"PowerPotion"}],"is_trial":true,"path_per_floor":["M","?","WH","$","M","R","?","R","T","E","M","E","WH","?","R","B",null,"M","WH","AVR","M","?","NM","$","R","T","E","M","R","E","M","R","B",null,"M","$","?","WH","M","?","WH","R","T","R","E"],"character_chosen":"IRONCLAD","items_purchased":["hubris:Insight","MerchantsRug","BargainBundle","Shrug It Off","Bottled Flame","Berserk"],"campfire_rested":1,"item_purchase_floors":[4,24,24,24,36,36],"current_hp_per_floor":[80,64,64,64,70,70,70,70,70,76,80,67,75,84,84,58,88,73,81,81,53,53,43,43,43,43,47,51,51,55,61,61,65,96,94,94,80,80,30,6,6,6,6,34,34,34],"gold":116,"neow_bonus":"TEN_PERCENT_HP_BONUS","is_daily":false,"chose_seed":false,"campfire_upgraded":7,"win_rate":0.0,"timestamp":1612226364,"path_taken":["M","?","WH","$","M","R","?","R","T","E","M","E","WH","?","R","BOSS","M","WH","AVR","M","?","NM","$","R","T","E","M","R","E","M","R","BOSS","M","$","?","WH","M","?","WH","R","T","R","E"],"items_purchased_type":["Card","Relic","Relic","Card","Relic","Card"],"build_version":"2020-12-22","purchased_purges":2,"victory":false,"max_hp_per_floor":[80,80,80,80,80,80,80,80,80,80,80,80,88,88,88,88,88,88,96,96,96,96,96,96,96,96,96,96,96,96,96,96,96,96,96,96,96,96,96,96,96,96,96,96,96,96],"relic_stats":{"Lizard Tail":0,"counters":[18,53],"Turnip":[0],"Juzu Bracelet":2,"Whetstone":["Sword Boomerang","Replay:Undeath\u0027s Touch"],"Smiling Mask":75,"obtain_stats":[{"MerchantsRug":24,"BargainBundle":24,"NeowsBlessing":3,"Ring of Chaos":0,"King of Hearts":30,"infinitespire:Beetle Shell":43,"Juzu Bracelet":20,"Whetstone":12,"Replay:Mystery Machine":10,"Smiling Mask":23,"Burning Blood":0,"Lizard Tail":9,"Replay:Baseball":26,"Bottled Flame":36,"WingedGreaves":0,"Turnip":37,"infinitespire:Burning Sword":34,"ReplayTheSpireMod:DimensionalGlitch":17,"ReplayTheSpireMod:Lightbulb":27},{"MerchantsRug":9,"BargainBundle":9,"NeowsBlessing":1,"Ring of Chaos":0,"King of Hearts":12,"infinitespire:Beetle Shell":17,"Juzu Bracelet":7,"Whetstone":5,"Replay:Mystery Machine":3,"Smiling Mask":9,"Burning Blood":0,"Lizard Tail":2,"Replay:Baseball":9,"Bottled Flame":15,"WingedGreaves":0,"Turnip":16,"infinitespire:Burning Sword":14,"ReplayTheSpireMod:DimensionalGlitch":6,"ReplayTheSpireMod:Lightbulb":10},{"MerchantsRug":25,"BargainBundle":25,"NeowsBlessing":2,"Ring of Chaos":0,"King of Hearts":35,"infinitespire:Beetle Shell":52,"Juzu Bracelet":17,"Whetstone":9,"Replay:Mystery Machine":4,"Smiling Mask":25,"Burning Blood":0,"Lizard Tail":3,"Replay:Baseball":25,"Bottled Flame":44,"WingedGreaves":0,"Turnip":48,"infinitespire:Burning Sword":42,"ReplayTheSpireMod:DimensionalGlitch":13,"ReplayTheSpireMod:Lightbulb":28}],"Burning Blood":86},"card_choices":[{"not_picked":["Cleave","hubris:ReadiedAction","Shockwave"],"picked":"SKIP","floor":1},{"not_picked":["Pommel Strike","Warcry"],"picked":"Run Through","floor":5},{"not_picked":["Perfected Strike","Body Slam","Run Through"],"picked":"SKIP","floor":10},{"not_picked":["Clash","Bloodletting","ReplayTheSpireMod:Stacked"],"picked":"SKIP","floor":11},{"not_picked":["infinitespire:OneForAll","Havoc"],"picked":"Rampage","floor":12},{"not_picked":["Pommel Strike","Dual Wield","Havoc+1"],"picked":"SKIP","floor":18},{"not_picked":["Warcry+1","Flex"],"picked":"Replay:Undeath\u0027s Touch","floor":21},{"not_picked":["infinitespire:Oblivion","infinitespire:Punishment"],"picked":"ReplayTheSpireMod:Chaos Vortex","floor":23},{"not_picked":["Sentinel","Rage"],"picked":"Limit Break","floor":23},{"not_picked":["Wild Strike+1","hubris:ReadiedAction","Shockwave+1"],"picked":"SKIP","floor":27},{"not_picked":["Iron Wave","Pommel Strike","Hemokinesis"],"picked":"SKIP","floor":28},{"not_picked":["True Grit","hubris:ReadiedAction","Iron Wave+1"],"picked":"SKIP","floor":30},{"not_picked":["Armaments+1","ReplayTheSpireMod:Strike From Hell","Sever Soul"],"picked":"SKIP","floor":31},{"not_picked":["Juggernaut","Feed"],"picked":"Demonic Infusion","floor":33},{"not_picked":["Clothesline+1","ReplayTheSpireMod:Corrosion Curse+1","Twin Strike"],"picked":"SKIP","floor":35},{"not_picked":["Heavy Blade","Flex","Clothesline"],"picked":"SKIP","floor":39},{"not_picked":["infinitespire:Fortify","infinitespire:FinalStrike"],"picked":"ReplayTheSpireMod:Black Plague","floor":40}],"player_experience":413844,"relics_obtained":[{"floor":9,"key":"Lizard Tail"},{"floor":10,"key":"Replay:Mystery Machine"},{"floor":12,"key":"Whetstone"},{"floor":23,"key":"Smiling Mask"},{"floor":26,"key":"Replay:Baseball"},{"floor":27,"key":"ReplayTheSpireMod:Lightbulb"},{"floor":30,"key":"King of Hearts"},{"floor":37,"key":"Turnip"},{"floor":43,"key":"infinitespire:Beetle Shell"}],"event_choices":[{"damage_healed":0,"gold_gain":0,"player_choice":"Entered Light","damage_taken":16,"max_hp_gain":0,"max_hp_loss":0,"event_name":"Shining Light","floor":2,"gold_loss":0,"cards_upgraded":["Headbutt","Hemokinesis"]},{"damage_healed":0,"gold_gain":0,"player_choice":"0 cards matched","damage_taken":0,"max_hp_gain":0,"max_hp_loss":0,"event_name":"Match and Keep!","floor":22,"gold_loss":0,"cards_obtained":[]},{"damage_healed":0,"gold_gain":0,"player_choice":"Fight","damage_taken":0,"max_hp_gain":0,"max_hp_loss":0,"event_name":"MindBloom","floor":37,"gold_loss":0}],"is_beta":false,"boss_relics":[{"not_picked":["Tiny House","Snecko Heart"],"picked":"ReplayTheSpireMod:DimensionalGlitch"},{"not_picked":["Honey Jar","Empty Cage"],"picked":"infinitespire:Burning Sword"}],"items_purged_floors":[24,36],"is_endless":true,"potions_floor_spawned":[10,11,12,16,18,21,30,33,39],"killed_by":"Giant Head","ascension_level":0}}