{"host":"0ntunplbxyg40l63","time":1612263050,"event":{"mods":["BaseMod","Colored Powertips","Downfall","Minty Spire (QoL Compilation)","StSLib"],"gold_per_floor":[99,115,130,130,143,163,216,242,342,354,384,394,152,152,152],"floor_reached":14,"language":"ENG","playtime":743,"items_purged":[],"score":127,"play_id":"8fb27c91-2767-47b5-8b39-207a64ef4c68","local_time":"20210202105050","daily_mods":["SealedDeck","Lethality"],"is_ascension_mode":false,"campfire_choices":[{"data":"champ:BerserkerStyle","floor":1,"key":"SMITH"}],"circlet_count":0,"master_deck":["champ:AdrenalArmor+1","Bloodletting","champ:BringItOn","Heavy Blade","Rupture","champ:SwordSigil","champ:Shatter+1","champ:BerserkerStyle+1","champ:DeathBlow","champ:FocusedBerserking","champ:CrookedStrike+1","Iron Wave","champ:BerserkersShout","champ:FanOfKnives","champ:EnGarde+1","champ:Backstep","champ:DeathBlow","Pummel","Combust"],"relics":["Burning Blood","Boot","Whetstone","Bronze Scales","War Paint"],"acts_visited":["Exordium"],"potions_floor_usage":[8,11,11,13],"damage_taken":[{"damage":7,"enemies":"2 Louse","floor":2,"turns":2},{"damage":24,"enemies":"Cultist","floor":3,"turns":2},{"damage":35,"enemies":"Small Slimes","floor":5,"turns":2},{"damage":61,"enemies":"Exordium Wildlife","floor":6,"turns":3},{"damage":47,"enemies":"3 Sentries","floor":8,"turns":4},{"damage":40,"enemies":"Lots of Slimes","floor":10,"turns":2},{"damage":57,"enemies":"Gremlin Nob","floor":11,"turns":4},{"damage":21,"enemies":"3 Louse","floor":12,"turns":1},{"damage":69,"enemies":"downfall:FleeingMerchant","floor":13,"turns":4},{"damage":57,"enemies":"3 Sentries","floor":14,"turns":4}],"seed_played":"8728604210374395030","potions_obtained":[{"floor":2,"key":"EssenceOfSteel"},{"floor":6,"key":"hexamod:SoulburnPotion"},{"floor":8,"key":"Weak Potion"},{"floor":12,"key":"Energy Potion"}],"is_trial":true,"path_per_floor":["R","M","M","?","M","M","T","E","?","M","E","M","$","E"],"character_chosen":"IRONCLAD","items_purchased":["Combust","War Paint"],"campfire_rested":0,"item_purchase_floors":[13,13],"current_hp_per_floor":[80,80,80,80,80,79,79,80,80,72,54,60,43,0,0],"gold":152,"neow_bonus":"","is_daily":false,"chose_seed":false,"campfire_upgraded":1,"win_rate":0.0,"timestamp":1612263050,"path_taken":["R","M","M","?","?","M","T","E","?","M","E","M","$","E"],"items_purchased_type":["Card","Relic"],"build_version":"2020-12-22","purchased_purges":0,"victory":false,"max_hp_per_floor":[80,80,80,80,80,80,80,80,80,80,80,80,80,80,80],"card_choices":[{"not_picked":["Infernal Blade","Shockwave"],"picked":"champ:CrookedStrike","floor":2},{"not_picked":["Headbutt","Seeing Red"],"picked":"champ:DeathBlow","floor":3},{"not_picked":["champ:TornadoPunch","Heavy Blade"],"picked":"champ:BerserkersShout","floor":5},{"not_picked":["champ:StanceDance","Iron Wave"],"picked":"champ:FanOfKnives","floor":6},{"not_picked":["champ:Circumvent","Warcry"],"picked":"champ:EnGarde","floor":8},{"not_picked":["Sever Soul","Sword Boomerang"],"picked":"champ:Backstep","floor":10},{"not_picked":["Sever Soul","Berserk"],"picked":"champ:DeathBlow","floor":11},{"not_picked":["Rage","champ:BladeFlurry","champ:CrownThrow"],"picked":"SKIP","floor":12},{"not_picked":["Dual Wield","Warcry"],"picked":"Pummel","floor":13}],"player_experience":34930,"relics_obtained":[{"floor":7,"key":"Boot"},{"floor":8,"key":"Whetstone"},{"floor":11,"key":"Bronze Scales"}],"event_choices":[{"cards_removed":["champ:DeathBlow"],"damage_healed":0,"gold_gain":0,"player_choice":"Took Card","damage_taken":0,"max_hp_gain":0,"max_hp_loss":0,"event_name":"NoteForYourself","floor":4,"gold_loss":0,"cards_obtained":["Iron Wave"]}],"is_beta":false,"boss_relics":[],"items_purged_floors":[],"is_endless":false,"potions_floor_spawned":[2,6,8,12],"killed_by":"3 Sentries","ascension_level":0}}