{"host":"dn2xyj3kd3d9cfyb","time":1612264410,"event":{"mods":["BaseMod","Colored Powertips","Downfall","Hubris","Marisa£®ÏF”Í°°ƒß¿Ì…≥£©","Minty Spire (QoL Compilation)","READ ME - Guardian Mod","Remilia£®¿Ÿ√◊¿Ú—«£©","Replay The Spire","Shop Mod","StSLib","The Animator","The Construct","The Cursed","The Mystic","The Servant 0.9.4","Youmu£®ªÍ∆«—˝√Œ£©","Yuri Mod","Yuyuko"],"gold_per_floor":[0,17,36,50,68,94,164,164,197,197,647,152,177,177,190,190,190],"floor_reached":16,"language":"ZHS","playtime":833,"items_purged":["downfall:Malfunctioning","downfall:Icky"],"score":126,"play_id":"21405673-7de2-4d67-875f-846d48beb6f1","local_time":"20210202191330","is_ascension_mode":true,"campfire_choices":[{"floor":1,"key":"RECALL"},{"floor":10,"key":"REST"}],"circlet_count":0,"master_deck":["Strike_MRS","Strike_MRS","Strike_MRS","Strike_MRS","Defend_MRS","Defend_MRS","Defend_MRS","Defend_MRS+1","MasterSpark","UpSweep","ShootTheMoon+1","AsteroidBelt+1","DeepEcoloBomb","downfall:Icky","downfall:Icky","EnergyFlow","OortCloud","PulseMagic","DarkMatter"],"relics":["MiniHakkero","Lizard Tail","Replay:Rubber Ducky","Onion Ring","Ginger","Membership Card","PreservedInsect","MerchantsRug","Art of War"],"acts_visited":["Exordium"],"potions_floor_usage":[6,12,12,13,15,16],"damage_taken":[{"damage":1,"enemies":"Cultist","floor":2,"turns":3},{"damage":0,"enemies":"Small Slimes","floor":3,"turns":3},{"damage":13,"enemies":"Jaw Worm","floor":4,"turns":3},{"damage":20,"enemies":"Lots of Slimes","floor":5,"turns":4},{"damage":19,"enemies":"Replay:BlueRogue","floor":6,"turns":6},{"damage":17,"enemies":"Gremlin Nob","floor":9,"turns":5},{"damage":10,"enemies":"downfall:FleeingMerchant","floor":12,"turns":4},{"damage":9,"enemies":"Replay:BlueRogue","floor":13,"turns":4},{"damage":12,"enemies":"Blue Slaver","floor":15,"turns":1},{"damage":16,"enemies":"DF_ARCHETYPE_STREAMLINE","floor":16,"turns":10}],"seed_played":"-3439084610039551862","potions_obtained":[{"floor":4,"key":"ColorlessPotion"},{"floor":6,"key":"Elixir"},{"floor":13,"key":"Death Potion"},{"floor":15,"key":"Fire Potion"}],"is_trial":false,"path_per_floor":["R","M","M","M","M","E","T","?","E","R","?","$","E","$","M","B"],"character_chosen":"MARISA","items_purchased":["Membership Card","Fruit Juice","Fruit Juice","PreservedInsect","OortCloud","MerchantsRug"],"campfire_rested":1,"item_purchase_floors":[12,12,12,12,12,12],"current_hp_per_floor":[75,74,74,61,41,22,22,22,5,27,27,27,18,13,1,28,28],"gold":190,"neow_bonus":"ONE_RARE_RELIC","is_daily":false,"chose_seed":false,"campfire_upgraded":0,"win_rate":0.0,"timestamp":1612264410,"path_taken":["R","M","M","M","M","E","T","?","E","R","?","$","E","?","M","BOSS"],"items_purchased_type":["Relic","Potion","Potion","Relic","Card","Relic"],"build_version":"2020-12-22","purchased_purges":2,"victory":false,"max_hp_per_floor":[75,75,75,75,75,75,75,75,75,75,75,85,85,85,85,85,85],"card_choices":[{"not_picked":["GravityBeat","SuperPerseids"],"picked":"ShootTheMoon","floor":2},{"not_picked":["WitchLeyline","RefractionSpark"],"picked":"AsteroidBelt","floor":3},{"not_picked":["ShootingEcho","WitchLeyline","6A"],"picked":"SKIP","floor":4},{"not_picked":["MysteriousBeam","OneTimeOff","BlazingStar"],"picked":"SKIP","floor":5},{"not_picked":["GravityBeat","DragonMeteor","MilkyWay"],"picked":"SKIP","floor":6},{"not_picked":["DarkSpark","UnstableBomb"],"picked":"DeepEcoloBomb","floor":9},{"not_picked":["BinaryStars","DeepEcoloBomb"],"picked":"EnergyFlow","floor":12},{"not_picked":["NonDirectionalLaser","Singularity"],"picked":"PulseMagic","floor":13},{"not_picked":["IllusionStar","MilkyWay"],"picked":"DarkMatter","floor":15}],"player_experience":588219,"relics_obtained":[{"floor":6,"key":"Replay:Rubber Ducky"},{"floor":7,"key":"Onion Ring"},{"floor":9,"key":"Ginger"},{"floor":13,"key":"Art of War"}],"event_choices":[],"is_beta":false,"boss_relics":[],"items_purged_floors":[12,14],"is_endless":false,"potions_floor_spawned":[4,6,13,15],"killed_by":"DF_ARCHETYPE_STREAMLINE","ascension_level":1}}