{"host":"0m8zx4nh2snqg8t8","time":1612307038,"event":{"mods":["BaseMod","Hermit","Infinite Spire","Minty Spire (QoL Compilation)","Replay The Spire","StSLib","The Jungle"],"gold_per_floor":[114,129,139,149,168,195,145,157,157,332,332,364,380,39,39,135,135,149,149,164,179,196,196,196],"floor_reached":23,"language":"ENG","playtime":2526,"items_purged":["Doubt"],"score":257,"play_id":"a713812d-a789-4ca1-a506-53219c472262","local_time":"20210202150358","is_ascension_mode":false,"campfire_choices":[{"floor":11,"key":"REST"},{"floor":15,"key":"REST"}],"circlet_count":0,"master_deck":["hermit:Strike_Hermit","hermit:Defend_Hermit+1","hermit:Defend_Hermit+1","hermit:Snapshot","hermit:Covet","hermit:Desperado","hermit:Virtue","hermit:Quickdraw","hermit:Enervate","hermit:Determination","hermit:Feint","hermit:NoHoldsBarred+1","hermit:EternalForm","hermit:Headshot+1","hermit:FatalDesire","Languid","infinitespire:Pacifist","hermit:Gestalt","hermit:Malice+1"],"relics":["hermit:Momento","Unceasing Top","infinitespire:EmpoweringShard","Molten Egg 2","War Paint","Kintsugi"],"acts_visited":["Exordium","Exordium"],"potions_floor_usage":[12,18,23,23],"damage_taken":[{"damage":0.0,"enemies":"Cultist","floor":1.0,"turns":4.0},{"damage":8,"enemies":"Jaw Worm","floor":2,"turns":3},{"damage":0,"enemies":"Small Slimes","floor":3,"turns":2},{"damage":0,"enemies":"2 Fungi Beasts","floor":4,"turns":4},{"damage":6,"enemies":"Gremlin Gang","floor":5,"turns":5},{"damage":25,"enemies":"3 Sentries","floor":6,"turns":9},{"damage":9,"enemies":"Looter","floor":8,"turns":3},{"damage":10,"enemies":"Gremlin Nob","floor":12,"turns":4},{"damage":11,"enemies":"Blue Slaver","floor":13,"turns":3},{"damage":0,"enemies":"Slime Boss","floor":16,"turns":6},{"damage":28,"enemies":"theJungle:GiantWrat","floor":18,"turns":4},{"damage":8,"enemies":"Shell Parasite","floor":20,"turns":4},{"damage":40,"enemies":"theJungle:Lyon","floor":21,"turns":6},{"damage":0,"enemies":"theJungle:Snecko_Cultist_And_Trap","floor":22,"turns":5},{"damage":10,"enemies":"Nightmare","floor":23,"turns":4}],"seed_played":"-1918316562264280686","potions_obtained":[{"floor":1,"key":"Swift Potion"},{"floor":5,"key":"EssenceOfSteel"},{"floor":8,"key":"Cursed Concoction"},{"floor":12,"key":"hermit:Tonic"},{"floor":18,"key":"Dexterity Potion"}],"is_trial":false,"path_per_floor":["M","M","M","M","M","E","?","M","T","?","R","E","M","$","R","B",null,"M","?","M","M","M","NM"],"character_chosen":"HERMIT","items_purchased":["hermit:EternalForm","War Paint","hermit:Headshot+1"],"campfire_rested":2,"item_purchase_floors":[14,14,14],"current_hp_per_floor":[82,74,74,74,68,43,43,34,34,34,58,48,37,37,61,61,82,54,54,46,6,6,0,0],"gold":196,"neow_bonus":"TEN_PERCENT_HP_BONUS","is_daily":false,"chose_seed":false,"campfire_upgraded":0,"win_rate":0.0,"timestamp":1612307038,"path_taken":["M","M","?","M","M","E","?","M","T","?","R","E","M","$","R","BOSS","M","?","M","M","M","NM"],"items_purchased_type":["Card","Relic","Card"],"build_version":"2020-12-22","purchased_purges":1,"victory":false,"max_hp_per_floor":[82,82,82,82,82,82,82,82,82,82,82,82,82,82,82,82,82,82,82,82,82,82,82,82],"card_choices":[{"not_picked":["hermit:Coalescence","hermit:Malice"],"picked":"hermit:Desperado","floor":1},{"not_picked":["hermit:Vantage","hermit:Midnight"],"picked":"hermit:Virtue","floor":2},{"not_picked":["hermit:Desperado","hermit:Dive"],"picked":"hermit:Quickdraw","floor":3},{"not_picked":["hermit:BodyArmor","hermit:ItchyTrigger"],"picked":"hermit:Enervate","floor":4},{"not_picked":["hermit:HoleUp","hermit:Roulette","hermit:DeadMansHand"],"picked":"SKIP","floor":5},{"not_picked":["hermit:TakeAim","hermit:Midnight"],"picked":"hermit:Determination","floor":6},{"not_picked":["hermit:Dive","hermit:Showdown"],"picked":"hermit:Feint","floor":8},{"not_picked":["hermit:Coalescence","hermit:LowProfile"],"picked":"hermit:Showdown+1","floor":12},{"not_picked":["hermit:BodyArmor","hermit:HighCaliber+1"],"picked":"hermit:NoHoldsBarred+1","floor":13},{"not_picked":["hermit:FinalCanter+1","hermit:Magnum+1"],"picked":"hermit:FatalDesire","floor":16},{"not_picked":["hermit:TakeAim","hermit:BigShot","hermit:Brawl+1"],"picked":"SKIP","floor":18},{"not_picked":["hermit:Midnight","hermit:CursedWeapon+1","hermit:Shortfuse+1"],"picked":"SKIP","floor":20},{"not_picked":["hermit:Enervate+1","hermit:GhostlyPresence"],"picked":"hermit:Gestalt","floor":21},{"not_picked":["hermit:Grudge+1","hermit:TakeAim"],"picked":"hermit:Malice+1","floor":22}],"player_experience":306094,"relics_obtained":[{"floor":6,"key":"Unceasing Top"},{"floor":9,"key":"infinitespire:EmpoweringShard"},{"floor":12,"key":"Molten Egg 2"}],"event_choices":[{"cards_removed":["hermit:Defend_Hermit"],"damage_healed":0,"gold_gain":0,"player_choice":"Card Removal","damage_taken":0,"max_hp_gain":0,"max_hp_loss":0,"event_name":"The Cleric","floor":7,"gold_loss":50},{"damage_healed":0,"gold_gain":175,"player_choice":"AGREE","damage_taken":0,"max_hp_gain":0,"max_hp_loss":0,"event_name":"Liars Game","floor":10,"gold_loss":0,"cards_obtained":["Doubt"]}],"is_beta":false,"boss_relics":[{"not_picked":["Honey Jar","Coffee Dripper"],"picked":"Kintsugi"}],"items_purged_floors":[14],"is_endless":false,"potions_floor_spawned":[1,5,8,12,13,16,18,22],"killed_by":"Nightmare","ascension_level":0}}