{"host":"9v3x998ddbx8o276","time":1612259870,"event":{"mods":["AchievementEnabler","BaseMod","Colored Map","Colored Powertips","Highlight Path","Minty Spire (QoL Compilation)","Quick Restart","Rare Cards Sparkle"],"gold_per_floor":[114,114,7,19,39,69,69,102,150,180,180,191,216,216,216,289,289,302,302,316,339,358,398,414,414,714,740,740,749,24,60,60,145,145,164,448,20,36,36,36,65,65,65],"floor_reached":42,"language":"ENG","playtime":1818,"items_purged":["Pain","Regret"],"score":1043,"play_id":"98d9e20e-f39b-468b-8fe7-7e425cd71b8d","local_time":"20210202202750","is_ascension_mode":true,"campfire_choices":[{"floor":7,"key":"REST"},{"floor":11,"key":"REST"},{"floor":15,"key":"REST"},{"floor":25,"key":"REST"},{"data":"Reaper","floor":28,"key":"SMITH"},{"floor":32,"key":"REST"},{"data":"Whirlwind","floor":40,"key":"SMITH"}],"circlet_count":0,"master_deck":["AscendersBane","Strike_R","Strike_R","Strike_R","Defend_R","Defend_R","Defend_R","Bash","Limit Break+1","True Grit+1","Power Through+1","Twin Strike","Flame Barrier+1","Flex+1","Clothesline","Uppercut+1","Heavy Blade+1","Battle Trance+1","Pummel","Reaper+1","Sentinel+1","Rage+1","Pommel Strike","Flex+1","Immolate","Enlightenment+1","Fire Breathing+1","Immolate","Whirlwind+1","Spot Weakness+1"],"relics":["Astrolabe","Toxic Egg 2","Art of War","Darkstone Periapt","Bag of Marbles","Centennial Puzzle","Busted Crown","CeramicFish","Ornamental Fan","Old Coin","WarpedTongs","InkBottle","Regal Pillow","Tiny Chest","SlaversCollar","Chemical X","Singing Bowl"],"acts_visited":["Exordium","TheCity","TheBeyond"],"potions_floor_usage":[16,20,23,33,33,35,35,37],"damage_taken":[{"damage":6,"enemies":"Cultist","floor":1,"turns":4},{"damage":3,"enemies":"Jaw Worm","floor":4,"turns":3},{"damage":0,"enemies":"2 Louse","floor":5,"turns":3},{"damage":36,"enemies":"3 Sentries","floor":6,"turns":12},{"damage":8,"enemies":"Gremlin Nob","floor":8,"turns":3},{"damage":20,"enemies":"3 Sentries","floor":10,"turns":8},{"damage":1,"enemies":"Exordium Wildlife","floor":12,"turns":4},{"damage":15,"enemies":"Hexaghost","floor":16,"turns":8},{"damage":20,"enemies":"Chosen","floor":18,"turns":5},{"damage":14,"enemies":"Shell Parasite","floor":20,"turns":3},{"damage":16,"enemies":"Shelled Parasite and Fungi","floor":21,"turns":7},{"damage":14,"enemies":"Centurion and Healer","floor":22,"turns":2},{"damage":27,"enemies":"Slavers","floor":23,"turns":8},{"damage":17,"enemies":"Cultist and Chosen","floor":24,"turns":7},{"damage":9,"enemies":"Snecko","floor":27,"turns":4},{"damage":14,"enemies":"Book of Stabbing","floor":31,"turns":4},{"damage":25,"enemies":"Collector","floor":33,"turns":6},{"damage":63,"enemies":"3 Darklings","floor":35,"turns":4},{"damage":25,"enemies":"3 Shapes","floor":38,"turns":4},{"damage":50,"enemies":"Giant Head","floor":41,"turns":6},{"damage":46,"enemies":"Transient","floor":42,"turns":6}],"seed_played":"7643657997630310273","potions_obtained":[{"floor":1,"key":"Regen Potion"},{"floor":6,"key":"SpeedPotion"},{"floor":16,"key":"PowerPotion"},{"floor":20,"key":"PowerPotion"},{"floor":22,"key":"DuplicationPotion"},{"floor":31,"key":"Explosive Potion"},{"floor":33,"key":"GamblersBrew"},{"floor":35,"key":"BloodPotion"}],"is_trial":false,"path_per_floor":["M","T","$","M","M","E","R","E","T","E","R","M","T","?","R","B",null,"M","?","M","M","M","E","M","R","T","M","R","?","$","E","R","B",null,"M","?","$","M","$","R","E","M"],"character_chosen":"IRONCLAD","items_purchased":["Flame Barrier+1","Flex+1","Immolate","InkBottle","Regal Pillow","Enlightenment+1","Chemical X","Whirlwind","Spot Weakness+1","BloodPotion"],"campfire_rested":5,"item_purchase_floors":[3,3,30,30,30,30,37,37,37,37],"current_hp_per_floor":[62,62,62,59,59,23,45,37,37,17,39,38,38,15,37,37,66,62,62,57,50,61,39,38,60,60,57,57,63,63,49,81,81,81,47,53,70,64,64,64,16,0,0],"gold":65,"neow_bonus":"BOSS_RELIC","is_daily":false,"chose_seed":false,"campfire_upgraded":2,"win_rate":0.0,"timestamp":1612259870,"path_taken":["M","?","$","M","M","E","R","E","T","E","R","M","?","?","R","BOSS","M","?","M","?","M","E","M","R","T","M","R","?","$","E","R","BOSS","M","?","$","M","$","R","E","?"],"items_purchased_type":["Card","Card","Card","Relic","Relic","Card","Relic","Card","Card","Potion"],"build_version":"2020-12-22","purchased_purges":2,"victory":false,"max_hp_per_floor":[75,75,75,75,75,75,75,75,75,75,75,75,75,75,75,75,75,75,75,75,75,75,75,75,75,75,75,75,81,81,81,81,81,81,81,87,87,87,87,87,89,89,89],"card_choices":[{"not_picked":["Sentinel","Thunderclap"],"picked":"Twin Strike","floor":1},{"not_picked":["Perfected Strike","Headbutt"],"picked":"Clothesline","floor":4},{"not_picked":["Headbutt","Shrug It Off+1"],"picked":"Uppercut","floor":5},{"not_picked":["Reckless Charge","Anger"],"picked":"Heavy Blade","floor":6},{"not_picked":["Anger","Impervious+1"],"picked":"Battle Trance+1","floor":8},{"not_picked":["Searing Blow","Headbutt"],"picked":"Sentinel+1","floor":10},{"not_picked":["Twin Strike","Metallicize"],"picked":"Pummel","floor":12},{"not_picked":["Limit Break+1","Berserk"],"picked":"Reaper","floor":16},{"not_picked":[],"picked":"Sentinel+1","floor":18},{"not_picked":["Wild Strike"],"picked":"SKIP","floor":20},{"not_picked":[],"picked":"Rage+1","floor":21},{"not_picked":["Anger"],"picked":"SKIP","floor":22},{"not_picked":["Pommel Strike"],"picked":"SKIP","floor":23},{"not_picked":[],"picked":"Pommel Strike","floor":23},{"not_picked":["Reckless Charge"],"picked":"SKIP","floor":24},{"not_picked":[],"picked":"Flex+1","floor":27},{"not_picked":[],"picked":"Fire Breathing+1","floor":31},{"not_picked":[],"picked":"Immolate","floor":33},{"not_picked":["Perfected Strike"],"picked":"SKIP","floor":35},{"not_picked":["Evolve"],"picked":"SKIP","floor":38},{"not_picked":["Pommel Strike+1"],"picked":"Singing Bowl","floor":41}],"player_experience":2213357,"relics_obtained":[{"floor":2,"key":"Toxic Egg 2"},{"floor":6,"key":"Art of War"},{"floor":8,"key":"Darkstone Periapt"},{"floor":9,"key":"Bag of Marbles"},{"floor":13,"key":"Centennial Puzzle"},{"floor":23,"key":"Ornamental Fan"},{"floor":26,"key":"Old Coin"},{"floor":31,"key":"Tiny Chest"},{"floor":41,"key":"Singing Bowl"}],"event_choices":[{"damage_healed":0,"gold_gain":0,"player_choice":"Entered Light","damage_taken":23,"max_hp_gain":0,"max_hp_loss":0,"event_name":"Shining Light","floor":14,"gold_loss":0,"cards_upgraded":["Uppercut","Heavy Blade"]},{"cards_removed":["Sentinel"],"damage_healed":0,"gold_gain":0,"player_choice":"Gave Card","damage_taken":0,"relics_obtained":["CeramicFish"],"max_hp_gain":0,"max_hp_loss":0,"event_name":"WeMeetAgain","floor":19,"gold_loss":0},{"damage_healed":0,"gold_gain":0,"player_choice":"Rummage","damage_taken":0,"relics_obtained":["WarpedTongs"],"max_hp_gain":0,"max_hp_loss":0,"event_name":"Accursed Blacksmith","floor":29,"gold_loss":0,"cards_obtained":["Pain"]},{"damage_healed":0,"gold_gain":275,"player_choice":"Desecrate","damage_taken":0,"max_hp_gain":0,"max_hp_loss":0,"event_name":"Golden Shrine","floor":36,"gold_loss":0,"cards_obtained":["Regret"]}],"is_beta":false,"boss_relics":[{"not_picked":["Ectoplasm","Runic Pyramid"],"picked":"Busted Crown"},{"not_picked":["SacredBark","Tiny House"],"picked":"SlaversCollar"}],"items_purged_floors":[30,37],"is_endless":false,"potions_floor_spawned":[1,6,10,16,20,22,31,33,35],"killed_by":"Transient","ascension_level":20}}