{"host":"e3jr8cs0hrgde9ri","time":1612284048,"event":{"mods":["2.2 Compatiblity","BaseMod","Highlight Path","Minty Spire (QoL Compilation)","Permanent Neow","Quick Restart","SuperFastMode"],"gold_per_floor":[109,121,46,60,77,109,109,125,151,151,180,180,180,208,208,282,282,292,306,9,9,46,77,120,181,181,181,181,181,181,212,212,289,289,334,334,334,334,284,284,328,328,328,358,358],"floor_reached":44,"language":"ENG","playtime":1520,"items_purged":["Strike_P","Strike_P"],"score":1264,"play_id":"9f88b9f7-540e-4fe9-8c28-c640755cf296","local_time":"20210202084048","is_ascension_mode":true,"campfire_choices":[{"data":"Judgement","floor":7.0,"key":"SMITH"},{"data":"BowlingBash","floor":15.0,"key":"SMITH"},{"data":"Fasting2","floor":27.0,"key":"SMITH"},{"data":"SpiritShield","floor":29.0,"key":"SMITH"},{"floor":32.0,"key":"REST"},{"data":"Blasphemy","floor":40.0,"key":"SMITH"},{"floor":42.0,"key":"RECALL"}],"circlet_count":0,"master_deck":["AscendersBane","Defend_P","Defend_P","Defend_P+1","Defend_P+1","Eruption","Vigilance","Wallop+1","BowlingBash+1","Wallop+1","Blasphemy+1","SpiritShield+1","Fasting2+1","Wallop+1","Wish+1","LessonLearned","DeceiveReality","DevaForm"],"relics":["Snecko Eye","Singing Bowl","Vajra","Happy Flower","Letter Opener","Smiling Mask","Sozu","Toy Ornithopter","Mango","Blue Candle","Matryoshka","Busted Crown","Damaru"],"acts_visited":["Exordium","TheCity","TheBeyond"],"potions_floor_usage":[],"damage_taken":[{"damage":0.0,"enemies":"Jaw Worm","floor":1.0,"turns":2.0},{"damage":0.0,"enemies":"Cultist","floor":2.0,"turns":3.0},{"damage":0.0,"enemies":"2 Louse","floor":4.0,"turns":2.0},{"damage":0.0,"enemies":"Exordium Thugs","floor":5.0,"turns":4.0},{"damage":2.0,"enemies":"3 Sentries","floor":6.0,"turns":5.0},{"damage":0.0,"enemies":"Exordium Wildlife","floor":8.0,"turns":2.0},{"damage":0.0,"enemies":"Gremlin Nob","floor":11.0,"turns":2.0},{"damage":0.0,"enemies":"3 Sentries","floor":14.0,"turns":5.0},{"damage":0.0,"enemies":"Slime Boss","floor":16.0,"turns":3.0},{"damage":0.0,"enemies":"Shell Parasite","floor":18.0,"turns":3.0},{"damage":6.0,"enemies":"2 Thieves","floor":19.0,"turns":2.0},{"damage":20.0,"enemies":"Shelled Parasite and Fungi","floor":22.0,"turns":6.0},{"damage":3.0,"enemies":"Book of Stabbing","floor":23.0,"turns":6.0},{"damage":1.0,"enemies":"Centurion and Healer","floor":24.0,"turns":5.0},{"damage":0.0,"enemies":"Gremlin Leader","floor":25.0,"turns":4.0},{"damage":7.0,"enemies":"Book of Stabbing","floor":31.0,"turns":5.0},{"damage":67.0,"enemies":"Champ","floor":33.0,"turns":15.0},{"damage":0.0,"enemies":"3 Darklings","floor":35.0,"turns":5.0},{"damage":0.0,"enemies":"3 Shapes","floor":41.0,"turns":4.0},{"damage":100033,"enemies":"Nemesis","floor":44,"turns":9}],"seed_played":"6232199597001705568","potions_obtained":[{"floor":1.0,"key":"LiquidMemories"},{"floor":2.0,"key":"AttackPotion"}],"is_trial":false,"path_per_floor":["M","M","$","M","M","E","R","M","T","?","E","T","?","E","R","B",null,"M","M","$","?","M","E","M","E","T","R","?","R","$","E","R","B",null,"M","$","?","?","?","R","M","R","T","E"],"character_chosen":"WATCHER","items_purchased":["Wish","LessonLearned"],"campfire_rested":1,"item_purchase_floors":[20,20],"current_hp_per_floor":[61,61,61,61,61,61,61,61,61,54,54,54,49,51,51,51,67,67,61,61,61,43,42,43,59,59,59,59,59,59,54,82,20,77,79,79,79,75,75,75,77,77,77,0,0],"gold":358,"neow_bonus":"BOSS_RELIC","is_daily":false,"chose_seed":false,"campfire_upgraded":5,"win_rate":0.0,"timestamp":1612284048,"path_taken":["M","M","$","M","M","E","R","M","T","?","E","?","?","E","R","BOSS","M","M","$","?","M","E","?","E","T","R","?","R","?","E","R","BOSS","M","$","?","?","?","R","?","R","T","E"],"items_purchased_type":["Card","Card"],"build_version":"2020-12-22","purchased_purges":2,"victory":false,"max_hp_per_floor":[68,68,68,68,68,70,70,70,70,70,70,70,70,72,72,72,72,72,72,72,72,74,76,78,94,94,94,94,94,94,96,96,96,96,98,98,98,104,104,104,106,106,106,106,106],"card_choices":[{"not_picked":["MentalFortress","Prostrate","SashWhip"],"picked":"SKIP","floor":1.0},{"not_picked":["BowlingBash","ThirdEye"],"picked":"Wallop","floor":2.0},{"not_picked":["Consecrate","SashWhip"],"picked":"BowlingBash","floor":4.0},{"not_picked":["Wireheading","CrushJoints"],"picked":"Judgement","floor":5.0},{"not_picked":["FollowUp","ClearTheMind","FlurryOfBlows"],"picked":"Singing Bowl","floor":6.0},{"not_picked":["Tantrum","FlurryOfBlows"],"picked":"Wallop","floor":8.0},{"not_picked":["Crescendo","CrushJoints"],"picked":"Blasphemy","floor":11.0},{"not_picked":["ThirdEye","CutThroughFate","Crescendo"],"picked":"Singing Bowl","floor":14.0},{"not_picked":["ConjureBlade","MasterReality"],"picked":"SpiritShield","floor":16.0},{"not_picked":["Protect","FlyingSleeves"],"picked":"Fasting2","floor":18.0},{"not_picked":["CarveReality","Consecrate+1"],"picked":"Wallop","floor":19.0},{"not_picked":["Evaluate","JustLucky","FlurryOfBlows"],"picked":"Singing Bowl","floor":22.0},{"not_picked":["Prostrate","Alpha","FollowUp"],"picked":"Singing Bowl","floor":23.0},{"not_picked":["EmptyBody","FlurryOfBlows","Prostrate"],"picked":"Singing Bowl","floor":24.0},{"not_picked":["SashWhip","Perseverance","Blasphemy"],"picked":"Singing Bowl","floor":25.0},{"not_picked":["EmptyFist","FlurryOfBlows","Weave+1"],"picked":"Singing Bowl","floor":31.0},{"not_picked":["Establishment","Wish"],"picked":"DevaForm","floor":33.0},{"not_picked":["CutThroughFate"],"picked":"Singing Bowl","floor":35.0},{"not_picked":["Purity"],"picked":"Singing Bowl","floor":38.0},{"not_picked":["Enlightenment"],"picked":"Singing Bowl","floor":38.0},{"not_picked":["Chrysalis"],"picked":"Singing Bowl","floor":38.0},{"not_picked":["PathToVictory"],"picked":"Singing Bowl","floor":41.0}],"player_experience":1810273,"relics_obtained":[{"floor":6.0,"key":"Singing Bowl"},{"floor":9.0,"key":"Vajra"},{"floor":11.0,"key":"Happy Flower"},{"floor":12.0,"key":"Letter Opener"},{"floor":23.0,"key":"Toy Ornithopter"},{"floor":25.0,"key":"Mango"},{"floor":26.0,"key":"Blue Candle"},{"floor":31.0,"key":"Matryoshka"},{"floor":43,"key":"Damaru"}],"event_choices":[{"cards_removed":["Strike_P"],"damage_healed":0.0,"max_hp_gain":0.0,"max_hp_loss":0.0,"gold_gain":0.0,"event_name":"Golden Wing","player_choice":"Card Removal","floor":10.0,"gold_loss":0.0,"damage_taken":7.0},{"damage_healed":0.0,"max_hp_gain":0.0,"max_hp_loss":0.0,"gold_gain":0.0,"event_name":"Scrap Ooze","player_choice":"Success","floor":13.0,"gold_loss":0.0,"damage_taken":5.0,"relics_obtained":["Smiling Mask"]},{"damage_healed":0.0,"max_hp_gain":0.0,"max_hp_loss":0.0,"gold_gain":0.0,"cards_transformed":["Strike_P"],"event_name":"Transmorgrifier","player_choice":"Transformed","floor":21.0,"gold_loss":0.0,"damage_taken":0.0,"cards_obtained":["DeceiveReality"]},{"damage_healed":0.0,"max_hp_gain":0.0,"max_hp_loss":0.0,"gold_gain":0.0,"event_name":"Lab","player_choice":"Got Potions","floor":28.0,"gold_loss":0.0,"damage_taken":0.0},{"cards_removed":["Judgement"],"damage_healed":0.0,"max_hp_gain":0.0,"max_hp_loss":0.0,"gold_gain":0.0,"event_name":"Falling","player_choice":"Removed Skill","floor":37.0,"gold_loss":0.0,"damage_taken":0.0},{"damage_healed":0.0,"max_hp_gain":0.0,"max_hp_loss":0.0,"gold_gain":0.0,"event_name":"SensoryStone","player_choice":"Memory 3","floor":38.0,"gold_loss":0.0,"damage_taken":10.0},{"damage_healed":0.0,"max_hp_gain":0.0,"max_hp_loss":0.0,"gold_gain":0.0,"event_name":"Designer","player_choice":"Upgrade","floor":39.0,"gold_loss":50.0,"damage_taken":0.0,"cards_upgraded":["Wallop"]}],"is_beta":false,"boss_relics":[{"not_picked":["Fusion Hammer","Runic Dome"],"picked":"Sozu"},{"not_picked":["SacredBark","Pandora\u0027s Box"],"picked":"Busted Crown"}],"items_purged_floors":[3,20],"is_endless":false,"potions_floor_spawned":[1,2,6,14,22,23,31,33,41],"killed_by":"Nemesis","ascension_level":20}}