{"host":"rolltorest","time":1612250758,"event":{"mods":["BaseMod","Minty Spire (QoL Compilation)","Relic Stats","Slay the Relics Exporter","StSLib"],"gold_per_floor":[113,113,93,105,115,148,148,165,233,259,273,286,315,315,315,315,315],"floor_reached":16,"language":"ENG","playtime":538,"items_purged":[],"score":248,"play_id":"b4170005-34da-4e4e-9680-e8d85463e992","local_time":"20210201232558","is_ascension_mode":true,"campfire_choices":[{"floor":7,"key":"REST"},{"floor":15,"key":"REST"}],"circlet_count":0,"master_deck":["AscendersBane","Strike_G","Strike_G","Strike_G","Strike_G","Strike_G","Defend_G","Defend_G","Defend_G","Defend_G","Defend_G","Survivor","Neutralize","Quick Slash","Predator","Deadly Poison","Leg Sweep","Blade Dance","Backstab","Footwork","Bane","Poisoned Stab"],"relics":["Ring of the Snake","Anchor","Peace Pipe","Matryoshka","Blood Vial","Lantern"],"acts_visited":["Exordium"],"potions_floor_usage":[10,13,14],"damage_taken":[{"damage":3,"enemies":"Cultist","floor":1,"turns":4},{"damage":0,"enemies":"Small Slimes","floor":4,"turns":3},{"damage":0,"enemies":"2 Louse","floor":5,"turns":2},{"damage":35,"enemies":"3 Sentries","floor":6,"turns":10},{"damage":11,"enemies":"Exordium Thugs","floor":8,"turns":5},{"damage":14,"enemies":"Lagavulin","floor":10,"turns":7},{"damage":0,"enemies":"Gremlin Gang","floor":11,"turns":5},{"damage":7,"enemies":"Large Slime","floor":12,"turns":9},{"damage":12,"enemies":"Gremlin Nob","floor":13,"turns":4},{"damage":0,"enemies":"Lots of Slimes","floor":14,"turns":1},{"damage":8,"enemies":"Slime Boss","floor":16,"turns":6}],"seed_played":"-6744726637063132227","potions_obtained":[{"floor":1,"key":"FearPotion"},{"floor":3,"key":"PowerPotion"},{"floor":6,"key":"PowerPotion"},{"floor":13,"key":"SmokeBomb"}],"is_trial":false,"path_per_floor":["M","$","?","M","M","E","R","M","T","E","M","M","E","M","R","B"],"character_chosen":"THE_SILENT","items_purchased":[],"campfire_rested":2,"item_purchase_floors":[],"current_hp_per_floor":[56,56,56,56,56,21,40,29,29,15,17,12,2,4,23,17,17],"gold":315,"neow_bonus":"RANDOM_COMMON_RELIC","is_daily":false,"chose_seed":false,"campfire_upgraded":0,"win_rate":0.0,"timestamp":1612250758,"path_taken":["M","?","?","M","M","E","R","M","T","E","M","M","E","?","R","BOSS"],"items_purchased_type":[],"build_version":"2020-12-18","purchased_purges":0,"victory":false,"max_hp_per_floor":[66,66,66,66,66,66,66,66,66,66,66,66,66,66,66,66,66],"relic_stats":{"Peace Pipe":0,"Blood Vial":10,"counters":[11,56],"obtain_stats":[{"Peace Pipe":6,"Blood Vial":10,"Anchor":0,"Lantern":13,"Matryoshka":9,"Ring of the Snake":0},{"Peace Pipe":4,"Blood Vial":6,"Anchor":0,"Lantern":9,"Matryoshka":5,"Ring of the Snake":0},{"Peace Pipe":19,"Blood Vial":31,"Anchor":0,"Lantern":49,"Matryoshka":24,"Ring of the Snake":0}],"Ring of the Snake":[22]},"card_choices":[{"not_picked":["Catalyst","Acrobatics"],"picked":"Quick Slash","floor":1},{"not_picked":["Masterful Stab","Poisoned Stab"],"picked":"Predator","floor":4},{"not_picked":["Endless Agony","Caltrops"],"picked":"Deadly Poison","floor":5},{"not_picked":["Acrobatics","Deflect"],"picked":"Leg Sweep","floor":6},{"not_picked":["Backflip","Infinite Blades"],"picked":"Blade Dance","floor":8},{"not_picked":["Endless Agony","Dodge and Roll"],"picked":"Backstab","floor":10},{"not_picked":["Reflex","Sucker Punch"],"picked":"Footwork","floor":11},{"not_picked":["Underhanded Strike","Cloak And Dagger"],"picked":"Bane","floor":12},{"not_picked":["A Thousand Cuts","Sucker Punch"],"picked":"Poisoned Stab","floor":13}],"player_experience":1810615,"relics_obtained":[{"floor":6,"key":"Peace Pipe"},{"floor":9,"key":"Matryoshka"},{"floor":10,"key":"Blood Vial"},{"floor":13,"key":"Lantern"}],"event_choices":[{"damage_healed":0,"gold_gain":0,"player_choice":"Bought 1 Potion","damage_taken":0,"max_hp_gain":0,"max_hp_loss":0,"event_name":"The Woman in Blue","floor":3,"gold_loss":0}],"is_beta":true,"boss_relics":[],"items_purged_floors":[],"is_endless":false,"potions_floor_spawned":[1,6,8,13,14],"killed_by":"Slime Boss","ascension_level":20}}