{"host":"3j2m8n0ywf988fwb","time":1612298572,"event":{"mods":["2.2 Compatiblity","AchievementEnabler","Act Like it!","Aspiration","Astrologer","BaseMod","Better Altar","Better Match","Better Note","Better Sensory Stone","Better Skull","Better Third Choice","CCEM2","ChefMod","Colored Map","Colored Powertips","Conspire","Dark Map","Energized Spire","GifTheSpireLib","Halation","Hallownest","Highlight Path","Hubris","Infinite Spire","Jedi Mod","Marisa????????","Marked Mod","Mimic Mod","Minty Spire (QoL Compilation)","Monster B Gone","Random Character Button","Relic Filter Mod","Relic Stats","Reliquary","Replay The Spire","Robot Space Explorer","Shade Mod","Shop Mod","Somnambulant","StS++","StSLib","Stuff the Spire","The Bug Knight","The Elementalist","The Hierophant","The Runesmith","TheBandit","TheFirefly","TheSurvivalist","Unceasing Turn Reminder","Weighted Paths","everything is the same but u backflip on backflip"],"gold_per_floor":[119,119,44,55,7,39,56,67,67,67,67,79,79,94,94,94,94],"floor_reached":16,"language":"ENG","playtime":771,"items_purged":[],"score":102,"play_id":"091a5722-7a20-4b34-a6fc-2bece9846cdc","local_time":"20210202144252","is_ascension_mode":false,"campfire_choices":[{"floor":15,"key":"DIG"}],"circlet_count":0,"master_deck":["Shade:Strike_Shade","Shade:Strike_Shade","Shade:Strike_Shade","Shade:Strike_Shade","Shade:Defend_Shade","Shade:Defend_Shade","Shade:Defend_Shade","Shade:Defend_Shade","Shade:AnimateDead","Shade:CarefulCut","Shade:MadHubris","Shade:CoffinDance","Shade:AncientSpear","Shade:Bonestorm","Shade:AuraOfUnlife+1","Shade:FleshToFlesh","Shade:Frenzy","Shade:GraveStillness","Shade:SkeletonArmy","Shade:OminousRitual+1"],"relics":["Shade:YorickSkull","Omamori","StuffTheSpire:ForceGauntlet","StSpp:Monolith","StuffTheSpire:Mouthbags"],"acts_visited":["Exordium"],"potions_floor_usage":[12,16],"damage_taken":[{"damage":0,"enemies":"Jaw Worm","floor":1,"turns":2},{"damage":0,"enemies":"conspire:RoseBush","floor":4,"turns":1},{"damage":19,"enemies":"Gremlin Nob","floor":6,"turns":5},{"damage":0,"enemies":"Cultist","floor":7,"turns":2},{"damage":8,"enemies":"Gremlin Gang","floor":8,"turns":5},{"damage":18,"enemies":"Looter","floor":12,"turns":1},{"damage":2,"enemies":"2 Fungi Beasts","floor":14,"turns":2},{"damage":27,"enemies":"Slime Boss","floor":16,"turns":6}],"seed_played":"8749556675022885579","potions_obtained":[{"floor":4,"key":"Toxic Potion"},{"floor":7,"key":"DuplicationPotion"},{"floor":14,"key":"Fire Potion"}],"is_trial":false,"path_per_floor":["M","?","?","M","$","E","M","M","T","?","?","M","?","M","R_BF","B"],"character_chosen":"SHADE","items_purchased":["Shade:Bonestorm"],"campfire_rested":0,"item_purchase_floors":[5],"current_hp_per_floor":[65,65,65,65,65,46,46,38,38,38,38,20,20,18,18,0,0],"gold":94,"neow_bonus":"ONE_RANDOM_RARE_CARD","is_daily":false,"chose_seed":false,"campfire_upgraded":0,"win_rate":0.0,"timestamp":1612298572,"path_taken":["M","?","?","?","$","E","M","M","T","?","?","M","?","M","R_BF","BOSS"],"items_purchased_type":["Card"],"build_version":"2020-12-22","purchased_purges":0,"victory":false,"max_hp_per_floor":[65,65,65,65,65,65,65,65,65,65,65,65,65,65,65,65,65],"relic_stats":{"counters":[8,24],"obtain_stats":[{"StuffTheSpire:Mouthbags":15,"Shade:YorickSkull":0,"StuffTheSpire:ForceGauntlet":9,"Omamori":6,"StSpp:Monolith":11},{"StuffTheSpire:Mouthbags":7,"Shade:YorickSkull":0,"StuffTheSpire:ForceGauntlet":5,"Omamori":3,"StSpp:Monolith":5},{"StuffTheSpire:Mouthbags":18,"Shade:YorickSkull":0,"StuffTheSpire:ForceGauntlet":15,"Omamori":8,"StSpp:Monolith":15}]},"card_choices":[{"not_picked":["Shade:Premonition","Shade:Carnophage"],"picked":"Shade:CoffinDance","floor":1},{"not_picked":["Shade:Tombstone+1","Shade:SoulPierce+1"],"picked":"Shade:OminousRitual+1","floor":3},{"not_picked":["Shade:Carnophage","Shade:BoneShards"],"picked":"Shade:AncientSpear","floor":4},{"not_picked":["Shade:FeralStrike","Shade:OminousRitual"],"picked":"Shade:AuraOfUnlife","floor":6},{"not_picked":["Shade:Bonestorm","Shade:RavenousHorde"],"picked":"Shade:FleshToFlesh","floor":7},{"not_picked":["Shade:ScuttlingHand","Shade:FingerOfDeath"],"picked":"Shade:Frenzy","floor":8},{"not_picked":["Shade:Premonition","Shade:Trample"],"picked":"Shade:GraveStillness","floor":12},{"not_picked":["Shade:Doomsay","Shade:Bite_Shade"],"picked":"Shade:SkeletonArmy","floor":14}],"player_experience":1058085,"relics_obtained":[{"floor":6,"key":"Omamori"},{"floor":9,"key":"StuffTheSpire:ForceGauntlet"},{"floor":15,"key":"StuffTheSpire:Mouthbags"}],"event_choices":[{"damage_healed":0,"gold_gain":0,"player_choice":"Disagree","damage_taken":0,"max_hp_gain":0,"max_hp_loss":0,"event_name":"conspire:LoneGhost","floor":2,"gold_loss":0},{"damage_healed":0,"gold_gain":0,"player_choice":"2","damage_taken":0,"max_hp_gain":0,"max_hp_loss":0,"event_name":"betterMatch:BetterMatch","floor":3,"gold_loss":0,"cards_obtained":["betterMatch:RareCard"]}],"is_beta":false,"boss_relics":[],"items_purged_floors":[],"is_endless":false,"potions_floor_spawned":[4,7,14],"killed_by":"Slime Boss","ascension_level":0}}