{"host":"9d9dhukr2jywmy0f","time":1612266132,"event":{"mods":["2.2 Compatiblity","Alarm Clock","BaseMod","Bestiary","Block Reminder","Colored Map","Colored Powertips","Curses Come First","DeckTracker","Energized Spire","Highlight Path","Key Reminder","Minty Spire (QoL Compilation)","Quick Restart","Rare Cards Sparkle","Relic Sorter","Relic Stats","Reliquary","Spire Birthday Party","StSLib","SuperFastMode","Synergy Search","Unceasing Turn Reminder","Unknown Chances"],"gold_per_floor":[113,113,113,126,126,157,157,177,226,226,301,301,301,317,317,394,394,413,413,427,445,345,345,377,277,277,289,46,46,113,113,113,185,185,202,219,219,219,56,56,72,72,119,152,152,152,187,204,204,204,204,204,204,0,32,32],"floor_reached":57,"language":"ZHS","playtime":3892,"items_purged":["Defend_B","Strike_B","Strike_B","Strike_B"],"score":2638,"play_id":"49b4eb1a-9357-4647-9400-9c3b18a94d0b","local_time":"20210202194212","is_ascension_mode":true,"campfire_choices":[{"data":"Dualcast","floor":7.0,"key":"SMITH"},{"data":"Zap","floor":10.0,"key":"SMITH"},{"data":"Coolheaded","floor":13.0,"key":"SMITH"},{"data":"Loop","floor":15.0,"key":"SMITH"},{"data":"Recycle","floor":23.0,"key":"SMITH"},{"data":"Biased Cognition","floor":29.0,"key":"SMITH"},{"data":"Capacitor","floor":32.0,"key":"SMITH"},{"data":"Defragment","floor":40.0,"key":"SMITH"},{"data":"Coolheaded","floor":42.0,"key":"SMITH"},{"floor":49.0,"key":"RECALL"},{"data":"Impatience","floor":53.0,"key":"SMITH"}],"circlet_count":0,"master_deck":["AscendersBane","Defend_B","Defend_B","Defend_B","Zap+1","Dualcast+1","Coolheaded+1","Capacitor+1","Loop+1","Cold Snap+1","Turbo","Biased Cognition+1","Recycle+1","Loop+1","Ball Lightning+1","Impatience+1","Coolheaded+1","Echo Form","Defragment+1","Panacea","Hologram"],"relics":["Cracked Core","NeowsBlessing","Molten Egg 2","Torii","DataDisk","SacredBark","reliquary:BoilingFlask","Mercury Hourglass","Lizard Tail","energizedSpire:RedRose","reliquary:RoseTintedGlasses","reliquary:SilkGlove","reliquary:WeakTea","Orichalcum","TungstenRod"],"acts_visited":["Exordium","TheCity","TheBeyond","TheEnding"],"potions_floor_usage":[56,56],"damage_taken":[{"damage":0.0,"enemies":"Cultist","floor":1.0,"turns":1.0},{"damage":0.0,"enemies":"Jaw Worm","floor":4.0,"turns":1.0},{"damage":0.0,"enemies":"Gremlin Nob","floor":6.0,"turns":1.0},{"damage":0.0,"enemies":"2 Louse","floor":8.0,"turns":1.0},{"damage":0.0,"enemies":"2 Fungi Beasts","floor":14.0,"turns":3.0},{"damage":33.0,"enemies":"Slime Boss","floor":16.0,"turns":16.0},{"damage":8.0,"enemies":"Shell Parasite","floor":18.0,"turns":8.0},{"damage":17.0,"enemies":"Chosen","floor":20.0,"turns":4.0},{"damage":13.0,"enemies":"3 Cultists","floor":21.0,"turns":6.0},{"damage":24.0,"enemies":"Gremlin Leader","floor":24.0,"turns":6.0},{"damage":8.0,"enemies":"Snecko","floor":27.0,"turns":6.0},{"damage":9.0,"enemies":"Slavers","floor":30.0,"turns":5.0},{"damage":17.0,"enemies":"Automaton","floor":33.0,"turns":10.0},{"damage":14.0,"enemies":"3 Shapes","floor":35.0,"turns":3.0},{"damage":30.0,"enemies":"3 Darklings","floor":36.0,"turns":5.0},{"damage":2.0,"enemies":"Transient","floor":41.0,"turns":6.0},{"damage":52.0,"enemies":"Reptomancer","floor":44.0,"turns":6.0},{"damage":1.0,"enemies":"Nemesis","floor":47.0,"turns":9.0},{"damage":36.0,"enemies":"Spire Growth","floor":48.0,"turns":4.0},{"damage":7.0,"enemies":"Time Eater","floor":50.0,"turns":11.0},{"damage":21.0,"enemies":"Donu and Deca","floor":51.0,"turns":9.0},{"damage":19,"enemies":"Shield and Spear","floor":55,"turns":8},{"damage":20,"enemies":"The Heart","floor":56,"turns":9}],"seed_played":"-5606551267752372583","potions_obtained":[{"floor":1.0,"key":"Regen Potion"},{"floor":5.0,"key":"Explosive Potion"},{"floor":5.0,"key":"EntropicBrew"},{"floor":8.0,"key":"Swift Potion"},{"floor":20.0,"key":"PotionOfCapacity"},{"floor":24.0,"key":"ColorlessPotion"},{"floor":27.0,"key":"FearPotion"},{"floor":30.0,"key":"GamblersBrew"},{"floor":36.0,"key":"FocusPotion"},{"floor":44.0,"key":"Weak Potion"},{"floor":48.0,"key":"LiquidMemories"}],"is_trial":false,"path_per_floor":["M","T","?","M","?","E","R","M","T","R","?","?","R","M","R","B",null,"M","?","M","M","$","R","E","$","T","M","$","R","E","T","R","B",null,"M","M","?","?","$","R","M","R","T","E","?","?","E","M","R","B","B",null,"R","$","E","B",null],"character_chosen":"DEFECT","items_purchased":["Ball Lightning+1","Impatience","Coolheaded","reliquary:RoseTintedGlasses","Energy Potion"],"campfire_rested":0,"item_purchase_floors":[22,28,28,39,54],"current_hp_per_floor":[64,64,57,57,57,57,57,57,57,57,46,51,51,51,51,18,62,54,54,37,24,24,24,40,40,40,32,32,32,23,23,23,6,59,45,15,15,15,15,15,13,13,13,13,13,76,75,39,39,32,11,60,60,60,41,21],"gold":32,"neow_bonus":"THREE_ENEMY_KILL","is_daily":false,"chose_seed":false,"campfire_upgraded":10,"win_rate":0.0,"timestamp":1612266132,"path_taken":["M","?","?","M","?","E","R","?","T","R","?","?","R","M","R","BOSS","M","?","M","M","$","R","E","$","T","M","?","R","E","?","R","BOSS","M","M","?","?","$","R","M","R","T","E","?","?","E","?","R","BOSS","BOSS","R","$","E","BOSS"],"items_purchased_type":["Card","Card","Card","Relic","Potion"],"build_version":"2020-12-22","purchased_purges":4,"victory":true,"max_hp_per_floor":[71,71,71,71,71,71,71,71,71,71,71,76,76,76,76,76,76,76,76,76,76,76,76,76,76,76,76,76,76,76,76,76,76,76,76,76,76,76,76,76,76,76,76,76,76,76,76,76,76,76,76,76,76,76,76,76],"relic_stats":{"Lizard Tail":38,"Torii":34,"counters":[23,135],"Orichalcum":[48],"obtain_stats":[{"energizedSpire:RedRose":34,"reliquary:SilkGlove":43,"NeowsBlessing":0,"Torii":6,"SacredBark":17,"reliquary:BoilingFlask":24,"reliquary:WeakTea":44,"Orichalcum":47,"reliquary:FerryPass":30,"Mercury Hourglass":31,"keyreminder:keyreminder":26,"DataDisk":9,"Lizard Tail":33,"Molten Egg 2":2,"reliquary:RoseTintedGlasses":39,"Cracked Core":0,"TungstenRod":55},{"energizedSpire:RedRose":13,"reliquary:SilkGlove":16,"NeowsBlessing":0,"Torii":3,"SacredBark":6,"reliquary:BoilingFlask":10,"reliquary:WeakTea":17,"Orichalcum":18,"reliquary:FerryPass":12,"Mercury Hourglass":12,"keyreminder:keyreminder":10,"DataDisk":4,"Lizard Tail":13,"Molten Egg 2":1,"reliquary:RoseTintedGlasses":15,"Cracked Core":0,"TungstenRod":22},{"energizedSpire:RedRose":67,"reliquary:SilkGlove":80,"NeowsBlessing":0,"Torii":3,"SacredBark":23,"reliquary:BoilingFlask":47,"reliquary:WeakTea":86,"Orichalcum":95,"reliquary:FerryPass":57,"Mercury Hourglass":57,"keyreminder:keyreminder":47,"DataDisk":4,"Lizard Tail":67,"Molten Egg 2":1,"reliquary:RoseTintedGlasses":74,"Cracked Core":0,"TungstenRod":126}],"TungstenRod":20,"Mercury Hourglass":[258]},"card_choices":[{"not_picked":["Consume","Gash"],"picked":"Coolheaded","floor":1.0},{"not_picked":["Hologram","Steam"],"picked":"Capacitor","floor":4.0},{"not_picked":["Storm","Tempest"],"picked":"Loop","floor":6.0},{"not_picked":["Barrage+1","Redo"],"picked":"Cold Snap+1","floor":8.0},{"not_picked":["Barrage+1","Stack"],"picked":"Turbo","floor":14.0},{"not_picked":["Creative AI","Echo Form"],"picked":"Biased Cognition","floor":16.0},{"not_picked":["Stack","Gash+1"],"picked":"Recycle","floor":18.0},{"not_picked":["Leap+1","Fusion","Turbo"],"picked":"SKIP","floor":20.0},{"not_picked":["Melter+1","Genetic Algorithm+1"],"picked":"BootSequence","floor":21.0},{"not_picked":["Leap","Creative AI","Melter+1"],"picked":"SKIP","floor":24.0},{"not_picked":["Steam","Force Field","Leap"],"picked":"SKIP","floor":27.0},{"not_picked":["Sunder+1","Compile Driver+1","Beam Cell+1"],"picked":"SKIP","floor":30.0},{"not_picked":["Rainbow","Amplify"],"picked":"Echo Form","floor":33.0},{"not_picked":["Beam Cell+1","Steam Power","Rebound+1"],"picked":"SKIP","floor":35.0},{"not_picked":["Melter+1","Leap"],"picked":"Defragment","floor":36.0},{"not_picked":["Tempest","Gash+1","Echo Form"],"picked":"SKIP","floor":41.0},{"not_picked":["Conserve Battery+1","Turbo","Go for the Eyes+1"],"picked":"SKIP","floor":44.0},{"not_picked":["Madness","Blind"],"picked":"Panacea","floor":45.0},{"not_picked":["Cold Snap+1","Sweeping Beam+1","Compile Driver+1"],"picked":"SKIP","floor":47.0},{"not_picked":["Sweeping Beam+1","Rebound+1"],"picked":"Hologram","floor":48.0},{"not_picked":["Tempest","Steam Power","Chaos+1"],"picked":"SKIP","floor":55}],"player_experience":868996,"relics_obtained":[{"floor":2.0,"key":"Molten Egg 2"},{"floor":6.0,"key":"Torii"},{"floor":9.0,"key":"DataDisk"},{"floor":24.0,"key":"reliquary:BoilingFlask"},{"floor":30.0,"key":"reliquary:FerryPass"},{"floor":31.0,"key":"Mercury Hourglass"},{"floor":33.0,"key":"Lizard Tail"},{"floor":43.0,"key":"reliquary:SilkGlove"},{"floor":44.0,"key":"reliquary:WeakTea"},{"floor":47.0,"key":"Orichalcum"},{"floor":55,"key":"TungstenRod"}],"event_choices":[{"cards_removed":["Strike_B"],"damage_healed":0.0,"max_hp_gain":0.0,"max_hp_loss":0.0,"gold_gain":0.0,"event_name":"Golden Wing","player_choice":"Card Removal","floor":3.0,"gold_loss":0.0,"damage_taken":7.0},{"damage_healed":0.0,"max_hp_gain":0.0,"max_hp_loss":0.0,"gold_gain":0.0,"event_name":"Lab","player_choice":"Got Potions","floor":5.0,"gold_loss":0.0,"damage_taken":0.0},{"damage_healed":0.0,"max_hp_gain":0.0,"max_hp_loss":0.0,"gold_gain":75.0,"event_name":"World of Goop","player_choice":"Gather Gold","floor":11.0,"gold_loss":0.0,"damage_taken":11.0},{"damage_healed":0.0,"max_hp_gain":5.0,"max_hp_loss":0.0,"gold_gain":0.0,"event_name":"Big Fish","player_choice":"Donut","floor":12.0,"gold_loss":0.0,"damage_taken":0.0},{"damage_healed":0.0,"max_hp_gain":0.0,"max_hp_loss":0.0,"gold_gain":0.0,"event_name":"Duplicator","player_choice":"Copied","floor":19.0,"gold_loss":0.0,"damage_taken":0.0,"cards_obtained":["Loop"]},{"damage_healed":0.0,"max_hp_gain":0.0,"max_hp_loss":0.0,"gold_gain":0.0,"event_name":"Mysterious Sphere","player_choice":"Ignored","floor":37.0,"gold_loss":0.0,"damage_taken":0.0},{"damage_healed":0.0,"max_hp_gain":0.0,"max_hp_loss":0.0,"gold_gain":0.0,"event_name":"Tomb of Lord Red Mask","player_choice":"Ignored","floor":38.0,"gold_loss":0.0,"damage_taken":0.0},{"damage_healed":0.0,"max_hp_gain":0.0,"max_hp_loss":0.0,"gold_gain":0.0,"event_name":"SensoryStone","player_choice":"Memory 1","floor":45.0,"gold_loss":0.0,"damage_taken":0.0},{"cards_removed":["BootSequence"],"damage_healed":63.0,"max_hp_gain":0.0,"max_hp_loss":0.0,"gold_gain":0.0,"event_name":"Bonfire Elementals","player_choice":"Offered Uncommon","floor":46.0,"gold_loss":0.0,"damage_taken":0.0}],"is_beta":false,"boss_relics":[{"not_picked":["energizedSpire:StickyHand","FrozenCore"],"picked":"SacredBark"},{"not_picked":["Runic Dome","Pandora\u0027s Box"],"picked":"energizedSpire:RedRose"}],"items_purged_floors":[22,25,28,54],"is_endless":false,"potions_floor_spawned":[1,8,14,20,24,27,30,36,44,48,55],"ascension_level":20}}