{"host":"yfkezq0m1a8tfmul","time":1612227898,"event":{"mods":["100% Spire Juice","2.2 Compatiblity","AchievementEnabler","Act Like it!","AlwaysNeverKeys","Arknights","Aspiration","Astrologer","BaseMod","Bestiary","Better Altar","Better Match","Better Note","Better Sensory Stone","Better Skull","Better Third Choice","BetterRewards","Block Reminder","Challenge The Spire","Colored Map","Colored Powertips","Conspire","Curses Come First","DeckTracker","Downfall","Duelist Mod","Elementarium","Energized Spire","Fox Events","Gensokyo","GifTheSpireLib","GungeonMod","Halation","Hallownest","Hermit","HololiveMod","Hubris","Infinite Spire","Jedi Mod","Menagerie","Minty Spire (QoL Compilation)","Pale of the Ancients","Permanent Neow","Random Character Button","Relic Stats","Reliquary","Replay The Spire","Robot Space Explorer","Shade Mod","Shop Mod","Spicy Shops","StSLib","Stuff the Spire","SuperFastMode","The Animator","The Blackbeard","The Blue Laboratory","The Bug Knight","The Construct","The Cursed","The Disciple","The Dragon Tamer","The Exalted","The Forsaken","The Gatherer","The Hierophant","The Jungle","The Marked","The Necromancer","The Poker Player","The Runesmith","The Servant 0.9.4","TheFirefly","Treasure Hunter","UnlockEverythingMod","Wandering Minibosses","Weighted Paths"],"gold_per_floor":[119,132,132,143,162,190,190,228,228,259,91,117,9,338,338,446,446,643,668,668,670,670,704,704,731,785,785,807,818,818,835,835,944,944,970,985,985],"floor_reached":36,"language":"ENG","playtime":5841,"items_purged":["Strike_W"],"score":446,"play_id":"38d9995c-a0d7-4ce2-ba66-b62c2a0bf483","local_time":"20210201200458","is_ascension_mode":false,"campfire_choices":[{"data":"Shade_Step","floor":7,"key":"SMITH"},{"floor":15,"key":"DIG"},{"data":"Summon_Vampire_Lady","floor":24,"key":"SMITH"},{"data":"Summon_Death_Knight","floor":27,"key":"SMITH"},{"data":"TH:ElvenBoots","floor":30,"key":"SMITH"},{"data":"TH:ElvenBoots","floor":32,"key":"SMITH"}],"circlet_count":0,"master_deck":["Strike_W","Defend_W","Defend_W","Negative_Energy_Arrows","Bone_Wall","Summon_Vampire_Lady+1","Bone_Bullets","Shade_Step+1","TH:ElvenBoots+1","Toxic_Smoke_Screen","Bones_to_Steel","Negative_Energy_Shield","TH:ElvenBoots+1","TH:ArmorSpikes","Summon_Lich","Summon_Lich","TH:CopperCoins","Summon_Death_Knight+1","Toxic_Smoke_Screen","StuffTheSpire:Brawn","Slay_Living"],"relics":["Vampire_Amulet","Happy Flower","Smiling Mask","infinitespire:Midas Blood","hubris:Zylophone","Happy Flower","hubris:ToyBattleship","jedi:paperlyon","Bromod:ArcaneUltimatum","Bromod:ArcaneVictory","Replay:Mystery Machine","halation:PromiseList","Empty Cage"],"acts_visited":["Gensokyo:Gensokyo","TheCity","Hallownest:KingdomsEdge"],"potions_floor_usage":[],"damage_taken":[{"damage":0,"enemies":"Gensokyo:3_Fairies","floor":1,"turns":4},{"damage":6,"enemies":"Gensokyo:Gryphon","floor":2,"turns":4},{"damage":11,"enemies":"Gensokyo:Python","floor":4,"turns":4},{"damage":9,"enemies":"Gensokyo:2_Rabbits","floor":5,"turns":5},{"damage":44,"enemies":"Gensokyo:Cirno","floor":6,"turns":12},{"damage":11,"enemies":"Gensokyo:Mamizou","floor":10,"turns":10},{"damage":34,"enemies":"Gensokyo:LivingMonolith","floor":12,"turns":6},{"damage":9,"enemies":"Gensokyo:VengefulSpirit","floor":14,"turns":8},{"damage":59,"enemies":"Gensokyo:Yukari","floor":16,"turns":13},{"damage":26,"enemies":"2 Thieves","floor":18,"turns":4},{"damage":14,"enemies":"Spheric Guardian","floor":19,"turns":6},{"damage":7,"enemies":"HollowMod:Nosk","floor":23,"turns":10},{"damage":18,"enemies":"Centurion and Healer","floor":25,"turns":9},{"damage":8,"enemies":"Sentry and Sphere","floor":28,"turns":6},{"damage":0,"enemies":"Cultist and Chosen","floor":29,"turns":5},{"damage":13,"enemies":"Shelled Parasite and Fungi","floor":31,"turns":6},{"damage":14,"enemies":"Champ","floor":33,"turns":11},{"damage":46,"enemies":"Hallownest:Shield_Heavy","floor":35,"turns":7},{"damage":68,"enemies":"Hallownest:3_Siblings","floor":36,"turns":14}],"seed_played":"2892019624483237025","potions_obtained":[{"floor":1,"key":"BlessingOfTheForge"},{"floor":2,"key":"Explosive Potion"},{"floor":6,"key":"Guardian:BlockOnCardUsePotion"}],"is_trial":false,"path_per_floor":["M","M","?","M","M","E","R","?","T","E","COS","M","$","M","R_BF","B",null,"M","M","?","?","T","E","R","M","T","R","M","M","R","M","R","B",null,"M","M"],"character_chosen":"NECROMANCER","items_purchased":["Summon_Lich"],"campfire_rested":0,"item_purchase_floors":[13],"current_hp_per_floor":[75,75,75,75,75,60,60,60,60,75,75,53,53,58,58,22,75,57,57,57,42,42,62,62,74,74,74,75,75,75,73,73,75,75,47,18,18],"gold":985,"neow_bonus":"REMOVE_CARD","is_daily":false,"chose_seed":false,"campfire_upgraded":5,"win_rate":0.0,"timestamp":1612227898,"path_taken":["M","?","?","M","?","E","R","?","T","E","COS","M","?","M","R_BF","BOSS","M","M","?","?","?","E","R","?","T","R","M","M","R","M","R","BOSS","M","M"],"items_purchased_type":["Card"],"build_version":"2020-12-22","purchased_purges":1,"victory":false,"max_hp_per_floor":[75,75,75,75,75,75,75,75,75,75,75,75,75,75,75,75,75,75,75,75,75,75,75,75,75,75,75,75,75,75,75,75,75,75,75,75,75],"relic_stats":{"Happy Flower":[80],"counters":[19,144],"Smiling Mask":25,"obtain_stats":[{"Bromod:ArcaneUltimatum":18,"Happy Flower":3,"Bromod:ArcaneVictory":22,"DemoMod:GlassGuonStoneRelic":1,"Replay:Mystery Machine":23,"Smiling Mask":6,"Empty Cage":34,"hubris:Zylophone":9,"jedi:paperlyon":17,"Vampire_Amulet":0,"reliquary:SculptingSteel":10,"hubris:ToyBattleship":15,"halation:PromiseList":26,"infinitespire:Midas Blood":8},{"Bromod:ArcaneUltimatum":10,"Happy Flower":2,"Bromod:ArcaneVictory":11,"DemoMod:GlassGuonStoneRelic":1,"Replay:Mystery Machine":12,"Smiling Mask":5,"Empty Cage":17,"hubris:Zylophone":5,"jedi:paperlyon":9,"Vampire_Amulet":0,"reliquary:SculptingSteel":6,"hubris:ToyBattleship":8,"halation:PromiseList":13,"infinitespire:Midas Blood":5},{"Bromod:ArcaneUltimatum":69,"Happy Flower":8,"Bromod:ArcaneVictory":76,"DemoMod:GlassGuonStoneRelic":4,"Replay:Mystery Machine":86,"Smiling Mask":29,"Empty Cage":123,"hubris:Zylophone":29,"jedi:paperlyon":66,"Vampire_Amulet":0,"reliquary:SculptingSteel":39,"hubris:ToyBattleship":53,"halation:PromiseList":95,"infinitespire:Midas Blood":29}]},"card_choices":[{"not_picked":["Death_March_Dance","Exploit"],"picked":"Summon_Vampire_Lady","floor":1},{"not_picked":["Chill_Blood","Life_Drain"],"picked":"Bone_Bullets","floor":2},{"not_picked":["Toxic_Smoke_Screen","Scare"],"picked":"Bone_Bullets","floor":4},{"not_picked":["Death_Coil","Bone_Prison"],"picked":"Shade_Step","floor":5},{"not_picked":["TH:Mimic"],"picked":"TH:ElvenBoots","floor":6},{"not_picked":["Chill_Blood","Pandemic"],"picked":"Toxic_Smoke_Screen","floor":6},{"not_picked":["Death_March_Dance","Shackles_Of_Pain"],"picked":"Bones_to_Steel","floor":8},{"not_picked":["Bone_Bullets","Requiem"],"picked":"Negative_Energy_Shield","floor":8},{"not_picked":["TH:CopperCoins"],"picked":"TH:ElvenBoots","floor":9},{"not_picked":["TH:EnergyPotion"],"picked":"TH:ArmorSpikes","floor":10},{"not_picked":["Skeleton_Dragon","Death_March_Dance","Bone_Spikes"],"picked":"SKIP","floor":10},{"not_picked":["Bone_Prison","Blood_Curse","Bone_Shift"],"picked":"SKIP","floor":12},{"not_picked":["Detonate_Bones+1","Siphon_Strength+1","Bones_to_Steel+1"],"picked":"SKIP","floor":14},{"not_picked":["Death_March_Dance","Deaths_Shadow","Bones_to_Steel"],"picked":"SKIP","floor":14},{"not_picked":["TH:ElvenBoots"],"picked":"TH:CopperCoins","floor":16},{"not_picked":["Reap_The_Weak","Grasp_Heart"],"picked":"Summon_Death_Knight","floor":16},{"not_picked":["Bone_Bullets+1","Negative_Energy_Mist+1","Negative_Energy_Sphere+1"],"picked":"SKIP","floor":18},{"not_picked":["Shackles_Of_Pain","Life_Tap"],"picked":"Toxic_Smoke_Screen","floor":19},{"not_picked":["TH:ElvenBoots","TH:DeckOfManyThings"],"picked":"SKIP","floor":22},{"not_picked":["TH:CursedSword","TH:CopperCoins"],"picked":"SKIP","floor":23},{"not_picked":["Scare+1","Blood_Curse","Uncharnel"],"picked":"SKIP","floor":23},{"not_picked":["Negative_Energy_Javelin","Vampiric_Strike","Consume_Illness"],"picked":"SKIP","floor":25},{"not_picked":["TH:EnergyPotion","TH:ElvenBoots"],"picked":"SKIP","floor":26},{"not_picked":["Necromantic_Selection","Death_Coil","Bone_Spikes"],"picked":"SKIP","floor":28},{"not_picked":["Death_Coil","Bone_Bullets"],"picked":"Slay_Living","floor":29},{"not_picked":["Blood_Whip","Necrotic_Claws","Vampiric_Strike"],"picked":"SKIP","floor":31},{"not_picked":["Negative_Energy_Shield+1","Negative_Energy_Sphere+1","Finger_Of_Death+1"],"picked":"SKIP","floor":35}],"player_experience":11530,"relics_obtained":[{"floor":6,"key":"Smiling Mask"},{"floor":8,"key":"infinitespire:Midas Blood"},{"floor":9,"key":"hubris:Zylophone"},{"floor":10,"key":"reliquary:SculptingSteel"},{"floor":15,"key":"hubris:ToyBattleship"},{"floor":22,"key":"Bromod:ArcaneVictory"},{"floor":23,"key":"Replay:Mystery Machine"},{"floor":26,"key":"halation:PromiseList"}],"event_choices":[{"cards_removed":["Strike_W"],"damage_healed":0,"gold_gain":0,"player_choice":"Elegance","damage_taken":0,"max_hp_gain":0,"max_hp_loss":0,"event_name":"betterThird:BetterWriting","floor":20,"gold_loss":0}],"is_beta":false,"boss_relics":[{"not_picked":["Honey Jar","halation:MonkeysPaw"],"picked":"jedi:paperlyon"},{"not_picked":["hubris:TerracottaHorce","conspire:SeveredTorchhead"],"picked":"Empty Cage"}],"items_purged_floors":[13],"is_endless":false,"potions_floor_spawned":[1,2,6,10,12,18,28,29,31,33],"killed_by":"Hallownest:3_Siblings","ascension_level":0}}