{"host":"erjc6dqs793djrmy","time":1612237139,"event":{"mods":["BaseMod","Minty Spire (QoL Compilation)","StSLib","The Animator"],"gold_per_floor":[116,129,153,328,328,370,370,370,370],"floor_reached":8,"language":"ENG","playtime":739,"items_purged":[],"score":87,"play_id":"622f92a9-0afa-426b-85b8-f77d957e83af","local_time":"20210201223859","is_ascension_mode":true,"campfire_choices":[{"floor":7,"key":"REST"}],"circlet_count":0,"master_deck":["AscendersBane","animator:Strike_Fate","animator:Defend_Fate","animator:Strike","animator:Strike","animator:Strike","animator:Defend","animator:Defend","animator:Defend","animator:Alexander","animator:Rider","animator:Entoma+1","animator:Sebas","animator:Ara","Doubt","Regret","animator:Berserker"],"relics":["animator:TheMissingPiece","Fusion Hammer","Omamori","animator:AlchemistGlove"],"acts_visited":["Exordium"],"potions_floor_usage":[6,8],"damage_taken":[{"damage":4,"enemies":"Cultist","floor":1,"turns":6},{"damage":2,"enemies":"2 Louse","floor":2,"turns":3},{"damage":3,"enemies":"Jaw Worm","floor":3,"turns":7},{"damage":47,"enemies":"Gremlin Nob","floor":6,"turns":6},{"damage":25,"enemies":"3 Sentries","floor":8,"turns":3}],"seed_played":"5984174542353326072","potions_obtained":[{"floor":2,"key":"Explosive Potion"},{"floor":6,"key":"PowerPotion"}],"is_trial":false,"path_per_floor":["M","M","M","?","?","E","R","E"],"character_chosen":"THE_ANIMATOR","items_purchased":[],"campfire_rested":1,"item_purchase_floors":[],"current_hp_per_floor":[55,55,52,52,52,5,25,0,0],"gold":370,"neow_bonus":"BOSS_RELIC","is_daily":false,"chose_seed":false,"campfire_upgraded":0,"win_rate":0.0,"timestamp":1612237139,"path_taken":["M","M","M","?","?","E","R","E"],"items_purchased_type":[],"build_version":"2020-12-22","purchased_purges":0,"victory":false,"max_hp_per_floor":[66,68,68,68,68,68,68,68,68],"card_choices":[{"not_picked":["animator:Konayuki","animator:Lancer"],"picked":"animator:Entoma","floor":1},{"not_picked":["animator:Shion","animator:PandorasActor"],"picked":"animator:Sebas","floor":2},{"not_picked":["animator:Hitei","animator:Geryuganshoop"],"picked":"animator:Ara","floor":3},{"not_picked":["animator:RinTohsaka","animator:Assassin"],"picked":"animator:Berserker","floor":6}],"player_experience":367866,"relics_obtained":[{"floor":6,"key":"animator:AlchemistGlove"}],"event_choices":[{"damage_healed":0,"gold_gain":175,"player_choice":"AGREE","damage_taken":0,"max_hp_gain":0,"max_hp_loss":0,"event_name":"Liars Game","floor":4,"gold_loss":0,"cards_obtained":["Doubt"]},{"damage_healed":0,"gold_gain":0,"player_choice":"Box","damage_taken":0,"relics_obtained":["Omamori"],"max_hp_gain":0,"max_hp_loss":0,"event_name":"Big Fish","floor":5,"gold_loss":0,"cards_obtained":["Regret"]}],"is_beta":false,"boss_relics":[],"items_purged_floors":[],"is_endless":false,"potions_floor_spawned":[2,6],"killed_by":"3 Sentries","ascension_level":11}}