{"host":"8rgpnls124hwjv5t","time":1612300554,"event":{"mods":["BaseMod","Colored Map","Colored Powertips","DeckTracker","Highlight Path","Minty Spire (QoL Compilation)","Permanent Neow","Quick Restart","Relic Stats","Shop Mod","StSLib"],"gold_per_floor":[111,55,71,71,71,96,21,39,93,93,131,131,174,199,199,199,199],"floor_reached":16,"language":"ENG","playtime":556,"items_purged":[],"score":236,"play_id":"b42e592e-c466-4cad-a55f-b1bc6d767b9d","local_time":"20210202161554","is_ascension_mode":true,"campfire_choices":[{"floor":12,"key":"REST"},{"floor":15,"key":"REST"}],"circlet_count":0,"master_deck":["AscendersBane","Strike_G","Strike_G","Strike_G","Strike_G","Strike_G","Defend_G","Defend_G","Defend_G","Defend_G","Defend_G","Survivor","Neutralize","Poisoned Stab","Dagger Spray","Deflect","Caltrops","Bane","Cloak And Dagger","Poisoned Stab","Deflect","Escape Plan","Poisoned Stab"],"relics":["Ring of the Snake","Nunchaku","Bronze Scales","Blood Vial","Golden Idol","Dream Catcher","Ninja Scroll"],"acts_visited":["Exordium"],"potions_floor_usage":[6,11,11,16],"damage_taken":[{"damage":4,"enemies":"Small Slimes","floor":1,"turns":5},{"damage":2,"enemies":"Jaw Worm","floor":3,"turns":5},{"damage":28,"enemies":"Gremlin Nob","floor":6,"turns":4},{"damage":0,"enemies":"2 Louse","floor":8,"turns":3},{"damage":28,"enemies":"3 Sentries","floor":11,"turns":8},{"damage":26,"enemies":"Gremlin Nob","floor":13,"turns":4},{"damage":0,"enemies":"2 Fungi Beasts","floor":14,"turns":1},{"damage":28,"enemies":"Hexaghost","floor":16,"turns":7}],"seed_played":"787885101974572683","potions_obtained":[{"floor":1,"key":"GamblersBrew"},{"floor":6,"key":"Weak Potion"},{"floor":14,"key":"ColorlessPotion"}],"is_trial":false,"path_per_floor":["M","$","M","?","?","E","$","M","T","?","E","R","E","M","R","B"],"character_chosen":"THE_SILENT","items_purchased":["FearPotion","Caltrops"],"campfire_rested":2,"item_purchase_floors":[2,7],"current_hp_per_floor":[52,52,50,32,58,30,30,30,30,30,4,25,1,3,24,0,0],"gold":199,"neow_bonus":"TWENTY_PERCENT_HP_BONUS","is_daily":false,"chose_seed":false,"campfire_upgraded":0,"win_rate":0.0,"timestamp":1612300554,"path_taken":["M","$","M","?","?","E","?","M","T","?","E","R","E","M","R","BOSS"],"items_purchased_type":["Potion","Card"],"build_version":"2020-12-22","purchased_purges":0,"victory":false,"max_hp_per_floor":[78,78,78,78,78,78,78,78,78,71,71,71,71,71,71,71,71],"relic_stats":{"Blood Vial":8,"Nunchaku":[6],"Dream Catcher":2,"counters":[8,37],"Golden Idol":22,"Bronze Scales":[65],"obtain_stats":[{"Blood Vial":9,"Nunchaku":4,"Dream Catcher":11,"Golden Idol":10,"Ninja Scroll":13,"Bronze Scales":6,"Ring of the Snake":0},{"Blood Vial":4,"Nunchaku":2,"Dream Catcher":5,"Golden Idol":4,"Ninja Scroll":6,"Bronze Scales":3,"Ring of the Snake":0},{"Blood Vial":17,"Nunchaku":10,"Dream Catcher":25,"Golden Idol":17,"Ninja Scroll":29,"Bronze Scales":14,"Ring of the Snake":0}],"Ring of the Snake":[16]},"card_choices":[{"not_picked":["Accuracy","Prepared"],"picked":"Poisoned Stab","floor":1},{"not_picked":["Masterful Stab","Cloak And Dagger"],"picked":"Dagger Spray","floor":3},{"not_picked":["Dodge and Roll","Prepared"],"picked":"Deflect","floor":6},{"not_picked":["Flying Knee","Night Terror"],"picked":"Bane","floor":8},{"not_picked":["Calculated Gamble","Concentrate"],"picked":"Cloak And Dagger","floor":11},{"not_picked":["Backflip","Dodge and Roll"],"picked":"Poisoned Stab","floor":12},{"not_picked":["Predator","A Thousand Cuts"],"picked":"Deflect","floor":13},{"not_picked":["Quick Slash","Cloak And Dagger"],"picked":"Escape Plan","floor":14},{"not_picked":["Sucker Punch","Backflip"],"picked":"Poisoned Stab","floor":15}],"player_experience":463213,"relics_obtained":[{"floor":6,"key":"Bronze Scales"},{"floor":9,"key":"Blood Vial"},{"floor":11,"key":"Dream Catcher"},{"floor":13,"key":"Ninja Scroll"}],"event_choices":[{"damage_healed":0,"gold_gain":0,"player_choice":"Success","damage_taken":18,"relics_obtained":["Nunchaku"],"max_hp_gain":0,"max_hp_loss":0,"event_name":"Scrap Ooze","floor":4,"gold_loss":0},{"damage_healed":26,"gold_gain":0,"player_choice":"Banana","damage_taken":0,"max_hp_gain":0,"max_hp_loss":0,"event_name":"Big Fish","floor":5,"gold_loss":0},{"damage_healed":0,"gold_gain":0,"player_choice":"Lose Max HP","damage_taken":0,"relics_obtained":["Golden Idol"],"max_hp_gain":0,"max_hp_loss":7,"event_name":"Golden Idol","floor":10,"gold_loss":0}],"is_beta":false,"boss_relics":[],"items_purged_floors":[],"is_endless":false,"potions_floor_spawned":[1,6,14],"killed_by":"Hexaghost","ascension_level":20}}