{"host":"Oniwa","time":1612268477,"event":{"mods":["BaseMod","Colored Map","Colored Powertips","Minty Spire (QoL Compilation)","Relic Stats","Slay the Relics Exporter","SpireBot","StSLib","ojb\u0027s Better Paths Mod","ojb\u0027s Info Mod"],"gold_per_floor":[113,127,147,60,135,161,29,29,99,99,115,115,115,147,147,218,218,230,246,246,246,246],"floor_reached":21,"language":"JPN","playtime":1037,"items_purged":[],"score":374,"play_id":"11f0e1fc-601e-4cb2-896f-78a46548a48d","local_time":"20210202212117","is_ascension_mode":true,"campfire_choices":[{"floor":8,"key":"REST"},{"floor":13,"key":"REST"},{"floor":15,"key":"REST"}],"circlet_count":0,"master_deck":["AscendersBane","Strike_B","Strike_B","Strike_B","Strike_B","Defend_B","Defend_B","Defend_B","Zap","Dualcast","Defragment","Conserve Battery","Meteor Strike","Beam Cell","Ball Lightning","Madness","BootSequence","Hologram","Fission","Biased Cognition","Rebound","White Noise","Meteor Strike"],"relics":["Fusion Hammer","Anchor","StrikeDummy","HornCleat","Art of War","Sozu"],"acts_visited":["Exordium","TheCity"],"potions_floor_usage":[6,16,21,21],"damage_taken":[{"damage":7,"enemies":"Small Slimes","floor":1,"turns":3},{"damage":8,"enemies":"2 Louse","floor":2,"turns":4},{"damage":2,"enemies":"Jaw Worm","floor":3,"turns":3},{"damage":23,"enemies":"Lagavulin","floor":6,"turns":7},{"damage":13,"enemies":"Exordium Thugs","floor":11,"turns":4},{"damage":13,"enemies":"3 Sentries","floor":14,"turns":7},{"damage":41,"enemies":"Slime Boss","floor":16,"turns":9},{"damage":18,"enemies":"3 Byrds","floor":18,"turns":6},{"damage":19,"enemies":"Shell Parasite","floor":19,"turns":7},{"damage":20,"enemies":"Snake Plant","floor":21,"turns":3}],"seed_played":"467338772282650687","potions_obtained":[{"floor":2,"key":"Strength Potion"},{"floor":3,"key":"SpeedPotion"},{"floor":6,"key":"Dexterity Potion"},{"floor":14,"key":"AttackPotion"},{"floor":16,"key":"Dexterity Potion"}],"is_trial":false,"path_per_floor":["M","M","M","$","?","E","$","R","T","?","M","T","R","E","R","B",null,"M","M","?","M"],"character_chosen":"DEFECT","items_purchased":["AttackPotion","Beam Cell","Madness","BootSequence"],"campfire_rested":3,"item_purchase_floors":[4,4,7,7],"current_hp_per_floor":[57,49,47,47,36,13,13,34,34,27,14,14,35,22,43,2,54,36,17,17,0,0],"gold":246,"neow_bonus":"BOSS_RELIC","is_daily":false,"chose_seed":false,"campfire_upgraded":0,"win_rate":0.0,"timestamp":1612268477,"path_taken":["M","M","M","$","?","E","$","R","T","?","?","?","R","E","R","BOSS","M","?","?","M"],"items_purchased_type":["Potion","Card","Card","Card"],"build_version":"2020-12-18","purchased_purges":0,"victory":false,"max_hp_per_floor":[71,71,71,71,71,71,71,71,71,71,71,71,71,71,71,71,71,71,71,71,71,71],"relic_stats":{"Sozu":0,"counters":[10,53],"Art of War":[5],"obtain_stats":[{"Sozu":17,"Anchor":6,"HornCleat":12,"Fusion Hammer":0,"Art of War":14,"Cracked Core":0,"StrikeDummy":9},{"Sozu":7,"Anchor":4,"HornCleat":5,"Fusion Hammer":0,"Art of War":6,"Cracked Core":0,"StrikeDummy":4},{"Sozu":37,"Anchor":17,"HornCleat":21,"Fusion Hammer":0,"Art of War":28,"Cracked Core":0,"StrikeDummy":17}]},"card_choices":[{"not_picked":["Beam Cell","Conserve Battery"],"picked":"Defragment","floor":1},{"not_picked":["Steam","Leap"],"picked":"Conserve Battery","floor":2},{"not_picked":["Conserve Battery","Cold Snap"],"picked":"Meteor Strike","floor":3},{"not_picked":["Barrage","Static Discharge"],"picked":"Ball Lightning","floor":6},{"not_picked":["Blizzard","Steam Power"],"picked":"Hologram","floor":11},{"not_picked":["Force Field","Barrage"],"picked":"Fission","floor":14},{"not_picked":["Amplify","Fission"],"picked":"Biased Cognition","floor":16},{"not_picked":["Barrage","Consume"],"picked":"Rebound","floor":18},{"not_picked":["Stack","Ball Lightning"],"picked":"White Noise","floor":19}],"player_experience":2646609,"relics_obtained":[{"floor":6,"key":"Anchor"},{"floor":9,"key":"StrikeDummy"},{"floor":12,"key":"HornCleat"},{"floor":14,"key":"Art of War"}],"event_choices":[{"damage_healed":0,"gold_gain":75,"player_choice":"Gather Gold","damage_taken":11,"max_hp_gain":0,"max_hp_loss":0,"event_name":"World of Goop","floor":5,"gold_loss":0},{"cards_removed":["Defend_B"],"damage_healed":0,"gold_gain":0,"player_choice":"Card Removal","damage_taken":7,"max_hp_gain":0,"max_hp_loss":0,"event_name":"Golden Wing","floor":10,"gold_loss":0},{"damage_healed":0,"gold_gain":0,"player_choice":"Copied","damage_taken":0,"max_hp_gain":0,"max_hp_loss":0,"event_name":"Duplicator","floor":20,"gold_loss":0,"cards_obtained":["Meteor Strike"]}],"is_beta":true,"boss_relics":[{"not_picked":["Philosopher\u0027s Stone","Ectoplasm"],"picked":"Sozu"}],"items_purged_floors":[],"is_endless":false,"potions_floor_spawned":[2,3,6,14,16],"killed_by":"Snake Plant","ascension_level":20}}