{"host":"vyiqbz5w606ur92t","time":1612257761,"event":{"mods":["BaseMod","Downfall","Minty Spire (QoL Compilation)","StSLib"],"gold_per_floor":[99,115,115,133,150,181,206,206,236,35,69,81,110,110,120,224,224,24,40,40,40,59,59,59,76,161,161,192,223,240,267,279,383,383,283,283,302,321,334,365,419,446,463,477,477,477,489,136,151,151,151,179,39,39,39,39],"floor_reached":57,"language":"ENG","playtime":7943,"items_purged":["champ:Defend","champ:Defend","champ:Taunt"],"score":1681,"play_id":"ea9c2c2a-3e19-45bf-9046-12c76aa24045","local_time":"20210202092241","is_ascension_mode":true,"campfire_choices":[{"floor":1.0,"key":"RECALL"},{"data":"champ:DefensiveStyle","floor":18.0,"key":"SMITH"},{"data":"champ:StanceDance","floor":23.0,"key":"SMITH"},{"data":"champ:CheapShot","floor":35.0,"key":"SMITH"},{"data":"champ:StanceDance","floor":47.0,"key":"SMITH"},{"data":"champ:UltimateStance","floor":54.0,"key":"SMITH"}],"circlet_count":0,"master_deck":["champ:Defend","champ:Execute+1","champ:GladiatorForm+1","champ:ArenaPreparation+1","champ:FalseCounter+1","champ:StanceDance+1","champ:FocusedDefense","champ:MurderStrike+1","champ:ShieldWall","champ:DefensiveStyle+1","champ:BringItOn","champ:StanceDance+1","champ:ShieldThrow","champ:Parry","champ:ShieldSigil+1","champ:RageSigil","champ:CheapShot+1","champ:Taunt","champ:CheapShot","champ:FalseCounter+1","champ:ArenaPreparation","champ:Circumvent+1","champ:UltimateStance+1"],"relics":["Astrolabe","Bag of Preparation","Potion Belt","Whetstone","Omamori","Membership Card","Singing Bowl","InkBottle","Busted Crown","downfall:HeartBlessingRed","downfall:HeartBlessingGreen","Regal Pillow","Red Mask","Blue Candle","sneckomod:SneckoTalon","downfall:HeartBlessingBlue","Matryoshka","Pen Nib","MealTicket","Oddly Smooth Stone","MawBank","Darkstone Periapt","Lizard Tail","Bottled Tornado","Lantern"],"acts_visited":["Exordium","TheCity","TheBeyond","TheEnding"],"potions_floor_usage":[56,56,56],"damage_taken":[{"damage":0.0,"enemies":"Jaw Worm","floor":2.0,"turns":2.0},{"damage":0.0,"enemies":"Small Slimes","floor":4.0,"turns":2.0},{"damage":10.0,"enemies":"2 Louse","floor":5.0,"turns":2.0},{"damage":41.0,"enemies":"3 Sentries","floor":6.0,"turns":11.0},{"damage":60.0,"enemies":"Lagavulin","floor":9.0,"turns":5.0},{"damage":50.0,"enemies":"downfall:FleeingMerchant","floor":10.0,"turns":4.0},{"damage":36.0,"enemies":"3 Sentries","floor":11.0,"turns":4.0},{"damage":10.0,"enemies":"Large Slime","floor":12.0,"turns":2.0},{"damage":10.0,"enemies":"Lagavulin","floor":13.0,"turns":5.0},{"damage":10.0,"enemies":"2 Fungi Beasts","floor":15.0,"turns":2.0},{"damage":0.0,"enemies":"SI_SHIV_ARCHETYPE","floor":16.0,"turns":6.0},{"damage":15.0,"enemies":"3 Byrds","floor":19.0,"turns":3.0},{"damage":0.0,"enemies":"Shell Parasite","floor":22.0,"turns":3.0},{"damage":20.0,"enemies":"Sentry and Sphere","floor":25.0,"turns":3.0},{"damage":35.0,"enemies":"Book of Stabbing","floor":28.0,"turns":4.0},{"damage":10.0,"enemies":"Masked Bandits","floor":29.0,"turns":3.0},{"damage":19.0,"enemies":"Snecko","floor":30.0,"turns":4.0},{"damage":52.0,"enemies":"Gremlin Leader","floor":31.0,"turns":4.0},{"damage":5.0,"enemies":"3 Cultists","floor":32.0,"turns":3.0},{"damage":5.0,"enemies":"WA_ARCHETYPE_CALM","floor":33.0,"turns":5.0},{"damage":0.0,"enemies":"3 Shapes","floor":37.0,"turns":3.0},{"damage":6.0,"enemies":"Orb Walker","floor":38.0,"turns":4.0},{"damage":50.0,"enemies":"Maw","floor":39.0,"turns":5.0},{"damage":48.0,"enemies":"Nemesis","floor":40.0,"turns":5.0},{"damage":51.0,"enemies":"Reptomancer","floor":42.0,"turns":5.0},{"damage":30.0,"enemies":"3 Darklings","floor":43.0,"turns":3.0},{"damage":25.0,"enemies":"Writhing Mass","floor":44.0,"turns":4.0},{"damage":50.0,"enemies":"downfall:FleeingMerchant","floor":48.0,"turns":6.0},{"damage":41.0,"enemies":"Jaw Worm Horde","floor":49.0,"turns":3.0},{"damage":122.0,"enemies":"IC_BLOCK_ARCHETYPE","floor":50.0,"turns":7.0},{"damage":124.0,"enemies":"downfall:CharBossMerchant","floor":52.0,"turns":6.0},{"damage":367,"enemies":"downfall:NeowBoss","floor":55,"turns":15},{"damage":303,"enemies":"downfall:NeowBossFinal","floor":56,"turns":11}],"seed_played":"3752511472717177725","potions_obtained":[{"floor":2.0,"key":"champ:OpenerPotion"},{"floor":6.0,"key":"sneckomod:MuddlingPotion"},{"floor":12.0,"key":"Guardian:BlockOnCardUsePotion"},{"floor":13.0,"key":"Regen Potion"},{"floor":16.0,"key":"SteroidPotion"},{"floor":22.0,"key":"champ:OpenerPotion"},{"floor":28.0,"key":"champ:TechniquePotion"},{"floor":29.0,"key":"EntropicBrew"},{"floor":31.0,"key":"Swift Potion"},{"floor":33.0,"key":"PowerPotion"},{"floor":38.0,"key":"SpeedPotion"},{"floor":40.0,"key":"AttackPotion"},{"floor":44.0,"key":"Dexterity Potion"}],"is_trial":false,"path_per_floor":["R","M","?","M","M","E","T","?","E","$","E","M","E","?","M","B",null,"R","M","?","?","M","R","T","M","?","?","E","?","M","E","M","B",null,"R","?","M","M","M","E","T","E","M","M","?","T","R","$","M","B",null,"E","$","R","B","B",null],"character_chosen":"THE_CHAMP","items_purchased":["Membership Card","champ:UltimateStance","Energy Potion","FairyPotion","Lizard Tail","Lantern"],"campfire_rested":0,"item_purchase_floors":[10,48,48,48,48,53],"current_hp_per_floor":[90,90,65,65,65,64,64,64,64,64,60,60,60,60,60,60,92,92,94,94,94,96,96,96,98,80,60,60,62,53,50,52,52,107,117,117,117,118,110,107,107,103,95,95,95,95,95,112,113,76,129,97,112,112,105,103],"gold":39,"neow_bonus":"BOSS_RELIC","is_daily":false,"chose_seed":false,"campfire_upgraded":5,"win_rate":0.0,"timestamp":1612257761,"path_taken":["R","M","?","M","M","E","T","?","E","$","E","M","E","?","M","BOSS","R","M","?","?","M","R","T","?","?","?","E","?","M","E","M","BOSS","R","?","?","M","M","E","T","E","M","M","?","?","R","$","M","BOSS","E","$","R","BOSS","BOSS"],"items_purchased_type":["Relic","Card","Potion","Potion","Relic","Relic"],"build_version":"2020-12-22","purchased_purges":3,"victory":true,"max_hp_per_floor":[90,90,90,90,90,90,90,90,90,90,92,92,92,92,92,92,92,92,94,94,94,96,96,96,98,98,103,103,105,105,105,107,107,107,117,117,117,119,121,121,121,123,125,125,125,125,125,127,129,129,129,131,131,131,131,131],"card_choices":[{"not_picked":["champ:RecklessLeap","champ:BringItOn"],"picked":"champ:StanceDance","floor":2.0},{"not_picked":["champ:BladeFlurry","champ:StanceDance","champ:BerserkersShout"],"picked":"SKIP","floor":4.0},{"not_picked":["champ:ShieldSlam","champ:BladeFlurry"],"picked":"champ:FocusedDefense","floor":5.0},{"not_picked":["champ:BringItOn","champ:Shatter"],"picked":"champ:MurderStrike","floor":6.0},{"not_picked":["champ:EnchantCrown","champ:Circumvent"],"picked":"champ:ShieldWall","floor":9.0},{"not_picked":["champ:GutPunch","champ:CrookedStrike","champ:CrownThrow"],"picked":"SKIP","floor":10.0},{"not_picked":["champ:RisingSlash","champ:Haymaker","champ:PerfectedStrike"],"picked":"Singing Bowl","floor":11.0},{"not_picked":["champ:ArenaPreparation","champ:PreciseThrust"],"picked":"champ:DefensiveStyle","floor":12.0},{"not_picked":["champ:Shatter","champ:PerfectedStrike"],"picked":"champ:BringItOn","floor":13.0},{"not_picked":["champ:FaceSlap","champ:PreemptiveStrike"],"picked":"champ:StanceDance","floor":15.0},{"not_picked":["champ:HoldFirm","champ:GladiatorForm"],"picked":"champ:ShieldThrow","floor":16.0},{"not_picked":["champ:CrownThrow"],"picked":"Singing Bowl","floor":19.0},{"not_picked":["champ:Backstep+1"],"picked":"Singing Bowl","floor":22.0},{"not_picked":["champ:ShieldSigil"],"picked":"Singing Bowl","floor":25.0},{"not_picked":[],"picked":"champ:Parry","floor":28.0},{"not_picked":["champ:BringItOn"],"picked":"Singing Bowl","floor":29.0},{"not_picked":[],"picked":"champ:ShieldSigil+1","floor":30.0},{"not_picked":[],"picked":"champ:RageSigil","floor":31.0},{"not_picked":["champ:GutPunch"],"picked":"Singing Bowl","floor":32.0},{"not_picked":[],"picked":"champ:CheapShot","floor":33.0},{"not_picked":[],"picked":"champ:FalseCounter+1","floor":37.0},{"not_picked":["champ:SkillfulDodge"],"picked":"Singing Bowl","floor":38.0},{"not_picked":["champ:RecklessLeap"],"picked":"Singing Bowl","floor":39.0},{"not_picked":[],"picked":"champ:ArenaPreparation","floor":40.0},{"not_picked":["champ:Circumvent"],"picked":"Singing Bowl","floor":42.0},{"not_picked":["champ:GutPunch+1"],"picked":"Singing Bowl","floor":43.0},{"not_picked":[],"picked":"champ:Circumvent+1","floor":44.0},{"not_picked":["champ:Haymaker+1"],"picked":"Singing Bowl","floor":48.0},{"not_picked":["champ:FalseCounter"],"picked":"Singing Bowl","floor":49.0},{"not_picked":["champ:EndlessRage"],"picked":"Singing Bowl","floor":52.0}],"player_experience":1364697,"relics_obtained":[{"floor":6.0,"key":"Potion Belt"},{"floor":7.0,"key":"Whetstone"},{"floor":9.0,"key":"Omamori"},{"floor":11.0,"key":"Singing Bowl"},{"floor":13.0,"key":"InkBottle"},{"floor":28.0,"key":"Regal Pillow"},{"floor":29.0,"key":"Red Mask"},{"floor":31.0,"key":"Blue Candle"},{"floor":40.0,"key":"Matryoshka"},{"floor":41.0,"key":"Pen Nib"},{"floor":41.0,"key":"MealTicket"},{"floor":42.0,"key":"Oddly Smooth Stone"},{"floor":46.0,"key":"MawBank"},{"floor":46.0,"key":"Darkstone Periapt"},{"floor":52.0,"key":"Bottled Tornado"}],"event_choices":[{"damage_healed":0.0,"max_hp_gain":0.0,"max_hp_loss":0.0,"gold_gain":0.0,"event_name":"Scrap Ooze","player_choice":"Success","floor":3.0,"gold_loss":0.0,"damage_taken":25.0,"relics_obtained":["Bag of Preparation"]},{"cards_removed":["champ:Strike"],"damage_healed":0.0,"max_hp_gain":0.0,"max_hp_loss":0.0,"gold_gain":0.0,"event_name":"The Cleric","player_choice":"Card Removal","floor":8.0,"gold_loss":0.0,"damage_taken":0.0},{"damage_healed":0.0,"max_hp_gain":0.0,"max_hp_loss":0.0,"gold_gain":0.0,"event_name":"Vampires","player_choice":"Ignored","floor":20.0,"gold_loss":0.0,"damage_taken":0.0},{"damage_healed":0.0,"max_hp_gain":0.0,"max_hp_loss":0.0,"gold_gain":0.0,"event_name":"Masked Bandits","player_choice":"Fought Bandits","floor":29.0,"gold_loss":0.0,"damage_taken":0.0},{"damage_healed":0.0,"max_hp_gain":0.0,"max_hp_loss":0.0,"gold_gain":0.0,"event_name":"Mysterious Sphere","player_choice":"Ignored","floor":45.0,"gold_loss":0.0,"damage_taken":0.0}],"is_beta":false,"boss_relics":[{"not_picked":["SlaversCollar","Snecko Eye"],"picked":"Busted Crown"},{"not_picked":["Empty Cage","Velvet Choker"],"picked":"sneckomod:SneckoTalon"}],"items_purged_floors":[10,48,53],"is_endless":false,"potions_floor_spawned":[2,6,12,13,16,22,28,29,31,33,38,40,44],"ascension_level":3}}