{"host":"5h6e4l6hpn0p5lap","time":1612236199,"event":{"mods":["AchievementEnabler","BaseMod","Better Altar","Better Match","Better Sensory Stone","Better Skull","Better Third Choice","Colored Map","Filter the Spire","Minty Spire (QoL Compilation)","StSLib"],"gold_per_floor":[112,123,143,162,87,87,117,131,131,81,156,171,200,218,218,218,218],"floor_reached":16,"language":"ENG","playtime":572,"items_purged":["Strike_R"],"score":114,"play_id":"6864c3f1-0f29-4efc-839f-f0986db5b8d2","local_time":"20210201222319","is_ascension_mode":false,"campfire_choices":[{"data":"Pummel","floor":6,"key":"SMITH"},{"data":"True Grit","floor":15,"key":"SMITH"}],"circlet_count":0,"master_deck":["Strike_R","Strike_R","Strike_R","Defend_R","Defend_R","Defend_R","Defend_R","Bash","Dramatic Entrance","Clash","Pummel+1","Pommel Strike","Anger","Thunderclap","True Grit+1","Hemokinesis"],"relics":["Burning Blood","Tiny Chest","Singing Bowl","Pen Nib"],"acts_visited":["Exordium"],"potions_floor_usage":[7,7,16],"damage_taken":[{"damage":6,"enemies":"Cultist","floor":1,"turns":3},{"damage":0,"enemies":"2 Louse","floor":2,"turns":2},{"damage":0,"enemies":"Small Slimes","floor":3,"turns":2},{"damage":9,"enemies":"Exordium Thugs","floor":4,"turns":3},{"damage":14,"enemies":"Gremlin Nob","floor":7,"turns":3},{"damage":5,"enemies":"Looter","floor":8,"turns":3},{"damage":5,"enemies":"3 Louse","floor":12,"turns":2},{"damage":27,"enemies":"3 Sentries","floor":13,"turns":12},{"damage":4,"enemies":"Blue Slaver","floor":14,"turns":3},{"damage":13,"enemies":"The Guardian","floor":16,"turns":8}],"seed_played":"-857521789545539010","potions_obtained":[{"floor":3,"key":"SkillPotion"},{"floor":4,"key":"Fire Potion"},{"floor":12,"key":"FearPotion"}],"is_trial":false,"path_per_floor":["M","M","M","M","$","R","E","M","T","?","?","M","E","M","R","B"],"character_chosen":"IRONCLAD","items_purchased":[],"campfire_rested":0,"item_purchase_floors":[],"current_hp_per_floor":[80,80,80,77,77,77,69,70,70,70,59,62,41,45,45,32,32],"gold":218,"neow_bonus":"RANDOM_COLORLESS","is_daily":false,"chose_seed":false,"campfire_upgraded":2,"win_rate":0.0,"timestamp":1612236199,"path_taken":["M","M","M","?","?","R","E","M","T","?","?","M","E","M","R","BOSS"],"items_purchased_type":[],"build_version":"2020-12-22","purchased_purges":1,"victory":false,"max_hp_per_floor":[80,80,80,80,80,80,80,80,80,80,80,82,82,84,84,84,84],"card_choices":[{"not_picked":["Panacea","Finesse"],"picked":"Dramatic Entrance","floor":0},{"not_picked":["Reckless Charge","Sever Soul"],"picked":"Clash","floor":1},{"not_picked":["Metallicize","Headbutt"],"picked":"Pummel","floor":2},{"not_picked":["Iron Wave","Twin Strike"],"picked":"Pommel Strike","floor":3},{"not_picked":["Seeing Red","Infernal Blade"],"picked":"Anger","floor":4},{"not_picked":["Fiend Fire","Pommel Strike"],"picked":"Thunderclap","floor":7},{"not_picked":["Headbutt","Infernal Blade"],"picked":"True Grit","floor":8},{"not_picked":["Wild Strike","Anger","Pommel Strike"],"picked":"Singing Bowl","floor":12},{"not_picked":["Body Slam","Warcry"],"picked":"Hemokinesis","floor":13},{"not_picked":["Entrench","Carnage","Reckless Charge"],"picked":"Singing Bowl","floor":14}],"player_experience":1040045,"relics_obtained":[{"floor":7,"key":"Tiny Chest"},{"floor":9,"key":"Singing Bowl"},{"floor":13,"key":"Pen Nib"}],"event_choices":[{"cards_removed":["Strike_R"],"damage_healed":0,"gold_gain":0,"player_choice":"Card Removal","damage_taken":0,"max_hp_gain":0,"max_hp_loss":0,"event_name":"The Cleric","floor":10,"gold_loss":50},{"damage_healed":0,"gold_gain":75,"player_choice":"Gold","damage_taken":11,"max_hp_gain":0,"max_hp_loss":0,"event_name":"betterThird:BetterGoop","floor":11,"gold_loss":0}],"is_beta":false,"boss_relics":[],"items_purged_floors":[5],"is_endless":false,"potions_floor_spawned":[3,4,12],"killed_by":"The Guardian","ascension_level":0}}