{"host":"1dz819zv7fs9tsdy","time":1612307073,"event":{"mods":["AchievementEnabler","BaseMod","Colored Powertips","Curses Come First","Minty Spire (QoL Compilation)","Rare Cards Sparkle","Replay The Spire","Shop Mod","StSLib"],"gold_per_floor":[117,133,208,208,208,208,220,255,274,274,274,274,299,299,332,332,332,436,436,456,406,424,424,424],"floor_reached":23,"language":"ENG","playtime":1784,"items_purged":[],"score":259,"play_id":"4c4b81c3-13b0-46c3-b4a3-c7f6b25c09af","local_time":"20210202230433","is_ascension_mode":true,"campfire_choices":[{"data":"Noxious Fumes","floor":12,"key":"SMITH"},{"floor":14,"key":"REST"},{"floor":17,"key":"REST"}],"circlet_count":0,"master_deck":["Survivor","Neutralize","Dagger Spray","All Out Attack","Underhanded Strike","Heel Hook","Noxious Fumes+1","ReplayTheSpireMod:Scrap Shanks","PiercingWail","Bullet Time","Infinite Blades","Replay:Bag of Tricks","ReplayTheSpireMod:Necrosis","Storm of Steel","Outmaneuver","Atom Bomb","Well Laid Plans","Hidden Blade","Finisher","Burst","Backflip","Venomology","Deadly Poison","Poisoned Stab"],"relics":["Ring of the Snake","NeowsBlessing","Orichalcum","Potion Belt","StrikeDummy","Bronze Scales","Pandora\u0027s Box"],"acts_visited":["Exordium","TheCity"],"potions_floor_usage":[8,13,18,23,23,23,23,23],"damage_taken":[{"damage":0,"enemies":"Small Slimes","floor":1,"turns":1},{"damage":0,"enemies":"Cultist","floor":2,"turns":1},{"damage":0,"enemies":"Jaw Worm","floor":7,"turns":1},{"damage":46,"enemies":"Lagavulin","floor":8,"turns":11},{"damage":3,"enemies":"Looter","floor":9,"turns":3},{"damage":8,"enemies":"Gremlin Nob","floor":13,"turns":4},{"damage":23,"enemies":"3 Sentries","floor":15,"turns":5},{"damage":20,"enemies":"Fading Forest","floor":18,"turns":11},{"damage":8,"enemies":"Spheric Guardian","floor":20,"turns":3},{"damage":22,"enemies":"Shell Parasite","floor":22,"turns":5},{"damage":34,"enemies":"Sentry and Sphere","floor":23,"turns":5}],"seed_played":"-6751565696089419440","potions_obtained":[{"floor":1,"key":"LiquidMemories"},{"floor":7,"key":"Block Potion"},{"floor":8,"key":"Strength Potion"},{"floor":13,"key":"DistilledChaos"},{"floor":22,"key":"BlessingOfTheForge"}],"is_trial":false,"path_per_floor":["M","M","?","PTL","PTL","?","M","E","M","?","T","R","E","R","E","?","R","B",null,"M","?","M","M"],"character_chosen":"THE_SILENT","items_purchased":[],"campfire_rested":2,"item_purchase_floors":[],"current_hp_per_floor":[70,70,59,59,59,52,52,6,3,26,26,26,18,39,16,16,37,17,57,49,49,27,0,0],"gold":424,"neow_bonus":"THREE_ENEMY_KILL","is_daily":false,"chose_seed":false,"campfire_upgraded":1,"win_rate":0.0,"timestamp":1612307073,"path_taken":["M","M","?","PTL","PTL","?","?","E","M","?","T","R","E","R","E","?","R","BOSS","M","?","?","M"],"items_purchased_type":[],"build_version":"2020-12-22","purchased_purges":0,"victory":false,"max_hp_per_floor":[70,70,70,70,70,70,70,70,70,70,70,70,70,70,70,70,70,70,70,70,70,70,70,70],"card_choices":[{"not_picked":["Heel Hook","Flying Knee"],"picked":"Dagger Spray","floor":1},{"not_picked":["Underhanded Strike","Sucker Punch"],"picked":"All Out Attack","floor":2},{"not_picked":["Acrobatics","Slice"],"picked":"Underhanded Strike","floor":7},{"not_picked":["Prepared","Reflex"],"picked":"Heel Hook","floor":8},{"not_picked":["Setup","Doppelganger"],"picked":"Noxious Fumes","floor":9},{"not_picked":["Outmaneuver","Acrobatics"],"picked":"ReplayTheSpireMod:Scrap Shanks","floor":13},{"not_picked":["Escape Plan","Quick Slash"],"picked":"PiercingWail","floor":15},{"not_picked":["Bullet Time","Malaise"],"picked":"Replay:Bag of Tricks","floor":18},{"not_picked":["Sucker Punch","Deflect"],"picked":"Deadly Poison","floor":20},{"not_picked":["Underhanded Strike","Masterful Stab"],"picked":"Poisoned Stab","floor":22}],"player_experience":390080,"relics_obtained":[{"floor":8,"key":"Orichalcum"},{"floor":11,"key":"Potion Belt"},{"floor":13,"key":"StrikeDummy"},{"floor":15,"key":"Bronze Scales"}],"event_choices":[{"damage_healed":0,"gold_gain":75,"player_choice":"Gather Gold","damage_taken":11,"max_hp_gain":0,"max_hp_loss":0,"event_name":"World of Goop","floor":3,"gold_loss":0},{"damage_healed":0,"gold_gain":0,"player_choice":"Damaged","damage_taken":7,"max_hp_gain":0,"max_hp_loss":0,"event_name":"Wheel of Change","floor":6,"gold_loss":0},{"damage_healed":23,"gold_gain":0,"player_choice":"Banana","damage_taken":0,"max_hp_gain":0,"max_hp_loss":0,"event_name":"Big Fish","floor":10,"gold_loss":0},{"damage_healed":0,"gold_gain":0,"player_choice":"2 cards matched","damage_taken":0,"max_hp_gain":0,"max_hp_loss":0,"event_name":"Match and Keep!","floor":16,"gold_loss":0,"cards_obtained":["Bullet Time","Infinite Blades"]},{"damage_healed":0,"gold_gain":0,"player_choice":"Bet on Murderer","damage_taken":0,"max_hp_gain":0,"max_hp_loss":0,"event_name":"The Joust","floor":21,"gold_loss":50}],"is_beta":false,"boss_relics":[{"not_picked":["Coffee Dripper","Ring of the Serpent"],"picked":"Pandora\u0027s Box"}],"items_purged_floors":[],"is_endless":false,"potions_floor_spawned":[1,7,8,13,22],"killed_by":"Sentry and Sphere","ascension_level":5}}