{"host":"85sjp5lsubt86171","time":1612281373,"event":{"mods":["Act Like it!","BaseMod","BetterRewards","CapriCore","Colored Map","Gensokyo","Library of Ruina","Library of Ruina Extra","Minty Spire (QoL Compilation)","Quick Restart","Relic Stats","Shop Mod","Spicy Shops","StSLib","SuperFastMode","The Immortal","Waifu the Spire","【功能Mod】精心准备"],"gold_per_floor":[117,134,134,151,163,163,190,190,190,190,222,222,237,92,92,187,187,200,215,40,40,40,40,67,84,139,173,173,24,52,62,62,364,364,377,377,387,231,231,259,294,323,323,555,132,132,132,147,147,147,147,147,147,69,94,94],"floor_reached":57,"language":"ZHS","playtime":2168,"items_purged":["MokouMod:Strike","MokouMod:Strike","MokouMod:Strike","MokouMod:Strike"],"score":2243,"play_id":"0a121565-99df-4d8d-a910-bc4b90a1174d","local_time":"20210202235613","is_ascension_mode":true,"campfire_choices":[{"data":"MokouMod:InfernalWave","floor":6.0,"key":"SMITH"},{"data":"MokouMod:RisingSunBarrier","floor":8.0,"key":"SMITH"},{"data":"MokouMod:BurningDraft","floor":10.0,"key":"SMITH"},{"data":"MokouMod:SearingShot","floor":15.0,"key":"SMITH"},{"data":"MokouMod:SacredFire","floor":23.0,"key":"SMITH"},{"data":"1","floor":32.0,"key":"LIFT"},{"floor":49,"key":"RECALL"},{"data":"2","floor":53,"key":"LIFT"}],"circlet_count":0,"master_deck":["MokouMod:Defend","MokouMod:Singe","MokouMod:InfernalWave+1","MokouMod:ControlledCombustion","MokouMod:BurningDraft+1","MokouMod:SearingShot+1","MokouMod:SacredFire+1","MokouMod:Overheat","MokouMod:RoaringFlare+1","MokouMod:Afterburner+1","MokouMod:SubterraneanCore+1","MokouMod:Geothermal"],"relics":["MokouMod:PhoenixFeather","TheAbacus","PageOfPorccubus","Mango","Art of War","Ginger","Gensokyo:PortableGap","Medical Kit","Philosopher\u0027s Stone","PageOfSpiderBud","Girya","Oddly Smooth Stone","Unceasing Top","Gensokyo:SongOfSouls","Potion Belt","Astrolabe","Pocketwatch","HornCleat","Gensokyo:DualWield","Juzu Bracelet","Omamori","PageOfWizard","Darkstone Periapt","Incense Burner","PageOfSingingMachine","Centennial Puzzle","Bag of Preparation","PageOfMercenary"],"acts_visited":["Exordium","Gensokyo:Gensokyo","Gensokyo:Gensokyoer","TheEnding"],"potions_floor_usage":[40,42,56,56,56],"damage_taken":[{"damage":2.0,"enemies":"Gensokyo:Python","floor":1.0,"turns":4.0},{"damage":4.0,"enemies":"Gensokyo:2_Kodama","floor":2.0,"turns":3.0},{"damage":5.0,"enemies":"Gensokyo:3_Fairies","floor":4.0,"turns":3.0},{"damage":9.0,"enemies":"Gensokyo:Kitsune","floor":5.0,"turns":3.0},{"damage":15.0,"enemies":"Gensokyo:Mamizou","floor":7.0,"turns":7.0},{"damage":1.0,"enemies":"Gensokyo:Cirno","floor":11.0,"turns":7.0},{"damage":4.0,"enemies":"Gensokyo:CorruptedTreant","floor":13.0,"turns":2.0},{"damage":1.0,"enemies":"Gensokyo:Reimu","floor":16.0,"turns":6.0},{"damage":0.0,"enemies":"Gensokyo:Chomper","floor":18.0,"turns":2.0},{"damage":6.0,"enemies":"Gensokyo:AngelMirror","floor":19.0,"turns":3.0},{"damage":27.0,"enemies":"Gensokyo:Tenshi","floor":24.0,"turns":3.0},{"damage":0.0,"enemies":"Gensokyo:Chomper_and_Gloop","floor":25.0,"turns":3.0},{"damage":10.0,"enemies":"Gensokyo:Reisen","floor":27.0,"turns":4.0},{"damage":11.0,"enemies":"Gensokyo:Koishi","floor":30.0,"turns":5.0},{"damage":9.0,"enemies":"Gensokyo:Mirror_and_Dog","floor":31.0,"turns":2.0},{"damage":18.0,"enemies":"Gensokyo:Eiki","floor":33.0,"turns":3.0},{"damage":0,"enemies":"Gensokyo:3_Boulders","floor":35,"turns":3},{"damage":0,"enemies":"Gensokyo:3_Bats","floor":37,"turns":1},{"damage":22,"enemies":"Gensokyo:Kasen","floor":40,"turns":5},{"damage":0,"enemies":"Gensokyo:Doremy","floor":41,"turns":2},{"damage":0,"enemies":"Gensokyo:Marisa","floor":42,"turns":3},{"damage":0,"enemies":"Gensokyo:Kasen","floor":44,"turns":3},{"damage":0,"enemies":"Gensokyo:SeedOfUnknown","floor":48,"turns":1},{"damage":38,"enemies":"Gensokyo:Shinki","floor":50,"turns":3},{"damage":0,"enemies":"Shield and Spear","floor":55,"turns":1},{"damage":62,"enemies":"The Heart","floor":56,"turns":3}],"seed_played":"-3927070446157562332","potions_obtained":[{"floor":1.0,"key":"GamblersBrew"},{"floor":2.0,"key":"Swift Potion"},{"floor":11.0,"key":"Strength Potion"},{"floor":16.0,"key":"Energy Potion"},{"floor":18.0,"key":"EssenceOfSteel"},{"floor":24.0,"key":"SpeedPotion"},{"floor":27.0,"key":"BlessingOfTheForge"},{"floor":30.0,"key":"Dexterity Potion"},{"floor":31.0,"key":"ColorlessPotion"},{"floor":35,"key":"Block Potion"},{"floor":41,"key":"ColorlessPotion"},{"floor":42,"key":"GamblersBrew"}],"is_trial":false,"path_per_floor":["M","M","?","M","M","R","E","R","T","R","E","?","M","$","R","B",null,"M","M","$","?","?","R","E","M","T","E","?","COS","E","M","R","B",null,"M","?","M","COS","?","E","E","E","T","E","$","?","?","M","R","B",null,null,"R","$","E","B",null],"character_chosen":"MKU","items_purchased":["TheAbacus","MokouMod:RisingSunBarrier","PageOfPorccubus","MokouMod:Singe","MokouMod:InfernalWave","Medical Kit","PageOfSpiderBud","Bag of Preparation","Swift Potion"],"campfire_rested":0,"item_purchase_floors":[0,0,0,0,0,14,20,45,54],"current_hp_per_floor":[53,51,46,43,38,38,25,25,25,25,24,24,22,22,22,21,66,66,62,62,62,62,62,39,39,39,35,35,35,28,23,23,9,63,63,63,63,63,63,45,45,45,45,45,45,38,38,38,38,2,2,46,46,46,46,15],"gold":94,"neow_bonus":"","is_daily":false,"chose_seed":false,"campfire_upgraded":5,"win_rate":0.0,"timestamp":1612281373,"path_taken":["M","?","?","M","?","R","E","R","T","R","E","?","?","?","R","BOSS","M","?","$","?","?","R","E","?","T","E","?","COS","E","M","R","BOSS","M","?","?","COS","?","E","E","E","T","E","$","?","?","M","R","BOSS","R","$","E","BOSS"],"items_purchased_type":["Relic","Card","Relic","Card","Card","Relic","Relic","Relic","Potion"],"build_version":"2020-12-22","purchased_purges":4,"victory":true,"max_hp_per_floor":[75,75,89,89,89,89,89,89,89,89,89,81,81,81,81,81,81,81,81,81,81,81,81,81,81,81,81,81,81,81,81,81,81,81,81,81,78,75,75,72,69,69,69,66,66,63,60,60,60,60,60,60,60,60,60,60],"relic_stats":{"Darkstone Periapt":0,"counters":[44,155],"Astrolabe":["MokouMod:CrimsonFlare","MokouMod:RoaringFlare","MokouMod:Afterburner"],"Juzu Bracelet":0,"Bag of Preparation":[20],"Ginger":[25],"Medical Kit":[6],"Centennial Puzzle":[5],"TheAbacus":[414],"Art of War":[1],"obtain_stats":[{"Darkstone Periapt":43,"PageOfTheQueenOfHatred":12,"Mango":3,"Bag of Preparation":27,"Juzu Bracelet":40,"Incense Burner":44,"Ginger":11,"PageOfSingingMachine":44,"Gensokyo:PortableGap":12,"Gensokyo:DualWield":36,"PageOfSpiderBud":13,"PageOfGreed":10,"PageOfWrath":26,"Frozen Eye":30,"Centennial Puzzle":44,"TheAbacus":27,"HornCleat":35,"PageOfMercenary":55,"Mummified Hand":27,"Gambling Chip":19,"PageOfTheKnightOfDespair":23,"PageOfWizard":42,"Prayer Wheel":4,"Philosopher\u0027s Stone":17,"PageOfPinocchio":6,"Gensokyo:SongOfSouls":28,"Potion Belt":4,"Girya":24,"Astrolabe":34,"Oddly Smooth Stone":26,"PageOfNihil":28,"Omamori":41,"Medical Kit":14,"MokouMod:PhoenixFeather":0,"Pandora\u0027s Box":0,"Coffee Dripper":17,"Art of War":7,"PageOfPorccubus":0,"Toy Ornithopter":8,"Unceasing Top":27,"Pocketwatch":35},{"Darkstone Periapt":39,"PageOfTheQueenOfHatred":6,"Mango":20,"Bag of Preparation":12,"Juzu Bracelet":37,"Incense Burner":40,"Ginger":24,"PageOfSingingMachine":40,"Gensokyo:PortableGap":24,"Gensokyo:DualWield":35,"PageOfSpiderBud":7,"PageOfGreed":5,"PageOfWrath":12,"Frozen Eye":31,"Centennial Puzzle":40,"TheAbacus":12,"HornCleat":35,"PageOfMercenary":43,"Mummified Hand":12,"Gambling Chip":10,"PageOfTheKnightOfDespair":12,"PageOfWizard":39,"Prayer Wheel":2,"Philosopher\u0027s Stone":26,"PageOfPinocchio":3,"Gensokyo:SongOfSouls":31,"Potion Belt":2,"Girya":29,"Astrolabe":34,"Oddly Smooth Stone":30,"PageOfNihil":14,"Omamori":38,"Medical Kit":25,"MokouMod:PhoenixFeather":0,"Pandora\u0027s Box":0,"Coffee Dripper":9,"Art of War":23,"PageOfPorccubus":18,"Toy Ornithopter":4,"Unceasing Top":31,"Pocketwatch":35},{"Darkstone Periapt":144,"PageOfTheQueenOfHatred":25,"Mango":77,"Bag of Preparation":49,"Juzu Bracelet":139,"Incense Burner":145,"Ginger":97,"PageOfSingingMachine":146,"Gensokyo:PortableGap":97,"Gensokyo:DualWield":133,"PageOfSpiderBud":27,"PageOfGreed":21,"PageOfWrath":49,"Frozen Eye":120,"Centennial Puzzle":147,"TheAbacus":49,"HornCleat":132,"PageOfMercenary":152,"Mummified Hand":49,"Gambling Chip":42,"PageOfTheKnightOfDespair":49,"PageOfWizard":144,"Prayer Wheel":7,"Philosopher\u0027s Stone":105,"PageOfPinocchio":12,"Gensokyo:SongOfSouls":120,"Potion Belt":7,"Girya":113,"Astrolabe":130,"Oddly Smooth Stone":116,"PageOfNihil":55,"Omamori":141,"Medical Kit":99,"MokouMod:PhoenixFeather":0,"Pandora\u0027s Box":0,"Coffee Dripper":40,"Art of War":90,"PageOfPorccubus":70,"Toy Ornithopter":16,"Unceasing Top":120,"Pocketwatch":131}],"Unceasing Top":[76],"Pocketwatch":[3]},"card_choices":[{"not_picked":["MokouMod:CrimsonFlare","MokouMod:AdaptivePyromancy"],"picked":"MokouMod:ControlledCombustion","floor":1.0},{"not_picked":["MokouMod:GuidingSmoke","MokouMod:Cataclysm","MokouMod:Ember"],"picked":"SKIP","floor":2.0},{"not_picked":["MokouMod:DanceofFlames","MokouMod:HeatTransfer","MokouMod:Overheat"],"picked":"SKIP","floor":4.0},{"not_picked":["MokouMod:BlazingComet","MokouMod:FlickeringFlame","MokouMod:UncontrollableSolarReaction"],"picked":"SKIP","floor":5.0},{"not_picked":["MokouMod:Firecracker","MokouMod:ControlledCombustion"],"picked":"MokouMod:BurningDraft","floor":7.0},{"not_picked":["MokouMod:CrimsonFlare","MokouMod:FlickeringFlame","MokouMod:AdaptivePyromancy"],"picked":"SKIP","floor":11.0},{"not_picked":["MokouMod:IgnitionBarrier","MokouMod:Stoke","MokouMod:SearingShot"],"picked":"SKIP","floor":13.0},{"not_picked":["MokouMod:IgnitionBarrier","MokouMod:Stoke"],"picked":"MokouMod:SearingShot","floor":13.0},{"not_picked":["MokouMod:EnchantingBambooForest","MokouMod:Rebirth"],"picked":"MokouMod:SacredFire","floor":16.0},{"not_picked":["MokouMod:EternalBurstReactor","MokouMod:DanceofFlames","MokouMod:Singe"],"picked":"SKIP","floor":18.0},{"not_picked":["MokouMod:FusionFlare+1","MokouMod:BlazingComet","MokouMod:DanceofFlames"],"picked":"SKIP","floor":19.0},{"not_picked":["MokouMod:TemporalFireSeal+1","MokouMod:Ember"],"picked":"MokouMod:Overheat","floor":24.0},{"not_picked":["MokouMod:Cataclysm","MokouMod:EternalBurstReactor+1","MokouMod:HeatFactory+1"],"picked":"SKIP","floor":25.0},{"not_picked":["MokouMod:IllusoryBattlefield+1","MokouMod:Rekindle","MokouMod:FlareStarter"],"picked":"SKIP","floor":27.0},{"not_picked":["MokouMod:Firecracker","MokouMod:EternalBurstReactor","MokouMod:FlareStarter+1"],"picked":"SKIP","floor":30.0},{"not_picked":["MokouMod:HeatTransfer","MokouMod:HeatCyclone","MokouMod:ResoluteFlare"],"picked":"SKIP","floor":31.0},{"not_picked":["MokouMod:EternalBurstReactor+1","MokouMod:Afterburner+1","MokouMod:Overheat"],"picked":"SKIP","floor":35},{"not_picked":["MokouMod:ResonanceReactor","MokouMod:ResoluteFlare","MokouMod:RisingSunBarrier"],"picked":"SKIP","floor":37},{"not_picked":["MokouMod:FusionFlare+1","MokouMod:Meltdown"],"picked":"MokouMod:SubterraneanCore+1","floor":40},{"not_picked":["MokouMod:RoaringFlare","MokouMod:ResoluteFlare+1","MokouMod:Singe+1"],"picked":"SKIP","floor":41},{"not_picked":["MokouMod:EternalBurstReactor+1","MokouMod:ResonanceReactor","MokouMod:Refresh+1"],"picked":"SKIP","floor":42},{"not_picked":["MokouMod:UncontrollableSolarReaction+1","MokouMod:Firecracker+1"],"picked":"MokouMod:Geothermal","floor":44},{"not_picked":["MokouMod:Firecracker","MokouMod:IndiscriminateIgnition+1","MokouMod:BlazingComet+1"],"picked":"SKIP","floor":48},{"not_picked":["MokouMod:HeartofFire","MokouMod:AdaptivePyromancy","MokouMod:CrimsonFlare"],"picked":"SKIP","floor":55}],"player_experience":1472040,"relics_obtained":[{"floor":7.0,"key":"Art of War"},{"floor":11.0,"key":"Ginger"},{"floor":24.0,"key":"Girya"},{"floor":26.0,"key":"Oddly Smooth Stone"},{"floor":27.0,"key":"Unceasing Top"},{"floor":30.0,"key":"Potion Belt"},{"floor":40,"key":"Juzu Bracelet"},{"floor":41,"key":"Omamori"},{"floor":42,"key":"PageOfWizard"},{"floor":43,"key":"Darkstone Periapt"},{"floor":44,"key":"Centennial Puzzle"},{"floor":55,"key":"PageOfMercenary"}],"event_choices":[],"is_beta":false,"boss_relics":[{"not_picked":["Ectoplasm","Busted Crown"],"picked":"Philosopher\u0027s Stone"},{"not_picked":["Snecko Eye","SacredBark"],"picked":"Astrolabe"}],"items_purged_floors":[0,20,45,45],"is_endless":false,"potions_floor_spawned":[1,2,11,16,18,24,27,30,31,35,41,42],"ascension_level":5}}