{"host":"n45maixt3qrh0rsz","time":1612259377,"event":{"mods":["ATMod(°¢èªMod)","Act Like it!","Arknights","BaseMod","CapriCore","Dota2Spire","Downfall","Gensokyo","Minty Spire (QoL Compilation)","Quick Restart","Relic Stats","Replay The Spire","StSLib","¡¾ÒÅÎï¿¨ÅÆ¡¿REMEMod"],"gold_per_floor":[99,99,99,549,19,19,46,46,73,73,108,8,21,121,141,242,242,42,61,76,126,276,276,330,398,427,46,96,271,358,516,585,761,761,761,903,988,227,320,370,370,370,458,508,567,737,737,24,69,94,94,146,28,28,233,258],"floor_reached":57,"language":"ZHS","playtime":2590,"items_purged":["downfall:Icky","downfall:Icky","downfall:Icky"],"score":1731,"play_id":"65ac1c39-8580-4fc5-b56c-0ef7bd059003","local_time":"20210202174937","is_ascension_mode":false,"campfire_choices":[{"floor":1,"key":"RECALL"},{"floor":12,"key":"REST"},{"data":"AT_EmpoweredMortalDraw","floor":18,"key":"SMITH"},{"floor":23,"key":"REST"},{"data":"REME_WheelOfFate","floor":35,"key":"SMITH"},{"data":"AT_EmpoweredMortalDraw","floor":42,"key":"SMITH"},{"data":"AT_EmpoweredMortalDraw","floor":42,"key":"SMITH"},{"data":"hexamod:Incineration","floor":47,"key":"SMITH"},{"data":"hexamod:Float","floor":47,"key":"SMITH"},{"data":"hexamod:UnlimitedPower","floor":54,"key":"SMITH"},{"data":"hexamod:GhostflameBarrier","floor":54,"key":"SMITH"}],"circlet_count":0,"master_deck":["hexamod:Strike","hexamod:Strike+1","hexamod:Strike+1","hexamod:Strike","hexamod:Defend","hexamod:Defend","hexamod:Defend","hexamod:Defend","hexamod:Sear","hexamod:Float+1","AT_EmpoweredMortalDraw+1","hexamod:GhostflameBarrier+1","hexamod:HeatMetal","hexamod:GhostOfSpirePast","hexamod:Incineration+1","hexamod:FlamesFromBeyond+1","hexamod:HauntingEcho","hexamod:ExtraCrispy+1","hexamod:EmpoweredFlame+1","hexamod:FirstSeal","hexamod:WildfireWeapon+1","hexamod:GiftsFromTheDead+1","AT_EmpoweredMortalDraw+1","hexamod:SoulSteal","hexamod:SpectralAdrenaline","RitualDagger+1","hexamod:SwordOfDarkness","hexamod:SuperheatedStrike+1","hexamod:ApocalypticArmor+1","hexamod:HeatCrush+1","REME_WheelOfFate+1","AT_EmpoweredMortalDraw+1","hexamod:SwordOfDarkness+1","hexamod:SoulSteal+1","hexamod:Again","hexamod:ShieldOfDarkness","hexamod:FifthSeal","hexamod:SpectralSpark+1","hexamod:InspiringFlames","hexamod:SearingWound+1","hexamod:Toasty+1","hexamod:DynamicBlow+1","REME_WheelOfFate+1","hexamod:SixthSeal","hexamod:HauntingEcho+1","hexamod:FirstSeal","hexamod:InspiringFlames+1","hexamod:RadiantFlame+1","hexamod:UnlimitedPower+1","hexamod:SecondSeal","hexamod:Firestarter+1","hexamod:FastForward+1"],"relics":["hexamod:SpiritBrand","AT_ATBox","REME_ComplimentaryCards","downfall:HeartsMalice","hexamod:SoulOfChaos","AT_SunfireAegis","The Courier","Frozen Egg 2","downfall:HeartBlessingBlue","downfall:CloakOfManyFaces","CultistMask","FaceOfCleric","NlothsMask","GremlinMask","SsserpentHead","Replay:Grab Bag","SlaversCollar","Philosopher\u0027s Stone","AT_MortalBlade","expansioncontent:StudyCardRelic","downfall:HeartBlessingRed","downfall:HeartBlessingGreen","Potion Belt","AT_MibuBalloonWealth","Replay:Towering Pillar of Hats","Letter Opener","Red Mask","REME_ChargedStone","bronze:DonusWashers","Nunchaku","Torii","Replay:Accelerometer","Replay:Arrowhead","Dota2Spire:LinkenSphere","Dota2Spire:LotusOrb","Happy Flower","Eternal Feather","Dota2Spire:EchoSabre","Replay:WaspNest","Mirror","REME_PuzzleBoxRelic","Whetstone","Dota2Spire:UrnOfShadows","AT_BladeRuinedKing","Bronze Scales"],"acts_visited":["Exordium","TheCity","TheBeyond","TheEnding"],"potions_floor_usage":[11,14,16,16,16,26,29,33,33,33,33,33,45,50,50,50],"damage_taken":[{"damage":0,"enemies":"Jaw Worm","floor":2,"turns":1},{"damage":0,"enemies":"downfall:FleeingMerchant","floor":5,"turns":1},{"damage":0,"enemies":"Small Slimes","floor":6,"turns":1},{"damage":14,"enemies":"Gremlin Nob","floor":9,"turns":3},{"damage":0,"enemies":"Cultist","floor":10,"turns":1},{"damage":7,"enemies":"3 Sentries","floor":11,"turns":3},{"damage":12,"enemies":"Gremlin Gang","floor":13,"turns":3},{"damage":33,"enemies":"downfall:FaceTrader","floor":14,"turns":4},{"damage":16,"enemies":"Red Slaver","floor":15,"turns":3},{"damage":19,"enemies":"IC_STATUS_ARCHETYPE","floor":16,"turns":7},{"damage":30,"enemies":"3 Byrds","floor":19,"turns":3},{"damage":0,"enemies":"Shell Parasite","floor":20,"turns":1},{"damage":15,"enemies":"downfall:LadyInBlue","floor":22,"turns":4},{"damage":0,"enemies":"Snecko","floor":25,"turns":3},{"damage":16,"enemies":"REME_1_Revenger","floor":26,"turns":3},{"damage":4,"enemies":"downfall:FleeingMerchant","floor":27,"turns":4},{"damage":20,"enemies":"SI_SHIV_ARCHETYPE","floor":29,"turns":3},{"damage":0,"enemies":"3 Cultists","floor":30,"turns":1},{"damage":31,"enemies":"Masked Bandits","floor":31,"turns":4},{"damage":14,"enemies":"Centurion and Healer","floor":32,"turns":4},{"damage":30,"enemies":"DF_ARCHETYPE_CLAW","floor":33,"turns":5},{"damage":0,"enemies":"3 Darklings","floor":36,"turns":1},{"damage":0,"enemies":"3 Shapes","floor":37,"turns":1},{"damage":8,"enemies":"downfall:FleeingMerchant","floor":38,"turns":2},{"damage":0,"enemies":"Jaw Worm Horde","floor":39,"turns":1},{"damage":27,"enemies":"Maw","floor":43,"turns":5},{"damage":21,"enemies":"Giant Head","floor":45,"turns":6},{"damage":11,"enemies":"4 Shapes","floor":46,"turns":3},{"damage":7,"enemies":"Transient","floor":49,"turns":6},{"damage":4,"enemies":"SI_POISON_ARCHETYPE","floor":50,"turns":5},{"damage":38,"enemies":"downfall:CharBossMerchant","floor":52,"turns":6},{"damage":25,"enemies":"downfall:NeowBoss","floor":55,"turns":8},{"damage":11,"enemies":"downfall:NeowBossFinal","floor":56,"turns":5}],"seed_played":"-6308766272483314451","potions_obtained":[{"floor":8,"key":"Fire Potion"},{"floor":8,"key":"Doom Potion"},{"floor":8,"key":"Elixir"},{"floor":11,"key":"Ancient Potion"},{"floor":13,"key":"Death Potion"},{"floor":15,"key":"Dexterity Potion"},{"floor":16,"key":"Block Potion"},{"floor":20,"key":"Adrenaline Potion"},{"floor":21,"key":"CultistPotion"},{"floor":22,"key":"Regen Potion"},{"floor":22,"key":"champ:CounterPotion"},{"floor":22,"key":"LiquidBronze"},{"floor":26,"key":"AttackPotion"},{"floor":29,"key":"Ancient Potion"},{"floor":36,"key":"Energy Potion"},{"floor":39,"key":"Adrenaline Potion"},{"floor":43,"key":"BlessingOfTheForge"},{"floor":49,"key":"Cursed Concoction"}],"is_trial":false,"path_per_floor":["R","M","?","?","$","M","T","?","E","M","E","R","M","?","M","B",null,"R","M","M","?","?","R","T","M","E","$","?","?","M","?","M","B",null,"R","M","M","$","M","?","T","R","M","?","E","M","R","$","M","B",null,"E","$","R","B","B",null],"character_chosen":"THE_SPIRIT","items_purchased":["hexamod:SoulOfChaos","AT_SunfireAegis","REME_WheelOfFate","AT_EmpoweredMortalDraw","bronze:DonusWashers","Nunchaku","Torii","hexamod:Toasty+1","Replay:Accelerometer","Replay:Arrowhead","Dota2Spire:EchoSabre","hexamod:UnlimitedPower","Replay:WaspNest","Mirror","REME_PuzzleBoxRelic","AT_BladeRuinedKing"],"campfire_rested":2,"item_purchase_floors":[5,5,27,27,38,38,38,38,38,38,48,48,48,48,48,53],"current_hp_per_floor":[70,70,70,70,70,70,70,70,56,56,49,80,68,35,27,9,82,82,60,61,61,54,79,79,86,83,80,80,68,69,46,33,11,93,93,94,95,88,89,89,89,89,83,83,70,67,94,94,101,98,102,72,72,102,98,105],"gold":258,"neow_bonus":"THREE_ENEMY_KILL","is_daily":false,"chose_seed":false,"campfire_upgraded":8,"win_rate":0.0,"timestamp":1612259377,"path_taken":["R","M","?","?","$","M","T","?","E","?","E","R","?","?","M","BOSS","R","M","M","?","?","R","T","?","E","$","?","?","M","?","M","BOSS","R","M","M","$","M","?","T","R","?","?","E","?","R","?","M","BOSS","E","$","R","BOSS","BOSS"],"items_purchased_type":["Relic","Relic","Card","Card","Relic","Relic","Relic","Card","Relic","Relic","Relic","Card","Relic","Relic","Relic","Relic"],"build_version":"2020-12-22","purchased_purges":3,"victory":true,"max_hp_per_floor":[70,70,70,70,70,70,70,70,70,70,70,80,80,80,81,82,82,82,83,84,84,85,85,85,86,87,88,88,89,90,91,92,93,93,93,94,95,96,97,97,97,97,98,98,99,100,100,100,101,102,102,103,103,103,104,105],"relic_stats":{"SsserpentHead":550,"Nunchaku":[8],"FaceOfCleric":25,"Torii":14,"Happy Flower":[11],"counters":[33,108],"Bronze Scales":[12],"Eternal Feather":57,"Letter Opener":[166],"Whetstone":["hexamod:Strike","hexamod:Strike"],"obtain_stats":[{"Replay:Accelerometer":38,"Dota2Spire:EchoSabre":48,"AT_ATBox":0,"Torii":38,"AT_MibuBalloonWealth":26,"REME_ChargedStone":34,"GremlinMask":14,"downfall:HeartBlessingGreen":18,"expansioncontent:StudyCardRelic":17,"Whetstone":49,"Dota2Spire:LotusOrb":45,"SsserpentHead":14,"Nunchaku":38,"downfall:BrokenWingStatue":3,"FaceOfCleric":14,"downfall:HeartBlessingBlue":12,"hexamod:SoulOfChaos":5,"Philosopher\u0027s Stone":17,"downfall:CloakOfManyFaces":14,"Red Mask":31,"hexamod:SpiritBrand":0,"Potion Belt":22,"bronze:DonusWashers":38,"Dota2Spire:UrnOfShadows":52,"downfall:HeartBlessingRed":18,"Replay:Towering Pillar of Hats":29,"Happy Flower":45,"Replay:Grab Bag":17,"AT_MortalBlade":17,"downfall:HeartsMalice":0,"Eternal Feather":45,"The Courier":9,"Replay:WaspNest":48,"AT_BladeRuinedKing":53,"Letter Opener":29,"Frozen Egg 2":11,"Replay:Arrowhead":38,"SlaversCollar":17,"Bronze Scales":55,"CultistMask":14,"Dota2Spire:LinkenSphere":41,"AT_SunfireAegis":5,"REME_PuzzleBoxRelic":48,"Mirror":48,"REME_ComplimentaryCards":0,"NlothsMask":14},{"Replay:Accelerometer":24,"Dota2Spire:EchoSabre":28,"AT_ATBox":0,"Torii":24,"AT_MibuBalloonWealth":15,"REME_ChargedStone":21,"GremlinMask":8,"downfall:HeartBlessingGreen":10,"expansioncontent:StudyCardRelic":10,"Whetstone":29,"Dota2Spire:LotusOrb":27,"SsserpentHead":8,"Nunchaku":24,"downfall:BrokenWingStatue":1,"FaceOfCleric":8,"downfall:HeartBlessingBlue":6,"hexamod:SoulOfChaos":2,"Philosopher\u0027s Stone":10,"downfall:CloakOfManyFaces":8,"Red Mask":19,"hexamod:SpiritBrand":0,"Potion Belt":13,"bronze:DonusWashers":24,"Dota2Spire:UrnOfShadows":31,"downfall:HeartBlessingRed":10,"Replay:Towering Pillar of Hats":17,"Happy Flower":27,"Replay:Grab Bag":10,"AT_MortalBlade":10,"downfall:HeartsMalice":0,"Eternal Feather":27,"The Courier":4,"Replay:WaspNest":28,"AT_BladeRuinedKing":31,"Letter Opener":17,"Frozen Egg 2":6,"Replay:Arrowhead":24,"SlaversCollar":10,"Bronze Scales":32,"CultistMask":8,"Dota2Spire:LinkenSphere":25,"AT_SunfireAegis":2,"REME_PuzzleBoxRelic":28,"Mirror":28,"REME_ComplimentaryCards":0,"NlothsMask":8},{"Replay:Accelerometer":63,"Dota2Spire:EchoSabre":78,"AT_ATBox":0,"Torii":63,"AT_MibuBalloonWealth":38,"REME_ChargedStone":59,"GremlinMask":14,"downfall:HeartBlessingGreen":24,"expansioncontent:StudyCardRelic":24,"Whetstone":83,"Dota2Spire:LotusOrb":70,"SsserpentHead":14,"Nunchaku":63,"downfall:BrokenWingStatue":0,"FaceOfCleric":14,"downfall:HeartBlessingBlue":7,"hexamod:SoulOfChaos":0,"Philosopher\u0027s Stone":24,"downfall:CloakOfManyFaces":14,"Red Mask":50,"hexamod:SpiritBrand":0,"Potion Belt":32,"bronze:DonusWashers":63,"Dota2Spire:UrnOfShadows":95,"downfall:HeartBlessingRed":24,"Replay:Towering Pillar of Hats":45,"Happy Flower":75,"Replay:Grab Bag":24,"AT_MortalBlade":24,"downfall:HeartsMalice":0,"Eternal Feather":75,"The Courier":3,"Replay:WaspNest":78,"AT_BladeRuinedKing":95,"Letter Opener":45,"Frozen Egg 2":7,"Replay:Arrowhead":63,"SlaversCollar":24,"Bronze Scales":102,"CultistMask":14,"Dota2Spire:LinkenSphere":64,"AT_SunfireAegis":0,"REME_PuzzleBoxRelic":78,"Mirror":78,"REME_ComplimentaryCards":0,"NlothsMask":14}]},"card_choices":[{"not_picked":["hexamod:HeatShield","hexamod:GhostShield"],"picked":"hexamod:HeatMetal","floor":2},{"not_picked":["hexamod:NightmareGuise","hexamod:ShieldOfDarkness"],"picked":"hexamod:GhostOfSpirePast","floor":5},{"not_picked":["hexamod:GhostLash","hexamod:Hexaguard"],"picked":"hexamod:Incineration","floor":6},{"not_picked":["hexamod:NightmareStrike","hexamod:CatchUp"],"picked":"hexamod:FlamesFromBeyond","floor":9},{"not_picked":["hexamod:Hexaguard","hexamod:GhostLash"],"picked":"hexamod:HauntingEcho","floor":10},{"not_picked":["hexamod:CatchUp","hexamod:ShieldOfDarkness"],"picked":"hexamod:ExtraCrispy+1","floor":11},{"not_picked":["hexamod:PhantomCloak+1","hexamod:SwordOfDarkness"],"picked":"hexamod:EmpoweredFlame+1","floor":13},{"not_picked":["hexamod:DynamicBlow","hexamod:SpectersWail"],"picked":"hexamod:FirstSeal","floor":14},{"not_picked":["hexamod:ChargedBarrage","hexamod:RainOfEmbers"],"picked":"hexamod:WildfireWeapon+1","floor":15},{"not_picked":["hexamod:TurnItUp","hexamod:GhostOfSpirePresent+1"],"picked":"hexamod:GiftsFromTheDead+1","floor":16},{"not_picked":["hexamod:FlamesFromBeyond","hexamod:InspiringFlames+1"],"picked":"hexamod:SoulSteal","floor":19},{"not_picked":["hexamod:NightmareStrike","hexamod:FastForward"],"picked":"hexamod:SpectralAdrenaline","floor":20},{"not_picked":["hexamod:TimeOfNeed","hexamod:NecessarySacrifice"],"picked":"hexamod:SwordOfDarkness","floor":22},{"not_picked":["hexamod:FastForward","hexamod:AdvancingGuard"],"picked":"hexamod:SuperheatedStrike+1","floor":25},{"not_picked":["hexamod:HauntingEcho+1","hexamod:PhantomCloak+1"],"picked":"hexamod:ApocalypticArmor+1","floor":26},{"not_picked":["hexamod:GhostLash+1","hexamod:GhostOfSpirePast+1"],"picked":"hexamod:HeatCrush+1","floor":27},{"not_picked":["hexamod:AdvancingGuard+1","hexamod:SuperheatedStrike+1"],"picked":"hexamod:SwordOfDarkness+1","floor":29},{"not_picked":["hexamod:EmpoweredFlame+1","hexamod:EtherealExpedition"],"picked":"hexamod:SoulSteal","floor":30},{"not_picked":["hexamod:SpectralAdrenaline+1","hexamod:NecessarySacrifice+1"],"picked":"hexamod:Again","floor":31},{"not_picked":["hexamod:ExtraCrispy+1","hexamod:HeatMetal"],"picked":"hexamod:ShieldOfDarkness","floor":32},{"not_picked":["hexamod:UnleashSpirits","hexamod:TimeWarp"],"picked":"hexamod:FifthSeal","floor":33},{"not_picked":["hexamod:ExtraCrispy+1","hexamod:FastForward"],"picked":"hexamod:SpectralSpark+1","floor":36},{"not_picked":["hexamod:StepThrough","hexamod:ThirdSeal"],"picked":"hexamod:InspiringFlames","floor":37},{"not_picked":["hexamod:HeatShield+1","hexamod:GhostLash+1"],"picked":"hexamod:SearingWound","floor":38},{"not_picked":["hexamod:NightmareGuise+1","hexamod:SuperheatedStrike"],"picked":"hexamod:DynamicBlow+1","floor":39},{"not_picked":["hexamod:ThirdSeal","hexamod:FourthSeal"],"picked":"hexamod:SixthSeal","floor":43},{"not_picked":["hexamod:Incineration","hexamod:Hexaguard+1"],"picked":"hexamod:HauntingEcho+1","floor":43},{"not_picked":["hexamod:SixthSeal","hexamod:SecondSeal"],"picked":"hexamod:FirstSeal","floor":45},{"not_picked":["hexamod:Again+1","hexamod:AdvancingGuard"],"picked":"hexamod:InspiringFlames+1","floor":45},{"not_picked":["hexamod:ShieldOfDarkness","hexamod:BacktrackSmack"],"picked":"hexamod:RadiantFlame+1","floor":46},{"not_picked":["hexamod:FirstSeal","hexamod:ThirdSeal"],"picked":"hexamod:SecondSeal","floor":49},{"not_picked":["hexamod:ChargedBarrage","hexamod:ShieldOfDarkness"],"picked":"hexamod:Firestarter+1","floor":49},{"not_picked":["hexamod:GhostOfSpireFuture+1","hexamod:Hexaguard+1"],"picked":"hexamod:FastForward+1","floor":52}],"player_experience":64024,"relics_obtained":[{"floor":9,"key":"The Courier"},{"floor":11,"key":"Frozen Egg 2"},{"floor":14,"key":"downfall:CloakOfManyFaces"},{"floor":22,"key":"Potion Belt"},{"floor":26,"key":"AT_MibuBalloonWealth"},{"floor":29,"key":"Replay:Towering Pillar of Hats"},{"floor":29,"key":"Letter Opener"},{"floor":31,"key":"Red Mask"},{"floor":41,"key":"Dota2Spire:LinkenSphere"},{"floor":45,"key":"Eternal Feather"},{"floor":52,"key":"Dota2Spire:UrnOfShadows"}],"event_choices":[{"damage_healed":0,"gold_gain":0,"player_choice":"Got Potions","damage_taken":0,"max_hp_gain":0,"max_hp_loss":0,"event_name":"Lab","floor":8,"gold_loss":0},{"damage_healed":0,"gold_gain":0,"player_choice":"Fought Bandits","damage_taken":0,"max_hp_gain":0,"max_hp_loss":0,"event_name":"Masked Bandits","floor":31,"gold_loss":0}],"is_beta":false,"boss_relics":[{"not_picked":["SacredBark","Replay:Bronze Core"],"picked":"Replay:Grab Bag"},{"not_picked":["Busted Crown","Cursed Key"],"picked":"SlaversCollar"},{"not_picked":["Fusion Hammer","hexamod:IceCube"],"picked":"Philosopher\u0027s Stone"},{"not_picked":["Calling Bell","Empty Cage"],"picked":"AT_MortalBlade"},{"not_picked":["Kintsugi","Pandora\u0027s Box"],"picked":"expansioncontent:StudyCardRelic"},{"not_picked":["Painkiller Herb","ReplayTheSpireMod:DimensionalGlitch"],"picked":"REME_ChargedStone"}],"items_purged_floors":[5,27,38],"is_endless":false,"potions_floor_spawned":[11,13,15,16,20,26,29,30,36,39,43,49],"ascension_level":0}}