{"host":"6s95ba0cy8amnnuf","time":1612306588,"event":{"mods":["AchievementEnabler","BaseMod","Block Reminder","Colored Map","Minty Spire (QoL Compilation)","StSLib","Unceasing Turn Reminder","everything is the same but u backflip on backflip"],"gold_per_floor":[111,186,186,186,26,57,71,103,103,113,113,127,127,161,161,265,265,278,293,127,226,239,239,265,280,280,280,24,24,49,14,14,119,119,130,405,419,77,93,127,127,155,182,182,6,40,40,51,51,51],"floor_reached":51,"language":"ENG","playtime":3555,"items_purged":["Regret"],"score":993,"play_id":"ff869b64-3d95-4f3e-b8c9-d0171cd0db9e","local_time":"20210202165628","is_ascension_mode":true,"campfire_choices":[{"data":"Inflame","floor":11,"key":"SMITH"},{"data":"Metallicize","floor":13,"key":"SMITH"},{"data":"Metallicize","floor":15,"key":"SMITH"},{"data":"Berserk","floor":23,"key":"SMITH"},{"floor":29,"key":"REST"},{"floor":32,"key":"REST"},{"data":"Inflame","floor":41,"key":"SMITH"},{"floor":44,"key":"REST"},{"floor":47,"key":"REST"},{"floor":49,"key":"REST"}],"circlet_count":0,"master_deck":["Strike_R","Strike_R","Strike_R","Strike_R","Strike_R","Defend_R","Defend_R","Defend_R","Defend_R","Bash","Shrug It Off","Inflame+1","Anger","Flame Barrier","Metallicize+1","Anger","Metallicize+1","Thunderclap","Carnage","Flex","Berserk+1","Inflame+1","Inflame","Spot Weakness","Headbutt","Infernal Blade+1","Heavy Blade","Metallicize","Exhume","CurseOfTheBell","Anger+1","Inflame","Sadistic Nature","Spot Weakness","Shrug It Off","Twin Strike+1"],"relics":["Burning Blood","Centennial Puzzle","Ginger","Bottled Tornado","Mummified Hand","Bag of Preparation","Busted Crown","Blood Vial","Ornamental Fan","Kunai","Bottled Flame","Calling Bell","Strawberry","Sundial","Thread and Needle","Self Forming Clay","Molten Egg 2","Lantern","Orichalcum","Paper Frog"],"acts_visited":["Exordium","TheCity","TheBeyond"],"potions_floor_usage":[12,18,22,24,25,25,50,50],"damage_taken":[{"damage":17,"enemies":"Jaw Worm","floor":1,"turns":7},{"damage":18,"enemies":"3 Sentries","floor":6,"turns":9},{"damage":5,"enemies":"2 Louse","floor":7,"turns":4},{"damage":18,"enemies":"Lagavulin","floor":8,"turns":8},{"damage":2,"enemies":"Small Slimes","floor":10,"turns":2},{"damage":0,"enemies":"Blue Slaver","floor":12,"turns":2},{"damage":3,"enemies":"Gremlin Nob","floor":14,"turns":3},{"damage":0,"enemies":"Slime Boss","floor":16,"turns":7},{"damage":0,"enemies":"Spheric Guardian","floor":18,"turns":3},{"damage":0,"enemies":"Chosen","floor":19,"turns":3},{"damage":20,"enemies":"Snecko","floor":22,"turns":3},{"damage":25,"enemies":"Gremlin Leader","floor":24,"turns":5},{"damage":27,"enemies":"Snake Plant","floor":25,"turns":3},{"damage":16,"enemies":"Book of Stabbing","floor":30,"turns":3},{"damage":24,"enemies":"Champ","floor":33,"turns":8},{"damage":10,"enemies":"3 Shapes","floor":35,"turns":4},{"damage":0,"enemies":"Orb Walker","floor":37,"turns":2},{"damage":20,"enemies":"Maw","floor":39,"turns":6},{"damage":11,"enemies":"Giant Head","floor":40,"turns":7},{"damage":63,"enemies":"Nemesis","floor":42,"turns":7},{"damage":17,"enemies":"Reptomancer","floor":46,"turns":4},{"damage":14,"enemies":"4 Shapes","floor":48,"turns":2},{"damage":41,"enemies":"Donu and Deca","floor":50,"turns":9}],"seed_played":"-7426406204321699586","potions_obtained":[{"floor":7,"key":"FearPotion"},{"floor":8,"key":"EssenceOfSteel"},{"floor":10,"key":"Swift Potion"},{"floor":12,"key":"Swift Potion"},{"floor":19,"key":"Weak Potion"},{"floor":24,"key":"LiquidMemories"},{"floor":33,"key":"BloodPotion"},{"floor":39,"key":"PowerPotion"},{"floor":48,"key":"Weak Potion"}],"is_trial":false,"path_per_floor":["M","?","T","?","$","E","M","E","T","M","R","M","R","E","R","B",null,"M","M","$","?","M","R","E","M","T","?","$","R","E","$","R","B",null,"M","?","M","$","M","E","R","E","T","R","$","E","R","M","R","B",null],"character_chosen":"IRONCLAD","items_purchased":["Inflame","Anger","Flame Barrier","Inflame","Spot Weakness","Headbutt","Kunai","Metallicize","Inflame","Sadistic Nature","Orichalcum","Shrug It Off"],"campfire_rested":5,"item_purchase_floors":[5,5,5,20,20,20,28,31,38,38,45,45],"current_hp_per_floor":[77,66,66,66,66,54,55,43,43,47,47,53,53,56,56,62,88,88,88,88,88,74,74,55,36,36,36,36,62,54,54,80,64,95,91,91,95,95,81,78,78,23,23,51,51,42,70,64,92,59],"gold":51,"neow_bonus":"TEN_PERCENT_HP_BONUS","is_daily":false,"chose_seed":false,"campfire_upgraded":5,"win_rate":0.0,"timestamp":1612306588,"path_taken":["M","?","?","?","$","E","M","E","T","M","R","M","R","E","R","BOSS","M","M","$","?","M","R","E","M","T","?","$","R","E","$","R","BOSS","M","?","M","$","?","E","R","E","T","R","$","E","R","M","R","BOSS"],"items_purchased_type":["Card","Card","Card","Card","Card","Card","Relic","Card","Card","Card","Relic","Card"],"build_version":"2020-12-22","purchased_purges":1,"victory":true,"max_hp_per_floor":[88,88,88,88,88,88,88,88,88,88,88,88,88,88,88,88,88,88,88,88,88,88,88,88,88,88,88,88,88,88,88,88,88,95,95,95,95,95,95,95,95,95,95,95,95,95,95,95,95,95],"card_choices":[{"not_picked":["Perfected Strike","Clash"],"picked":"Shrug It Off","floor":1},{"not_picked":["Second Wind","Reckless Charge"],"picked":"Metallicize","floor":6},{"not_picked":["Armaments","Heavy Blade"],"picked":"Anger","floor":7},{"not_picked":["Perfected Strike","Carnage"],"picked":"Metallicize","floor":8},{"not_picked":["Heavy Blade","Pommel Strike"],"picked":"Thunderclap","floor":10},{"not_picked":["Armaments","Sword Boomerang"],"picked":"Carnage","floor":12},{"not_picked":["Rupture","Clothesline"],"picked":"Flex","floor":14},{"not_picked":["Exhume","Impervious"],"picked":"Berserk","floor":16},{"not_picked":[],"picked":"Inflame","floor":18},{"not_picked":["Armaments"],"picked":"SKIP","floor":19},{"not_picked":["Iron Wave"],"picked":"SKIP","floor":22},{"not_picked":["Body Slam+1"],"picked":"SKIP","floor":24},{"not_picked":[],"picked":"Infernal Blade+1","floor":25},{"not_picked":["Clash"],"picked":"SKIP","floor":30},{"not_picked":[],"picked":"Exhume","floor":33},{"not_picked":[],"picked":"Anger+1","floor":35},{"not_picked":["Reckless Charge"],"picked":"SKIP","floor":37},{"not_picked":["Sever Soul"],"picked":"SKIP","floor":39},{"not_picked":[],"picked":"Spot Weakness","floor":40},{"not_picked":["Corruption"],"picked":"SKIP","floor":42},{"not_picked":["Burning Pact"],"picked":"SKIP","floor":46},{"not_picked":[],"picked":"Twin Strike+1","floor":48}],"player_experience":143004,"relics_obtained":[{"floor":3,"key":"Centennial Puzzle"},{"floor":6,"key":"Ginger"},{"floor":8,"key":"Bottled Tornado"},{"floor":9,"key":"Mummified Hand"},{"floor":14,"key":"Bag of Preparation"},{"floor":24,"key":"Blood Vial"},{"floor":26,"key":"Ornamental Fan"},{"floor":30,"key":"Bottled Flame"},{"floor":34,"key":"Strawberry"},{"floor":34,"key":"Sundial"},{"floor":34,"key":"Thread and Needle"},{"floor":40,"key":"Self Forming Clay"},{"floor":42,"key":"Molten Egg 2"},{"floor":43,"key":"Lantern"},{"floor":46,"key":"Paper Frog"}],"event_choices":[{"damage_healed":0,"gold_gain":75,"player_choice":"Gather Gold","damage_taken":11,"max_hp_gain":0,"max_hp_loss":0,"event_name":"World of Goop","floor":2,"gold_loss":0},{"damage_healed":0,"gold_gain":0,"player_choice":"Ignored","damage_taken":0,"max_hp_gain":0,"max_hp_loss":0,"event_name":"Golden Wing","floor":4,"gold_loss":0},{"damage_healed":0,"gold_gain":99,"player_choice":"Stole From Cult","damage_taken":0,"max_hp_gain":0,"max_hp_loss":0,"event_name":"Nest","floor":21,"gold_loss":0},{"damage_healed":0,"gold_gain":0,"player_choice":"Read","damage_taken":0,"max_hp_gain":0,"max_hp_loss":0,"event_name":"The Library","floor":27,"gold_loss":0,"cards_obtained":["Heavy Blade"]},{"damage_healed":0,"gold_gain":275,"player_choice":"Desecrate","damage_taken":0,"max_hp_gain":0,"max_hp_loss":0,"event_name":"Golden Shrine","floor":36,"gold_loss":0,"cards_obtained":["Regret"]}],"is_beta":false,"boss_relics":[{"not_picked":["Runic Pyramid","Tiny House"],"picked":"Busted Crown"},{"not_picked":["Fusion Hammer","SacredBark"],"picked":"Calling Bell"}],"items_purged_floors":[38],"is_endless":false,"potions_floor_spawned":[7,8,10,12,19,24,33,39,48],"ascension_level":2}}