{"host":"y7b1p9nkx4idorr2","time":1612286367,"event":{"mods":["AchievementEnabler","Act Like it!","BaseMod","Colored Map","Downfall","GifTheSpireLib","Googly Eyes","Highlight Path","Mimic Mod","Minty Spire (QoL Compilation)","Shop Mod","Spicy Shops","StSLib","Unceasing Turn Reminder"],"gold_per_floor":[99,116,136,236,336,349,376,526,556,18,57,80,80,102,123,229,229,29,51,72,81,12,51,95,136,156,156,181,216,216,235,250,360,360,360,382,406,431,384,421,490,390,431,488,488,526,526,562,589,589,589,633,20,20,20,20],"floor_reached":57,"language":"ENG","playtime":4637,"items_purged":["champ:Strike","downfall:Icky","downfall:Aged","champ:Defend","champ:Defend"],"score":1711,"play_id":"df5e9a68-c2f7-4449-9ff3-bc377c4503ef","local_time":"20210202111927","is_ascension_mode":true,"campfire_choices":[{"floor":1,"key":"RECALL"},{"floor":13,"key":"REST"},{"data":"champ:GladiatorForm","floor":18,"key":"SMITH"},{"data":"champ:LastStand","floor":27,"key":"SMITH"},{"floor":30,"key":"REST"},{"data":"champ:Improvising","floor":35,"key":"SMITH"},{"data":"expansioncontent:Hexaburn","floor":42,"key":"SMITH"},{"data":"champ:UltimateStance","floor":45,"key":"SMITH"},{"data":"champ:EnchantSword","floor":54,"key":"SMITH"}],"circlet_count":0,"master_deck":["champ:Defend","champ:Defend","champ:Execute","champ:Taunt","champ:AdrenalArmor","champ:StanceDance","champ:HeartStrike","champ:AdrenalArmor","champ:IronFortress","champ:FocusedBerserking","champ:AdrenalArmor","champ:EnGarde","champ:CheapShot","champ:RageSigil","champ:AdrenalArmor","champ:GladiatorForm+1","champ:ShieldSlam","champ:BerserkersShout","champ:EnchantSword+1","champ:CrookedStrike","champ:RapidStrikes+1","champ:LastStand+1","champ:SwordSigil+1","champ:BringItOn","champ:FancyFootwork","champ:ViciousMockery","champ:Improvising+1","champ:RapidStrikes+1","champ:TornadoPunch+1","champ:Duel","expansioncontent:Hexaburn+1","champ:EndlessRage+1","champ:UltimateStance+1","champ:ShieldSigil+1","champ:SkillfulDodge+1","champ:HeartStrike+1","champ:ViciousMockery","champ:Encircle+1","champ:BerserkerStyle+1","champ:CalledShot","Violence","expansioncontent:PrepareCrush"],"relics":["champ:ChampionCrownUpgraded","Champion Belt","Guardian:PocketSentry","Tiny Chest","Membership Card","Chemical X","CeramicFish","Pear","Pen Nib","expansioncontent:StudyCardRelic","downfall:HeartBlessingRed","downfall:HeartBlessingGreen","Blood Vial","champ:SpectersHand","Letter Opener","White Beast Statue","ClockworkSouvenir","Thread and Needle","Nunchaku","hexamod:BolsterEngine","Frozen Egg 2","downfall:HeartBlessingBlue","Torii","Ginger","Gremlin Horn","Blue Candle","Bronze Scales","hexamod:Sixitude","Kunai","champ:BerserkersGuideToSlaughter","champ:FightingForDummies","TheAbacus"],"acts_visited":["Exordium","TheCity","TheBeyond","TheEnding"],"potions_floor_usage":[9,15,16,16,23,31,32,39,46,50,56,56,56],"damage_taken":[{"damage":10,"enemies":"Small Slimes","floor":2,"turns":3},{"damage":20,"enemies":"Jaw Worm","floor":3,"turns":5},{"damage":86,"enemies":"Jaw Worm","floor":5,"turns":5},{"damage":35,"enemies":"Cultist","floor":6,"turns":4},{"damage":72,"enemies":"3 Sentries","floor":9,"turns":10},{"damage":10,"enemies":"downfall:FleeingMerchant","floor":10,"turns":4},{"damage":48,"enemies":"Gremlin Nob","floor":11,"turns":4},{"damage":21,"enemies":"2 Fungi Beasts","floor":12,"turns":4},{"damage":40,"enemies":"Red Slaver","floor":14,"turns":4},{"damage":20,"enemies":"Large Slime","floor":15,"turns":2},{"damage":101,"enemies":"DF_ARCHETYPE_STREAMLINE","floor":16,"turns":9},{"damage":22,"enemies":"Spheric Guardian","floor":19,"turns":5},{"damage":60,"enemies":"Centurion and Healer","floor":20,"turns":5},{"damage":20,"enemies":"downfall:FleeingMerchant","floor":22,"turns":5},{"damage":165,"enemies":"Gremlin Leader","floor":23,"turns":8},{"damage":40,"enemies":"Snecko","floor":24,"turns":3},{"damage":51,"enemies":"Book of Stabbing","floor":25,"turns":5},{"damage":50,"enemies":"Snecko","floor":26,"turns":4},{"damage":25,"enemies":"Snake Plant","floor":28,"turns":3},{"damage":55,"enemies":"Slavers","floor":29,"turns":3},{"damage":35,"enemies":"3 Cultists","floor":31,"turns":3},{"damage":20,"enemies":"Sentry and Sphere","floor":32,"turns":2},{"damage":129,"enemies":"WA_ARCHETYPE_CALM","floor":33,"turns":9},{"damage":61,"enemies":"3 Shapes","floor":36,"turns":6},{"damage":45,"enemies":"Orb Walker","floor":38,"turns":2},{"damage":70,"enemies":"downfall:FleeingMerchant","floor":39,"turns":4},{"damage":145,"enemies":"Nemesis","floor":40,"turns":7},{"damage":141,"enemies":"Giant Head","floor":43,"turns":8},{"damage":65,"enemies":"2 Orb Walkers","floor":44,"turns":3},{"damage":96,"enemies":"Nemesis","floor":46,"turns":5},{"damage":78,"enemies":"Reptomancer","floor":48,"turns":3},{"damage":85,"enemies":"Transient","floor":49,"turns":5},{"damage":75,"enemies":"SI_POISON_ARCHETYPE","floor":50,"turns":7},{"damage":88,"enemies":"downfall:CharBossMerchant","floor":52,"turns":5},{"damage":135,"enemies":"downfall:NeowBoss","floor":55,"turns":12},{"damage":98,"enemies":"downfall:NeowBossFinal","floor":56,"turns":7}],"seed_played":"1501120014058470576","potions_obtained":[{"floor":6,"key":"SkillPotion"},{"floor":9,"key":"PowerPotion"},{"floor":11,"key":"DistilledChaos"},{"floor":12,"key":"ColorlessPotion"},{"floor":20,"key":"ColorlessPotion"},{"floor":23,"key":"PowerPotion"},{"floor":26,"key":"SkillPotion"},{"floor":29,"key":"AttackPotion"},{"floor":31,"key":"DuplicationPotion"},{"floor":32,"key":"Explosive Potion"},{"floor":36,"key":"Dexterity Potion"},{"floor":39,"key":"SpeedPotion"},{"floor":46,"key":"SneckoOil"},{"floor":48,"key":"Strength Potion"},{"floor":52,"key":"AttackPotion"}],"is_trial":false,"path_per_floor":["R","M","M","?","?","M","T","?","E","$","E","M","R","M","M","B",null,"R","M","M","?","$","E","MIM","E","M","R","M","E","R","M","M","B",null,"R","M","T","M","$","E","T","R","E","?","R","E","?","E","M","B",null,"E","$","R","B","B",null],"character_chosen":"THE_CHAMP","items_purchased":["Membership Card","Chemical X","CeramicFish","Pear","champ:AdrenalArmor","ClockworkSouvenir","Thread and Needle","Nunchaku","expansioncontent:Hexaburn","Kunai","champ:BerserkerStyle+1","champ:BerserkersGuideToSlaughter","champ:FightingForDummies","champ:CalledShot","TheAbacus","Violence","expansioncontent:PrepareCrush"],"campfire_rested":2,"item_purchase_floors":[10,10,10,10,10,39,39,39,39,53,53,53,53,53,53,53,53],"current_hp_per_floor":[99,99,99,99,43,43,43,43,19,29,11,10,42,42,42,22,109,109,97,97,97,97,62,64,65,67,67,54,30,62,64,66,64,109,109,103,103,105,107,109,109,119,78,80,80,72,67,69,76,73,119,116,116,116,119,96],"gold":20,"neow_bonus":"TEN_PERCENT_HP_BONUS","is_daily":false,"chose_seed":false,"campfire_upgraded":6,"win_rate":0.0,"timestamp":1612286367,"path_taken":["R","M","M","?","?","M","T","?","E","?","E","?","R","M","M","BOSS","R","M","M","?","$","E","MIM","E","M","R","M","E","R","M","M","BOSS","R","M","?","M","$","E","T","R","E","?","R","E","?","E","M","BOSS","E","$","R","BOSS","BOSS"],"items_purchased_type":["Relic","Relic","Relic","Relic","Card","Relic","Relic","Relic","Card","Relic","Card","Relic","Relic","Card","Relic","Card","Card"],"build_version":"2020-12-22","purchased_purges":5,"victory":true,"max_hp_per_floor":[99,99,99,99,99,99,99,99,99,109,109,109,109,109,109,109,109,109,109,109,109,109,109,109,109,109,109,109,109,109,109,109,109,109,109,109,109,109,109,109,109,119,119,119,119,119,119,119,119,119,119,119,119,119,119,119],"card_choices":[{"not_picked":["champ:Lariat","champ:FancyFootwork"],"picked":"champ:AdrenalArmor","floor":2},{"not_picked":["champ:CrownThrow","champ:PerfectedStrike"],"picked":"champ:StanceDance","floor":3},{"not_picked":["champ:BladeFlurry","champ:Backstep"],"picked":"champ:HeartStrike","floor":5},{"not_picked":["champ:GutPunch","champ:EnGarde"],"picked":"champ:AdrenalArmor","floor":6},{"not_picked":["champ:RecklessLeap","champ:Shatter"],"picked":"champ:IronFortress","floor":9},{"not_picked":["champ:DeathBlow","champ:EnragedBash"],"picked":"champ:FocusedBerserking","floor":10},{"not_picked":["champ:RisingSlash","champ:Shatter"],"picked":"champ:EnGarde","floor":11},{"not_picked":["champ:Haymaker","champ:ShieldSigil"],"picked":"champ:CheapShot","floor":12},{"not_picked":["champ:TornadoPunch","champ:SetATrap"],"picked":"champ:RageSigil","floor":14},{"not_picked":["champ:Shatter","champ:GladiatorStyle"],"picked":"champ:AdrenalArmor","floor":15},{"not_picked":["champ:LastStand","champ:EnchantShield"],"picked":"champ:GladiatorForm","floor":16},{"not_picked":["champ:GutPunch","champ:Backstep"],"picked":"champ:ShieldSlam","floor":19},{"not_picked":["champ:Backstep","champ:StanceDance+1"],"picked":"champ:BerserkersShout","floor":20},{"not_picked":["champ:TornadoPunch","champ:UltimateStance"],"picked":"champ:EnchantSword","floor":22},{"not_picked":["champ:IgnorePain","champ:FlashCut"],"picked":"champ:CrookedStrike","floor":23},{"not_picked":["champ:Haymaker","champ:FlashCut+1"],"picked":"champ:RapidStrikes+1","floor":24},{"not_picked":["champ:PreciseThrust","champ:TornadoPunch+1"],"picked":"champ:LastStand","floor":25},{"not_picked":["champ:FanOfKnives","champ:CrownThrow"],"picked":"champ:SwordSigil+1","floor":26},{"not_picked":["champ:CrownThrow","champ:Backstep+1"],"picked":"champ:BringItOn","floor":28},{"not_picked":["champ:StanceDance+1","champ:DefensiveStyle"],"picked":"champ:FancyFootwork","floor":29},{"not_picked":["champ:TornadoPunch","champ:PerfectedStrike"],"picked":"champ:ViciousMockery","floor":31},{"not_picked":["champ:StanceDance","champ:Haymaker","champ:BringItOn"],"picked":"SKIP","floor":32},{"not_picked":["champ:VampiricStrike","champ:DancingMaster"],"picked":"champ:Improvising","floor":33},{"not_picked":["champ:Encircle+1","champ:EnGarde+1"],"picked":"champ:RapidStrikes+1","floor":36},{"not_picked":["champ:StanceDance","champ:Shatter+1"],"picked":"champ:TornadoPunch+1","floor":38},{"not_picked":["champ:TornadoPunch","champ:Backstep"],"picked":"champ:Duel","floor":39},{"not_picked":["champ:IronFortress+1","champ:GutPunch+1"],"picked":"champ:EndlessRage+1","floor":40},{"not_picked":["champ:CrownThrow+1","champ:StanceDance"],"picked":"champ:UltimateStance","floor":43},{"not_picked":["champ:GutPunch","champ:Endure"],"picked":"champ:ShieldSigil+1","floor":44},{"not_picked":["champ:PerfectedStrike+1","champ:HeartStrike"],"picked":"champ:SkillfulDodge+1","floor":46},{"not_picked":["champ:BladeFlurry+1","champ:Backstep"],"picked":"champ:HeartStrike+1","floor":48},{"not_picked":["champ:Parry+1","champ:BerserkersShout+1"],"picked":"champ:ViciousMockery","floor":49},{"not_picked":["champ:ShieldSigil","champ:TornadoPunch"],"picked":"champ:Encircle+1","floor":52}],"player_experience":2269853,"relics_obtained":[{"floor":5,"key":"Champion Belt"},{"floor":7,"key":"Guardian:PocketSentry"},{"floor":9,"key":"Tiny Chest"},{"floor":11,"key":"Pen Nib"},{"floor":23,"key":"Blood Vial"},{"floor":24,"key":"champ:SpectersHand"},{"floor":25,"key":"Letter Opener"},{"floor":29,"key":"White Beast Statue"},{"floor":40,"key":"hexamod:BolsterEngine"},{"floor":41,"key":"Frozen Egg 2"},{"floor":43,"key":"Torii"},{"floor":44,"key":"Ginger"},{"floor":46,"key":"Gremlin Horn"},{"floor":48,"key":"Bronze Scales"},{"floor":52,"key":"hexamod:Sixitude"}],"event_choices":[{"damage_healed":0,"gold_gain":0,"player_choice":"Fight","damage_taken":0,"max_hp_gain":0,"max_hp_loss":0,"event_name":"Mysterious Sphere","floor":44,"gold_loss":0}],"is_beta":false,"boss_relics":[{"not_picked":["Tiny House","Velvet Choker"],"picked":"expansioncontent:StudyCardRelic"},{"not_picked":["Fusion Hammer","Busted Crown"],"picked":"champ:ChampionCrownUpgraded"}],"items_purged_floors":[10,10,22,39,53],"is_endless":false,"potions_floor_spawned":[6,9,11,12,20,23,26,29,31,32,33,36,38,39,40,43,44,46,48,49,52],"ascension_level":3}}