{"host":"w4b7hmige5bnqipq","time":1612233660,"event":{"mods":["2.2 Compatiblity","BaseMod","Colored Map","DeckTracker","Keyboard Shortcuts","Minty Spire (QoL Compilation)","Permanent Neow","Rare Cards Sparkle","SuperFastMode","everything is the same but u backflip on backflip","slay the spire mod where everything is the same but ironclad has a cowboy hat"],"gold_per_floor":[112,128,78,153,173,173,201,201,201,235,235,255,269,297,297,401,401,415,427,442,20,31,31,31,31,56,56,56,56,82,102,102,102,102],"floor_reached":33,"language":"KOR","playtime":931,"items_purged":["Defend_B"],"score":513,"play_id":"e9aa4caf-6cd4-4831-8bd2-970e757b7ef6","local_time":"20210202114100","is_ascension_mode":true,"campfire_choices":[{"data":"Sunder","floor":6.0,"key":"SMITH"},{"floor":11.0,"key":"REST"},{"data":"Machine Learning","floor":15.0,"key":"SMITH"},{"data":"Defragment","floor":24.0,"key":"SMITH"},{"data":"Echo Form","floor":27.0,"key":"SMITH"},{"data":"Double Energy","floor":29.0,"key":"SMITH"},{"floor":32.0,"key":"REST"}],"circlet_count":0,"master_deck":["AscendersBane","Strike_B+1","Defend_B","Defend_B","Defend_B","Zap","Dualcast+1","Melter","Lockon","Rip and Tear","BootSequence","Sunder+1","Machine Learning+1","Double Energy+1","Ball Lightning","Conserve Battery","Coolheaded","Echo Form+1","Turbo","Compile Driver+1","Defragment+1","Skim"],"relics":["Cracked Core","Pantograph","Boot","Pen Nib","Nunchaku","Sozu","Membership Card","Cables","CeramicFish","Akabeko"],"acts_visited":["Exordium","TheCity"],"potions_floor_usage":[],"damage_taken":[{"damage":2.0,"enemies":"Jaw Worm","floor":1.0,"turns":2.0},{"damage":0.0,"enemies":"2 Louse","floor":2.0,"turns":2.0},{"damage":0.0,"enemies":"Small Slimes","floor":5.0,"turns":2.0},{"damage":21.0,"enemies":"Lagavulin","floor":7.0,"turns":7.0},{"damage":29.0,"enemies":"Gremlin Nob","floor":10.0,"turns":4.0},{"damage":11.0,"enemies":"Exordium Wildlife","floor":12.0,"turns":3.0},{"damage":4.0,"enemies":"Red Slaver","floor":13.0,"turns":2.0},{"damage":0.0,"enemies":"Lagavulin","floor":14.0,"turns":4.0},{"damage":0.0,"enemies":"Slime Boss","floor":16.0,"turns":6.0},{"damage":0.0,"enemies":"Spheric Guardian","floor":18.0,"turns":2.0},{"damage":10.0,"enemies":"Shell Parasite","floor":19.0,"turns":4.0},{"damage":21.0,"enemies":"Snake Plant","floor":20.0,"turns":3.0},{"damage":16.0,"enemies":"Centurion and Healer","floor":22.0,"turns":4.0},{"damage":11.0,"enemies":"Snecko","floor":30.0,"turns":3.0},{"damage":15.0,"enemies":"3 Cultists","floor":31.0,"turns":4.0},{"damage":61,"enemies":"Champ","floor":33,"turns":6}],"seed_played":"-2750449798728894494","potions_obtained":[{"floor":1.0,"key":"Regen Potion"},{"floor":2.0,"key":"Dexterity Potion"},{"floor":10.0,"key":"PotionOfCapacity"},{"floor":13.0,"key":"GamblersBrew"},{"floor":14.0,"key":"LiquidMemories"},{"floor":16.0,"key":"Fire Potion"}],"is_trial":false,"path_per_floor":["M","M","?","?","M","R","E","?","T","E","R","M","M","E","R","B",null,"M","M","M","$","M","?","R","$","T","R","?","R","M","M","R","B"],"character_chosen":"DEFECT","items_purchased":["Membership Card","Defragment","Cables","CeramicFish"],"campfire_rested":2,"item_purchase_floors":[21,21,21,21],"current_hp_per_floor":[66,66,66,55,55,55,34,20,20,3,23,12,8,8,8,33,59,59,49,28,28,12,34,34,34,34,34,34,34,23,8,28,0,0],"gold":102,"neow_bonus":"TRANSFORM_TWO_CARDS","is_daily":false,"chose_seed":false,"campfire_upgraded":5,"win_rate":0.0,"timestamp":1612233660,"path_taken":["M","M","?","?","M","R","E","?","T","E","R","M","M","E","R","BOSS","M","M","M","$","M","?","R","?","T","R","?","R","M","M","R","BOSS"],"items_purchased_type":["Relic","Card","Relic","Relic"],"build_version":"2020-12-22","purchased_purges":1,"victory":false,"max_hp_per_floor":[68,68,68,68,68,68,68,68,68,68,68,68,68,68,68,68,68,68,68,68,68,68,68,68,68,68,68,68,68,68,68,68,68,68],"card_choices":[{"not_picked":["Melter","Loop"],"picked":"Rip and Tear","floor":1.0},{"not_picked":["Hologram","Melter"],"picked":"BootSequence","floor":2.0},{"not_picked":["Turbo","Heatsinks"],"picked":"Sunder","floor":5.0},{"not_picked":["Static Discharge","Steam"],"picked":"Machine Learning","floor":7.0},{"not_picked":["Rebound","Barrage"],"picked":"Double Energy","floor":10.0},{"not_picked":["Leap","Turbo"],"picked":"Ball Lightning","floor":12.0},{"not_picked":["Compile Driver","Melter"],"picked":"Conserve Battery","floor":13.0},{"not_picked":["Gash","Consume"],"picked":"Coolheaded","floor":14.0},{"not_picked":["Machine Learning","Electrodynamics"],"picked":"Echo Form","floor":16.0},{"not_picked":["Steam Power","Barrage","Sweeping Beam"],"picked":"SKIP","floor":18.0},{"not_picked":["Barrage","BootSequence"],"picked":"Turbo","floor":19.0},{"not_picked":["Leap","FTL"],"picked":"Compile Driver+1","floor":20.0},{"not_picked":["Ball Lightning","Cold Snap","BootSequence"],"picked":"SKIP","floor":22.0},{"not_picked":["Streamline","Scrape+1"],"picked":"Skim","floor":30.0},{"not_picked":["Gash","Melter","Sweeping Beam"],"picked":"SKIP","floor":31.0}],"player_experience":693054,"relics_obtained":[{"floor":7.0,"key":"Pantograph"},{"floor":9.0,"key":"Boot"},{"floor":10.0,"key":"Pen Nib"},{"floor":14.0,"key":"Nunchaku"},{"floor":26.0,"key":"Akabeko"}],"event_choices":[{"cards_removed":["Strike_B"],"damage_healed":0.0,"max_hp_gain":0.0,"max_hp_loss":0.0,"gold_gain":0.0,"event_name":"The Cleric","player_choice":"Card Removal","floor":3.0,"gold_loss":50.0,"damage_taken":0.0},{"damage_healed":0.0,"max_hp_gain":0.0,"max_hp_loss":0.0,"gold_gain":75.0,"event_name":"World of Goop","player_choice":"Gather Gold","floor":4.0,"gold_loss":0.0,"damage_taken":11.0},{"damage_healed":0.0,"max_hp_gain":0.0,"max_hp_loss":0.0,"gold_gain":0.0,"event_name":"Shining Light","player_choice":"Entered Light","floor":8.0,"gold_loss":0.0,"damage_taken":14.0,"cards_upgraded":["Strike_B","Dualcast"]},{"damage_healed":22.0,"max_hp_gain":0.0,"max_hp_loss":0.0,"gold_gain":0.0,"event_name":"The Library","player_choice":"Heal","floor":23.0,"gold_loss":0.0,"damage_taken":0.0},{"damage_healed":0.0,"max_hp_gain":0.0,"max_hp_loss":0.0,"gold_gain":0.0,"event_name":"Vampires","player_choice":"Ignored","floor":28.0,"gold_loss":0.0,"damage_taken":0.0}],"is_beta":false,"boss_relics":[{"not_picked":["Black Star","FrozenCore"],"picked":"Sozu"}],"items_purged_floors":[21],"is_endless":false,"potions_floor_spawned":[1,2,10,13,14,16,19,30],"killed_by":"Champ","ascension_level":10}}