{"host":"nuc2w1a7ik2yhkv2","time":1612257641,"event":{"mods":["Act Like it!","BaseMod","Downfall","Minty Spire (QoL Compilation)","Quick Restart","Rare Cards Sparkle","StSLib"],"gold_per_floor":[99,117,135,151,169,344,369,381,381,394,406,306,306,339,350,451,451,451,464,494,594,0,13,37,57,75,75,175,195,44,44,59,181,181,181,211,244,49,75,108,108,135,135,135,147,147,160,186,199,199],"floor_reached":51,"language":"ZHS","playtime":4381,"items_purged":["Normality","downfall:Malfunctioning"],"score":906,"play_id":"0c99707a-f857-47a7-9de5-e72822e408be","local_time":"20210202172041","is_ascension_mode":true,"campfire_choices":[{"floor":1.0,"key":"RECALL"},{"data":"hexamod:Float","floor":12.0,"key":"SMITH"},{"data":"hexamod:SoulSteal","floor":18.0,"key":"SMITH"},{"floor":27.0,"key":"REST"},{"data":"hexamod:UnlimitedPower","floor":35,"key":"SMITH"},{"data":"hexamod:GhostOfSpirePast","floor":46,"key":"SMITH"}],"circlet_count":0,"master_deck":["hexamod:Strike","hexamod:Strike","hexamod:Strike","hexamod:Defend+1","hexamod:Defend","hexamod:Defend","hexamod:Sear+1","hexamod:Float+1","hexamod:AdvancingGuard+1","hexamod:Hexaguard","hexamod:GhostShield","hexamod:SuperheatedStrike","hexamod:Haunt","hexamod:SoulSteal+1","hexamod:Haunt","hexamod:ExtraCrispy","hexamod:Hexaguard+1","hexamod:BurningTouch+1","J.A.X.","hexamod:Hexaguard+1","hexamod:UnleashSpirits","hexamod:GhostOfSpirePast+1","hexamod:FourthSeal","hexamod:SpectersWail","hexamod:Rewind","hexamod:HeatMetal","hexamod:HeatShield","hexamod:Haunt","downfall:Haunted","downfall:Haunted","downfall:Haunted","hexamod:UnlimitedPower+1","hexamod:FifthSeal","hexamod:ThirdSeal","hexamod:SecondSeal","hexamod:SecondSeal","hexamod:Hexaguard","hexamod:FourthSeal","hexamod:FirstSeal","hexamod:UnleashSpirits+1","hexamod:SearingWound","hexamod:SixthSeal","hexamod:ThermalTransfer+1","hexamod:SpectralAdrenaline+1","hexamod:Hexaguard","hexamod:EtherealExpedition+1","hexamod:RetreatToShadows+1","hexamod:AdvancingGuard+1","hexamod:VolcanoVisage+1","expansioncontent:QuickStudy","expansioncontent:AwakenDeath+1","hexamod:GhostOfSpirePast+1","hexamod:RetreatToShadows+1","hexamod:GhostLash","hexamod:Haunt+1","expansioncontent:Chronoboost+1","expansioncontent:InvincibleStrength+1","expansioncontent:InvincibleStrength+1","hexamod:DynamicBlow+1","hexamod:Hexaguard","hexamod:AdvancingGuard+1","hexamod:SuperheatedStrike+1"],"relics":["hexamod:SpiritBrand","Regal Pillow","Anchor","downfall:HeartBlessingRed","Tiny Chest","SacredBark","Red Mask","MutagenicStrength","White Beast Statue","OrangePellets","hexamod:MatchstickCase","Darkstone Periapt","Frozen Egg 2","hexamod:IceCube","hexamod:TheBrokenSeal","HornCleat","Eternal Feather"],"acts_visited":["TheCity","TheBeyond"],"potions_floor_usage":[36,36,36,36,36,37,38,39,39,39,42,47,48,50,50],"damage_taken":[{"damage":1.0,"enemies":"Cultist","floor":2.0,"turns":3.0},{"damage":0.0,"enemies":"Jaw Worm","floor":3.0,"turns":3.0},{"damage":0.0,"enemies":"2 Louse","floor":4.0,"turns":3.0},{"damage":1.0,"enemies":"Large Slime","floor":5.0,"turns":8.0},{"damage":6.0,"enemies":"Blue Slaver","floor":8.0,"turns":4.0},{"damage":0.0,"enemies":"Exordium Wildlife","floor":10.0,"turns":3.0},{"damage":0.0,"enemies":"Lots of Slimes","floor":11.0,"turns":3.0},{"damage":0.0,"enemies":"Gremlin Nob","floor":14.0,"turns":3.0},{"damage":0.0,"enemies":"3 Louse","floor":15.0,"turns":3.0},{"damage":45.0,"enemies":"DF_ARCHETYPE_STREAMLINE","floor":16.0,"turns":12.0},{"damage":29.0,"enemies":"Shell Parasite","floor":19.0,"turns":7.0},{"damage":59.0,"enemies":"Masked Bandits","floor":20.0,"turns":4.0},{"damage":15.0,"enemies":"downfall:Augmenter","floor":21.0,"turns":8.0},{"damage":8.0,"enemies":"downfall:FleeingMerchant","floor":22.0,"turns":4.0},{"damage":14.0,"enemies":"Centurion and Healer","floor":23.0,"turns":7.0},{"damage":10.0,"enemies":"3 Cultists","floor":25.0,"turns":4.0},{"damage":0.0,"enemies":"Sentry and Sphere","floor":26.0,"turns":4.0},{"damage":0.0,"enemies":"Shelled Parasite and Fungi","floor":29.0,"turns":7.0},{"damage":8.0,"enemies":"downfall:FleeingMerchant","floor":30.0,"turns":4.0},{"damage":6.0,"enemies":"Centurion and Healer","floor":32.0,"turns":3.0},{"damage":56.0,"enemies":"WA_ARCHETYPE_CALM","floor":33.0,"turns":10.0},{"damage":61,"enemies":"3 Darklings","floor":36,"turns":6},{"damage":3,"enemies":"3 Shapes","floor":37,"turns":8},{"damage":0,"enemies":"downfall:FleeingMerchant","floor":38,"turns":2},{"damage":18,"enemies":"Maw","floor":39,"turns":6},{"damage":22,"enemies":"Writhing Mass","floor":40,"turns":5},{"damage":5,"enemies":"Transient","floor":42,"turns":5},{"damage":0,"enemies":"Jaw Worm Horde","floor":45,"turns":3},{"damage":5,"enemies":"4 Shapes","floor":47,"turns":3},{"damage":15,"enemies":"Sphere and 2 Shapes","floor":48,"turns":4},{"damage":10,"enemies":"Transient","floor":49,"turns":5},{"damage":32,"enemies":"IC_BLOCK_ARCHETYPE","floor":50,"turns":7}],"seed_played":"112399214294880331","potions_obtained":[{"floor":3.0,"key":"FairyPotion"},{"floor":4.0,"key":"Energy Potion"},{"floor":5.0,"key":"ColorlessPotion"},{"floor":9.0,"key":"AttackPotion"},{"floor":20.0,"key":"Fire Potion"},{"floor":21.0,"key":"SteroidPotion"},{"floor":21.0,"key":"Fire Potion"},{"floor":22.0,"key":"BlessingOfTheForge"},{"floor":23.0,"key":"Guardian:BlockOnCardUsePotion"},{"floor":25.0,"key":"DistilledChaos"},{"floor":25.0,"key":"Fire Potion"},{"floor":25.0,"key":"hexamod:EctoCoolerPotion"},{"floor":26.0,"key":"Guardian:BlockOnCardUsePotion"},{"floor":26.0,"key":"EntropicBrew"},{"floor":29.0,"key":"Fire Potion"},{"floor":30.0,"key":"EntropicBrew"},{"floor":30.0,"key":"LiquidMemories"},{"floor":30.0,"key":"DistilledChaos"},{"floor":32.0,"key":"Guardian:BlockOnCardUsePotion"},{"floor":32.0,"key":"Guardian:BlockOnCardUsePotion"},{"floor":33.0,"key":"EntropicBrew"},{"floor":33.0,"key":"GamblersBrew"},{"floor":36,"key":"Fire Potion"},{"floor":36,"key":"hexamod:EctoCoolerPotion"},{"floor":36,"key":"SkillPotion"},{"floor":37,"key":"LiquidMemories"},{"floor":38,"key":"ColorlessPotion"},{"floor":38,"key":"PowerPotion"},{"floor":39,"key":"FairyPotion"},{"floor":39,"key":"Ancient Potion"},{"floor":40,"key":"Fire Potion"},{"floor":40,"key":"ColorlessPotion"},{"floor":42,"key":"GamblersBrew"},{"floor":47,"key":"Fruit Juice"},{"floor":47,"key":"ColorlessPotion"},{"floor":48,"key":"Strength Potion"},{"floor":49,"key":"LiquidMemories"}],"is_trial":false,"path_per_floor":["R","M","M","M","M","?","T","M","?","M","M","R","?","E","M","B",null,"R","M","?","?","$","M","T","M","M","R","?","M","$","T","M","B",null,"R","M","M","$","M","M","T","M","?","T","M","R","M","M","M","B",null],"character_chosen":"THE_SPIRIT","items_purchased":["Fruit Juice","White Beast Statue","OrangePellets","hexamod:Rewind","hexamod:FirstSeal","hexamod:VolcanoVisage+1","expansioncontent:QuickStudy","expansioncontent:AwakenDeath"],"campfire_rested":1,"item_purchase_floors":[22,22,22,22,30,38,38,38],"current_hp_per_floor":[70,69,69,69,68,68,68,62,62,62,62,62,62,62,62,17,70,70,41,42,27,29,15,15,5,5,44,79,106,98,98,92,43,115,115,68,125,125,114,99,99,94,84,84,84,117,122,114,111,79],"gold":199,"neow_bonus":"RANDOM_COMMON_RELIC","is_daily":false,"chose_seed":false,"campfire_upgraded":4,"win_rate":0.0,"timestamp":1612257641,"path_taken":["R","M","M","M","M","?","T","M","?","M","?","R","?","E","M","BOSS","R","M","?","?","$","M","T","M","M","R","?","M","$","?","M","BOSS","R","M","M","$","M","?","T","?","?","?","M","R","M","M","M","BOSS"],"items_purchased_type":["Potion","Relic","Relic","Card","Card","Card","Card","Card"],"build_version":"2020-12-22","purchased_purges":2,"victory":true,"max_hp_per_floor":[70,70,70,70,70,70,70,70,70,70,70,70,70,70,70,70,70,70,70,70,70,80,80,80,80,80,80,115,115,115,115,115,115,115,115,115,125,125,125,125,125,125,125,125,125,125,135,135,135,135],"card_choices":[{"not_picked":["hexamod:FlamesFromBeyond","hexamod:PhantomCloak"],"picked":"hexamod:AdvancingGuard","floor":2.0},{"not_picked":["hexamod:SpectralSpark","hexamod:BurningTouch"],"picked":"hexamod:Hexaguard","floor":3.0},{"not_picked":["hexamod:NightmareStrike","hexamod:Firestarter"],"picked":"hexamod:GhostShield","floor":4.0},{"not_picked":["hexamod:HauntingEcho","hexamod:NightmareGuise"],"picked":"hexamod:SuperheatedStrike","floor":5.0},{"not_picked":["hexamod:FastForward","hexamod:Firestarter"],"picked":"hexamod:Haunt","floor":8.0},{"not_picked":["hexamod:FlamesFromBeyond","hexamod:HeatMetal"],"picked":"hexamod:SoulSteal","floor":10.0},{"not_picked":["hexamod:NightmareStrike","hexamod:GhostLash"],"picked":"hexamod:Haunt","floor":11.0},{"not_picked":["hexamod:HeatCrush","hexamod:SwordOfDarkness","hexamod:ParanormalForm"],"picked":"SKIP","floor":14.0},{"not_picked":["hexamod:ShieldOfDarkness","hexamod:GhostflameBarrier"],"picked":"hexamod:ExtraCrispy","floor":15.0},{"not_picked":["hexamod:GhostOfSpirePresent","hexamod:SixthSeal"],"picked":"hexamod:FifthSeal","floor":16.0},{"not_picked":["hexamod:SecondSeal","hexamod:SixthSeal"],"picked":"hexamod:FourthSeal","floor":19.0},{"not_picked":["hexamod:NightmareGuise+1","hexamod:PhantomCloak"],"picked":"hexamod:Hexaguard","floor":19.0},{"not_picked":["hexamod:ThermalTransfer","hexamod:FlamesFromBeyond"],"picked":"hexamod:BurningTouch+1","floor":20.0},{"not_picked":[],"picked":"J.A.X.","floor":21.0},{"not_picked":["hexamod:GhostflameBarrier","hexamod:HeatShield"],"picked":"hexamod:Hexaguard+1","floor":21.0},{"not_picked":["hexamod:ThirdSeal","hexamod:SixthSeal"],"picked":"hexamod:FourthSeal","floor":22.0},{"not_picked":["hexamod:RainOfEmbers","hexamod:Again"],"picked":"hexamod:SpectersWail","floor":22.0},{"not_picked":["hexamod:SixthSeal","hexamod:ThirdSeal"],"picked":"hexamod:SecondSeal","floor":23.0},{"not_picked":["hexamod:Firestarter","hexamod:BurningTouch+1"],"picked":"hexamod:HeatMetal","floor":23.0},{"not_picked":["hexamod:Firestarter+1","hexamod:SpectersWail+1"],"picked":"hexamod:HeatShield","floor":25.0},{"not_picked":["hexamod:ThermalTransfer","hexamod:FirstSeal"],"picked":"hexamod:Haunt","floor":26.0},{"not_picked":["hexamod:SecondSeal","hexamod:FirstSeal"],"picked":"hexamod:ThirdSeal","floor":29.0},{"not_picked":["hexamod:ThermalTransfer+1","hexamod:GhostOfSpireFuture"],"picked":"hexamod:FifthSeal","floor":29.0},{"not_picked":["hexamod:SecondSeal","hexamod:FourthSeal"],"picked":"hexamod:ThirdSeal","floor":30.0},{"not_picked":["hexamod:GhostflameBarrier","hexamod:RainOfEmbers","hexamod:BurningTouch"],"picked":"SKIP","floor":30.0},{"not_picked":["hexamod:BurningTouch+1","hexamod:SpectersWail"],"picked":"hexamod:SecondSeal","floor":32.0},{"not_picked":["hexamod:ThirdSeal","hexamod:SixthSeal"],"picked":"hexamod:SecondSeal","floor":32.0},{"not_picked":["hexamod:EmpoweredFlame+1","hexamod:StepThrough"],"picked":"hexamod:Hexaguard","floor":32.0},{"not_picked":["hexamod:FirstSeal","hexamod:SixthSeal"],"picked":"hexamod:FourthSeal","floor":33.0},{"not_picked":["hexamod:SecondSeal","hexamod:FourthSeal"],"picked":"hexamod:FirstSeal","floor":33.0},{"not_picked":["hexamod:SixthSeal","hexamod:HexaLevel+1"],"picked":"hexamod:UnleashSpirits","floor":33.0},{"not_picked":["hexamod:TimeWarp","hexamod:GhostflameInferno"],"picked":"hexamod:SearingWound","floor":33.0},{"not_picked":["hexamod:FirstSeal","hexamod:ThirdSeal"],"picked":"hexamod:SixthSeal","floor":36},{"not_picked":["hexamod:SecondSeal","hexamod:ThirdSeal"],"picked":"hexamod:SixthSeal","floor":36},{"not_picked":["hexamod:BurningTouch","hexamod:HeatShield"],"picked":"hexamod:ThermalTransfer+1","floor":36},{"not_picked":["hexamod:NecessarySacrifice","hexamod:HauntingEcho"],"picked":"hexamod:SpectralAdrenaline+1","floor":36},{"not_picked":["hexamod:Toasty","hexamod:PhantomCloak+1"],"picked":"hexamod:Hexaguard","floor":36},{"not_picked":["hexamod:InspiringFlames","hexamod:NightmareGuise+1"],"picked":"hexamod:EtherealExpedition+1","floor":37},{"not_picked":["hexamod:ShieldOfDarkness+1","hexamod:Haunt"],"picked":"hexamod:RetreatToShadows+1","floor":37},{"not_picked":["hexamod:SpectersWail+1","hexamod:SkipABeat"],"picked":"hexamod:AdvancingGuard+1","floor":38},{"not_picked":["hexamod:SpectersWail","hexamod:SwordOfDarkness","hexamod:PowerFromBeyond"],"picked":"SKIP","floor":38},{"not_picked":["hexamod:RadiantFlame+1","hexamod:SixthSeal"],"picked":"hexamod:GhostOfSpirePast+1","floor":39},{"not_picked":["hexamod:GhostOfSpireFuture+1","hexamod:ThermalTransfer"],"picked":"hexamod:RetreatToShadows+1","floor":39},{"not_picked":["hexamod:SixthSeal","hexamod:SpectralSpark"],"picked":"hexamod:GhostLash","floor":40},{"not_picked":["hexamod:RadiantFlame+1","hexamod:SkipABeat","hexamod:ThermalTransfer+1"],"picked":"SKIP","floor":40},{"not_picked":["hexamod:RainOfEmbers+1","hexamod:FastForward+1"],"picked":"hexamod:Haunt+1","floor":42},{"not_picked":["hexamod:SoulSteal+1","hexamod:SpectralAdrenaline","hexamod:InspiringFlames+1"],"picked":"SKIP","floor":42},{"not_picked":["expansioncontent:AwakenDeath","expansioncontent:YouAreMine"],"picked":"expansioncontent:Chronoboost","floor":43},{"not_picked":["expansioncontent:PolyBeam","expansioncontent:AwakenDeath"],"picked":"expansioncontent:InvincibleStrength","floor":43},{"not_picked":["expansioncontent:PrepareCrush","expansioncontent:PolyBeam"],"picked":"expansioncontent:InvincibleStrength","floor":43},{"not_picked":["hexamod:FirstSeal","hexamod:HauntingEcho+1"],"picked":"hexamod:DynamicBlow+1","floor":45},{"not_picked":["hexamod:HauntingEcho","hexamod:BurningTouch"],"picked":"hexamod:Hexaguard","floor":47},{"not_picked":["hexamod:NightmareStrike","hexamod:GhostflameInferno"],"picked":"hexamod:AdvancingGuard+1","floor":48},{"not_picked":["hexamod:FourthSeal","hexamod:Again"],"picked":"hexamod:SuperheatedStrike+1","floor":48},{"not_picked":["hexamod:CatchUp+1","hexamod:SkipABeat","hexamod:NightmareGuise+1"],"picked":"SKIP","floor":49}],"player_experience":928164,"relics_obtained":[{"floor":7.0,"key":"Anchor"},{"floor":14.0,"key":"Tiny Chest"},{"floor":20.0,"key":"Red Mask"},{"floor":21.0,"key":"MutagenicStrength"},{"floor":24.0,"key":"hexamod:MatchstickCase"},{"floor":31.0,"key":"Frozen Egg 2"},{"floor":41,"key":"HornCleat"},{"floor":44,"key":"Eternal Feather"}],"event_choices":[{"damage_healed":0.0,"max_hp_gain":0.0,"max_hp_loss":0.0,"gold_gain":0.0,"event_name":"Lab","player_choice":"Got Potions","floor":9.0,"gold_loss":0.0,"damage_taken":0.0},{"cards_removed":["Doubt"],"damage_healed":0.0,"max_hp_gain":0.0,"max_hp_loss":0.0,"gold_gain":0.0,"event_name":"The Cleric","player_choice":"Card Removal","floor":13.0,"gold_loss":0.0,"damage_taken":0.0},{"damage_healed":0.0,"max_hp_gain":0.0,"max_hp_loss":0.0,"gold_gain":0.0,"event_name":"Masked Bandits","player_choice":"Fought Bandits","floor":20.0,"gold_loss":0.0,"damage_taken":0.0}],"is_beta":false,"boss_relics":[{"not_picked":["Coffee Dripper","Astrolabe"],"picked":"SacredBark"},{"not_picked":["Calling Bell","Pandora\u0027s Box"],"picked":"hexamod:IceCube"}],"items_purged_floors":[30,38],"is_endless":false,"potions_floor_spawned":[3,4,5,8,11,21,23,25,26,29,30,32,33,36,37,38,39,40,42,45,47,48,49],"ascension_level":3}}