{"host":"Qube","time":1612225328,"event":{"mods":["AchievementEnabler","BaseMod","Colored Map","Colored Powertips","Highlight Path","Minty Spire (QoL Compilation)","Permanent Neow","Quick Restart","Random Character Button","StSLib"],"gold_per_floor":[110,110,110,120,140,140,168,168,168,168,195,270,13,26,26,26,26],"floor_reached":16,"language":"ENG","playtime":570,"items_purged":[],"score":266,"play_id":"c98b75b1-fb74-436d-ba6f-ff387600707a","local_time":"20210201162208","is_ascension_mode":true,"campfire_choices":[{"floor":6,"key":"REST"},{"data":"Zap","floor":8,"key":"SMITH"},{"data":"Multi-Cast","floor":10,"key":"SMITH"},{"data":"Enlightenment","floor":15,"key":"SMITH"}],"circlet_count":0,"master_deck":["AscendersBane","Strike_B+1","Strike_B","Strike_B","Defend_B","Defend_B","Defend_B","Defend_B","Zap+1","Dualcast","Electrodynamics+1","Glacier","Steam","Streamline","Multi-Cast+1","Compile Driver","Enlightenment+1","Coolheaded"],"relics":["Cracked Core","Matryoshka","Bag of Preparation","White Beast Statue","Omamori","Medical Kit"],"acts_visited":["Exordium"],"potions_floor_usage":[7,11,14],"damage_taken":[{"damage":7,"enemies":"Small Slimes","floor":1,"turns":3},{"damage":0,"enemies":"Jaw Worm","floor":4,"turns":3},{"damage":0,"enemies":"2 Louse","floor":5,"turns":1},{"damage":11,"enemies":"Lagavulin","floor":7,"turns":6},{"damage":0,"enemies":"3 Sentries","floor":11,"turns":2},{"damage":0,"enemies":"Blue Slaver","floor":14,"turns":2},{"damage":28,"enemies":"Hexaghost","floor":16,"turns":9}],"seed_played":"2578827051781507498","potions_obtained":[{"floor":1,"key":"Block Potion"},{"floor":7,"key":"Energy Potion"},{"floor":11,"key":"Swift Potion"},{"floor":14,"key":"SneckoOil"}],"is_trial":false,"path_per_floor":["M","?","?","M","M","R","E","R","T","R","E","?","$","M","R","B"],"character_chosen":"DEFECT","items_purchased":["Medical Kit","Enlightenment"],"campfire_rested":1,"item_purchase_floors":[13,13],"current_hp_per_floor":[57,38,31,31,31,50,39,39,39,39,39,28,28,28,28,0,0],"gold":26,"neow_bonus":"THREE_RARE_CARDS","is_daily":false,"chose_seed":false,"campfire_upgraded":3,"win_rate":0.0,"timestamp":1612225328,"path_taken":["M","?","?","M","M","R","E","R","T","R","E","?","?","M","R","BOSS"],"items_purchased_type":["Relic","Card"],"build_version":"2020-12-18","purchased_purges":0,"victory":false,"max_hp_per_floor":[64,64,64,64,64,64,64,64,64,64,64,64,64,64,64,64,64],"card_choices":[{"not_picked":["Hyperbeam","All For One"],"picked":"Electrodynamics","floor":0},{"not_picked":["Leap","Go for the Eyes"],"picked":"Glacier","floor":1},{"not_picked":["Force Field","Hello World"],"picked":"Steam","floor":4},{"not_picked":["Darkness","Rebound"],"picked":"Streamline","floor":5},{"not_picked":["Conserve Battery","Melter"],"picked":"Multi-Cast","floor":7},{"not_picked":["Conserve Battery","Fission"],"picked":"Compile Driver","floor":11},{"not_picked":["Rebound","Barrage"],"picked":"Coolheaded","floor":14}],"player_experience":1037245,"relics_obtained":[{"floor":7,"key":"Matryoshka"},{"floor":9,"key":"Bag of Preparation"},{"floor":9,"key":"White Beast Statue"},{"floor":11,"key":"Omamori"}],"event_choices":[{"damage_healed":0,"gold_gain":0,"player_choice":"Entered Light","damage_taken":19,"max_hp_gain":0,"max_hp_loss":0,"event_name":"Shining Light","floor":2,"gold_loss":0,"cards_upgraded":["Electrodynamics","Strike_B"]},{"cards_removed":["Strike_B"],"damage_healed":0,"gold_gain":0,"player_choice":"Card Removal","damage_taken":7,"max_hp_gain":0,"max_hp_loss":0,"event_name":"Golden Wing","floor":3,"gold_loss":0},{"damage_healed":0,"gold_gain":75,"player_choice":"Gather Gold","damage_taken":11,"max_hp_gain":0,"max_hp_loss":0,"event_name":"World of Goop","floor":12,"gold_loss":0}],"is_beta":true,"boss_relics":[],"items_purged_floors":[],"is_endless":false,"potions_floor_spawned":[1,7,11,14],"killed_by":"Hexaghost","ascension_level":20}}