{"host":"skr63qsdfgeey3it","time":1612253952,"event":{"mods":["BaseMod","Colored Map","Hubris","Minty Spire (QoL Compilation)","Reliquary","Replay The Spire","Spicy Shops","StSLib"],"gold_per_floor":[113,113,113,205,30,59,59,87,111,141,43,57,2,34,34,133,133,145,162,162,162,179,179,213,312,338,364,375,222,236,266,266,368,368,378,174,193,193,193,193,208,108,108,143,33,33,58,68,68,68],"floor_reached":51,"language":"ENG","playtime":2350,"items_purged":[],"score":1422,"play_id":"327be9f3-4a46-4ceb-b273-c0fe8a9a0d29","local_time":"20210202021912","is_ascension_mode":true,"campfire_choices":[{"data":"Chill","floor":7,"key":"SMITH"},{"data":"Chill","floor":15,"key":"SMITH"},{"data":"Blizzard","floor":23,"key":"SMITH"},{"floor":32,"key":"REST"},{"data":"hubris:PowerSurge","floor":40,"key":"SMITH"}],"circlet_count":0,"master_deck":["AscendersBane","Dualcast","ReplayGash","Gash","Leap","Rebound","Chill+1","Recycle","Chill+1","Cold Snap","White Noise+1","hubris:PowerSurge+1","Blizzard+1","Echo Form","Self Repair","ReplayTheSpireMod:Calculation Training","hubris:SpecializedCircuitry","Double Energy","Auto Shields","Streamline","ReplayRNGCard","ReplayGash+1","hubris:Prefetch","Buffer","ReplayTheSpireMod:Repulse","Pot Of Greed","Pot Of Greed","Scrape","Gash","Mirror Shield","Storm","Echo Form","Loop","Defragment","Capacitor","Capacitor","Gash+1","Pot Of Greed"],"relics":["Cracked Core","NeowsBlessing","Akabeko","Membership Card","hubris:SlimyHat","Tiny Chest","hubris:OldNail","hubris:ToyBattleship","MealTicket","reliquary:RoseTintedGlasses","Bronze Scales","Pandora\u0027s Box","Mummified Hand","Pantograph","Grinning Jar","hubris:MedicalManual","Replay:Rubber Ducky","reliquary:BrokenClock","War Paint","hubris:Backtick","Replay:Frozen Program","Runic Capacitor","Pear","Pet Ghost","Snack Pack","Nunchaku","Omamori","hubris:Potato"],"acts_visited":["Exordium","TheCity","TheBeyond"],"potions_floor_usage":[10,14,14,31,33,47,47,50,50],"damage_taken":[{"damage":0,"enemies":"Cultist","floor":1,"turns":1},{"damage":0,"enemies":"Gremlin Nob","floor":6,"turns":1},{"damage":0,"enemies":"Lagavulin","floor":8,"turns":1},{"damage":20,"enemies":"Gremlin Nob","floor":10,"turns":4},{"damage":0,"enemies":"2 Louse","floor":12,"turns":1},{"damage":16,"enemies":"Lagavulin","floor":14,"turns":6},{"damage":40,"enemies":"Fading Forest","floor":16,"turns":11},{"damage":6,"enemies":"Shell Parasite","floor":18,"turns":6},{"damage":0,"enemies":"Chosen","floor":19,"turns":4},{"damage":4,"enemies":"Centurion and Healer","floor":22,"turns":7},{"damage":0,"enemies":"Slavers","floor":24,"turns":3},{"damage":14,"enemies":"Gremlin Leader","floor":27,"turns":6},{"damage":0,"enemies":"Sentry and Sphere","floor":28,"turns":7},{"damage":11,"enemies":"Shelled Parasite and Fungi","floor":30,"turns":7},{"damage":39,"enemies":"Book of Stabbing","floor":31,"turns":5},{"damage":36,"enemies":"hubris:MusketHawk","floor":33,"turns":7},{"damage":0,"enemies":"Orb Walker","floor":35,"turns":3},{"damage":0,"enemies":"3 Shapes","floor":37,"turns":3},{"damage":0,"enemies":"Jaw Worm Horde","floor":41,"turns":4},{"damage":0,"enemies":"Giant Head","floor":44,"turns":7},{"damage":9,"enemies":"Reptomancer","floor":47,"turns":5},{"damage":0,"enemies":"4 Shapes","floor":48,"turns":2},{"damage":6,"enemies":"Donu and Deca","floor":50,"turns":7}],"seed_played":"-8286478744050588022","potions_obtained":[{"floor":1,"key":"Regen Potion"},{"floor":6,"key":"Adrenaline Potion"},{"floor":12,"key":"AttackPotion"},{"floor":22,"key":"GamblersBrew"},{"floor":24,"key":"SteroidPotion"},{"floor":31,"key":"Toxic Potion"},{"floor":35,"key":"FocusPotion"},{"floor":49,"key":"Block Potion"},{"floor":49,"key":"ColorlessPotion"}],"is_trial":false,"path_per_floor":["M","?","?","?","$","E","R","E","T","E","$","M","$","E","R","B",null,"M","M","?","T","M","R","E","?","T","E","M","$","M","E","R","B",null,"M","$","M","?","T","R","M","NS","T","E","$","?","E","M","R_BF","B",null],"character_chosen":"DEFECT","items_purchased":["Membership Card","Rebound","MealTicket","Cold Snap","hubris:PowerSurge","reliquary:RoseTintedGlasses","Replay:Rubber Ducky","reliquary:BrokenClock","Runic Capacitor","Pear","Capacitor","Omamori"],"campfire_rested":1,"item_purchase_floors":[5,5,11,11,13,13,29,29,36,36,45,45],"current_hp_per_floor":[68,56,56,56,56,56,56,56,56,36,36,36,51,49,49,23,62,63,63,63,63,66,66,73,73,73,66,66,75,71,39,61,46,68,68,85,85,85,85,85,85,85,85,85,85,85,85,85,85,85],"gold":68,"neow_bonus":"THREE_ENEMY_KILL","is_daily":false,"chose_seed":false,"campfire_upgraded":4,"win_rate":0.0,"timestamp":1612253952,"path_taken":["M","?","?","?","$","E","R","E","T","E","?","?","$","E","R","BOSS","M","M","?","?","?","R","E","?","T","E","M","$","M","E","R","BOSS","M","$","M","?","?","R","M","NS","T","E","?","?","E","M","R_BF","BOSS"],"items_purchased_type":["Relic","Card","Relic","Card","Card","Relic","Relic","Relic","Relic","Relic","Card","Relic"],"build_version":"2020-12-22","purchased_purges":0,"victory":true,"max_hp_per_floor":[75,75,75,75,75,75,75,75,75,75,75,75,75,75,75,75,75,75,75,75,75,75,75,75,75,75,75,75,75,75,75,75,75,75,75,85,85,85,85,85,85,85,85,85,85,85,85,85,85,85],"card_choices":[{"not_picked":["Blizzard","Sweeping Beam"],"picked":"ReplayGash","floor":1},{"not_picked":["ReplayGash","BasicCrystalCard"],"picked":"Gash","floor":4},{"not_picked":["BasicCrystalCard","Steam"],"picked":"Leap","floor":4},{"not_picked":["Biased Cognition","Reprogram"],"picked":"Chill","floor":6},{"not_picked":["Leap","Hologram"],"picked":"Recycle","floor":8},{"not_picked":["ReplayTheSpireMod:Repulse","Tempest"],"picked":"Chill","floor":10},{"not_picked":["Conserve Battery","Ball Lightning"],"picked":"White Noise","floor":12},{"not_picked":["Undo","Barrage"],"picked":"Blizzard","floor":14},{"not_picked":["Hyperbeam","Fission"],"picked":"Echo Form","floor":16},{"not_picked":["Panic Button+1","Chill"],"picked":"ReplayGash+1","floor":18},{"not_picked":["ReplaySolidLightProjector","Barrage+1","Go for the Eyes"],"picked":"SKIP","floor":19},{"not_picked":["Sweeping Beam","Time Bomb"],"picked":"Rebound+1","floor":22},{"not_picked":["Hello World","Barrage"],"picked":"ReplayTheSpireMod:Repulse","floor":24},{"not_picked":["BasicCrystalCard+1","Skim"],"picked":"Scrape","floor":27},{"not_picked":["BootSequence","Turbo+1","Sweeping Beam+1"],"picked":"SKIP","floor":28},{"not_picked":["ReplayTheSpireMod:Calculation Training","White Noise"],"picked":"Gash","floor":30},{"not_picked":["Streamline","BasicCrystalCard","Turbo"],"picked":"SKIP","floor":31},{"not_picked":["Fission","Thunder Strike"],"picked":"Mirror Shield","floor":33},{"not_picked":["Auto Shields+1","Static Discharge"],"picked":"Storm","floor":35},{"not_picked":["Steam","Auto Shields+1","Cold Snap+1"],"picked":"SKIP","floor":37},{"not_picked":["Cold Snap+1","Panic Button+1"],"picked":"Loop","floor":41},{"not_picked":["ReplayTheSpireMod:GoodbyeWorld+1","FTL"],"picked":"Defragment","floor":44},{"not_picked":["Aggregate","Thunder Strike","Rebound"],"picked":"SKIP","floor":47},{"not_picked":["Cold Snap+1","Turbo"],"picked":"Gash+1","floor":48}],"player_experience":854365,"relics_obtained":[{"floor":6,"key":"hubris:SlimyHat"},{"floor":8,"key":"Tiny Chest"},{"floor":9,"key":"hubris:OldNail"},{"floor":10,"key":"hubris:ToyBattleship"},{"floor":14,"key":"Bronze Scales"},{"floor":21,"key":"Mummified Hand"},{"floor":24,"key":"Pantograph"},{"floor":26,"key":"Grinning Jar"},{"floor":27,"key":"hubris:MedicalManual"},{"floor":31,"key":"War Paint"},{"floor":39,"key":"Pet Ghost"},{"floor":43,"key":"Snack Pack"},{"floor":44,"key":"Nunchaku"},{"floor":47,"key":"hubris:Potato"}],"event_choices":[{"damage_healed":0,"gold_gain":0,"player_choice":"Success","damage_taken":12,"relics_obtained":["Akabeko"],"max_hp_gain":0,"max_hp_loss":0,"event_name":"Scrap Ooze","floor":2,"gold_loss":0},{"damage_healed":0,"gold_gain":0,"cards_transformed":["BasicCrystalCard","Zap"],"player_choice":"Became Test Subject","damage_taken":0,"max_hp_gain":0,"max_hp_loss":0,"event_name":"Drug Dealer","floor":20,"gold_loss":0,"cards_obtained":["hubris:Prefetch","Buffer"]},{"damage_healed":0,"gold_gain":99,"player_choice":"Stole From Cult","damage_taken":0,"max_hp_gain":0,"max_hp_loss":0,"event_name":"Nest","floor":25,"gold_loss":0},{"damage_healed":0,"gold_gain":0,"player_choice":"Copied","damage_taken":0,"max_hp_gain":0,"max_hp_loss":0,"event_name":"Duplicator","floor":38,"gold_loss":0,"cards_obtained":["Echo Form"]}],"is_beta":false,"boss_relics":[{"not_picked":["hubris:ScarierMask","Painkiller Herb"],"picked":"Pandora\u0027s Box"},{"not_picked":["Coffee Dripper","hubris:RunicObelisk"],"picked":"hubris:Backtick"}],"items_purged_floors":[],"is_endless":false,"potions_floor_spawned":[1,6,8,12,22,24,27,30,31,35,37,44],"ascension_level":11}}