{"host":"fdq5pmhluajjrf8d","time":1612225250,"event":{"mods":["BaseMod","Minty Spire (QoL Compilation)"],"gold_per_floor":[111,5,5,15,33,33,33,33,33,33,53,67,78,98,98,176,176,194,194,194,208,208,208,233,233,233,233,246,246,246],"floor_reached":29,"language":"ENG","playtime":921,"items_purged":[],"score":423,"play_id":"64c64449-b322-45ce-8ac9-38b361971f60","local_time":"20210201192050","is_ascension_mode":true,"campfire_choices":[{"data":"Ragnarok","floor":6,"key":"SMITH"},{"data":"Finesse","floor":8,"key":"SMITH"},{"floor":10,"key":"REST"},{"data":"Vengeance","floor":15,"key":"SMITH"},{"data":"Omniscience","floor":23,"key":"SMITH"},{"floor":25,"key":"REST"},{"floor":27,"key":"REST"}],"circlet_count":0,"master_deck":["AscendersBane","Strike_P","Strike_P","Strike_P","Defend_P","Defend_P","Defend_P","Eruption","Vigilance","Parasite","Ragnarok+1","Finesse+1","DeceiveReality","Vengeance+1","MasterReality","Omniscience+1","EmptyMind"],"relics":["PureWater","Strawberry","Happy Flower","Sozu","CeramicFish","Gambling Chip"],"acts_visited":["Exordium","TheCity"],"potions_floor_usage":[11,16,21],"damage_taken":[{"damage":16,"enemies":"Small Slimes","floor":1,"turns":4},{"damage":1,"enemies":"2 Louse","floor":4,"turns":2},{"damage":1,"enemies":"Cultist","floor":5,"turns":3},{"damage":6,"enemies":"Lots of Slimes","floor":11,"turns":3},{"damage":2,"enemies":"Looter","floor":12,"turns":3},{"damage":0,"enemies":"3 Louse","floor":13,"turns":2},{"damage":7,"enemies":"Exordium Thugs","floor":14,"turns":2},{"damage":8,"enemies":"Hexaghost","floor":16,"turns":7},{"damage":3,"enemies":"Shell Parasite","floor":18,"turns":2},{"damage":11,"enemies":"2 Thieves","floor":21,"turns":2},{"damage":40,"enemies":"Gremlin Leader","floor":24,"turns":6},{"damage":38,"enemies":"Cultist and Chosen","floor":28,"turns":6},{"damage":17,"enemies":"Centurion and Healer","floor":29,"turns":2}],"seed_played":"-7687454424905134535","potions_obtained":[{"floor":1,"key":"PowerPotion"},{"floor":5,"key":"SteroidPotion"},{"floor":11,"key":"Fire Potion"}],"is_trial":false,"path_per_floor":["M","$","?","M","M","R","?","R","T","R","M","M","M","M","R","B",null,"M","?","?","M","?","R","E","R","T","R","M","M"],"character_chosen":"WATCHER","items_purchased":["Finesse"],"campfire_rested":3,"item_purchase_floors":[2],"current_hp_per_floor":[45,45,41,40,39,39,39,39,39,61,55,53,53,46,46,38,66,63,42,42,31,47,47,7,31,31,55,17,0,0],"gold":246,"neow_bonus":"THREE_RARE_CARDS","is_daily":false,"chose_seed":false,"campfire_upgraded":4,"win_rate":0.0,"timestamp":1612225250,"path_taken":["M","$","?","M","M","R","?","R","T","R","M","?","?","M","R","BOSS","M","?","?","?","?","R","E","R","T","R","M","M"],"items_purchased_type":["Card"],"build_version":"2020-12-22","purchased_purges":0,"victory":false,"max_hp_per_floor":[68,68,75,75,75,75,75,75,75,75,75,75,75,75,75,75,75,75,80,80,80,80,80,80,80,80,80,80,80,80],"card_choices":[{"not_picked":["Establishment","Wish"],"picked":"Ragnarok","floor":0},{"not_picked":["FollowUp","WindmillStrike","SandsOfTime"],"picked":"SKIP","floor":1},{"not_picked":["ClearTheMind","SignatureMove","WheelKick"],"picked":"SKIP","floor":4},{"not_picked":["Study","SignatureMove","EmptyFist"],"picked":"SKIP","floor":5},{"not_picked":["Halt","Fasting2","Weave"],"picked":"SKIP","floor":11},{"not_picked":["PathToVictory","Protect"],"picked":"Vengeance","floor":12},{"not_picked":["Swivel","Evaluate"],"picked":"MasterReality","floor":13},{"not_picked":["EmptyFist","EmptyBody","JustLucky"],"picked":"SKIP","floor":14},{"not_picked":["Ragnarok","DeusExMachina"],"picked":"Omniscience","floor":16},{"not_picked":["SashWhip","CrushJoints","Protect"],"picked":"SKIP","floor":18},{"not_picked":["Conclude","WheelKick","Protect+1"],"picked":"SKIP","floor":21},{"not_picked":["Judgement","Crescendo","PathToVictory"],"picked":"SKIP","floor":24},{"not_picked":["Sanctity","FlyingSleeves","EmptyFist"],"picked":"SKIP","floor":28}],"player_experience":1966706,"relics_obtained":[{"floor":9,"key":"Happy Flower"},{"floor":24,"key":"CeramicFish"},{"floor":26,"key":"Gambling Chip"}],"event_choices":[{"damage_healed":0,"gold_gain":0,"player_choice":"Success","damage_taken":11,"relics_obtained":["Strawberry"],"max_hp_gain":0,"max_hp_loss":0,"event_name":"Scrap Ooze","floor":3,"gold_loss":0},{"damage_healed":0,"gold_gain":0,"cards_transformed":["Defend_P"],"player_choice":"Transformed","damage_taken":0,"max_hp_gain":0,"max_hp_loss":0,"event_name":"Transmorgrifier","floor":7,"gold_loss":0,"cards_obtained":["DeceiveReality"]},{"damage_healed":0,"gold_gain":0,"player_choice":"Shed Blood","damage_taken":26,"max_hp_gain":5,"max_hp_loss":0,"event_name":"Forgotten Altar","floor":19,"gold_loss":0},{"damage_healed":0,"gold_gain":0,"cards_transformed":["Strike_P"],"player_choice":"Transformed","damage_taken":0,"max_hp_gain":0,"max_hp_loss":0,"event_name":"Transmorgrifier","floor":20,"gold_loss":0,"cards_obtained":["EmptyMind"]},{"damage_healed":16,"gold_gain":0,"player_choice":"Heal","damage_taken":0,"max_hp_gain":0,"max_hp_loss":0,"event_name":"The Library","floor":22,"gold_loss":0}],"is_beta":false,"boss_relics":[{"not_picked":["Calling Bell","Pandora\u0027s Box"],"picked":"Sozu"}],"items_purged_floors":[],"is_endless":false,"potions_floor_spawned":[1,5,11,12,14,24],"killed_by":"Centurion and Healer","ascension_level":16}}