{"host":"usru02jcpe2a942d","time":1612262096,"event":{"mods":["Act Like it!","BaseMod","Challenge The Spire","Colored Powertips","Friendly Minions","GifTheSpireLib","Highlight Path","Hubris","Infinite Spire","Jedi Mod","Minty Spire (QoL Compilation)","MostiFishMod","Pale of the Ancients","Prisma Mod","Quick Restart","Relic Stats","RumiaBox-露米娅的神秘盒子","StSLib","noobMod","【遗物卡牌】REMEMod","篝火指南"],"gold_per_floor":[453,335,365,480,512,512,53,53,87,116,147,147,147,147,175,200,308,343],"floor_reached":19,"language":"ZHS","playtime":3564,"items_purged":["PrismaMod:ChloeCommonAttack"],"score":345,"play_id":"651f45c1-82dd-48a6-8e5e-c52ae7f5a9e3","local_time":"20210202183456","daily_mods":["challengethespire:Bronze Difficulty","challengethespire:Modded Elite Rush","Uncertain Future"],"is_ascension_mode":false,"campfire_choices":[{"data":"Discovery","floor":8.0,"key":"SMITH"},{"data":"PrismaMod:ChloeExhaustThree","floor":13,"key":"SMITH"},{"data":"REME_WheelOfFate","floor":14,"key":"SMITH"}],"circlet_count":0,"master_deck":["PrismaMod:ChloeCommonAttack","PrismaMod:ChloeCommonAttack","PrismaMod:ChloeCommonAttack","PrismaMod:ChloeCommonAttack","PrismaMod:ChloeCommonDefend","PrismaMod:ChloeCommonDefend","PrismaMod:ChloeCommonDefend","PrismaMod:ChloeCommonDefend","PrismaMod:ChloeCommonDefend","PrismaMod:ChloeCheapAttack","PrismaMod:ChloeCheapDefend","Flash of Steel","PrismaMod:ChloeCarnivalAOEAttack","PrismaMod:ChloeExhaustOne","Discovery+1","REME_WheelOfFate+1","PrismaMod:ChloeGaeBolg","PrismaMod:ChloeCheapAttackTwo","PrismaMod:ChloeMaid","PrismaMod:ChloeCarnivalDefend","PrismaMod:ChloeExcalibur","PrismaMod:ChloeExhaustThree+1","FollowUp","CurseOfTheBell","PrismaMod:IllyaCarnivalPrismaAstolfo","PrismaMod:ChloeCarnivalDefend","CurseOfTheBell"],"relics":["PrismaMod:PrismaTraceOn","Black Star","Sling","PreservedInsect","DaveBox","ice","REME_ComplimentaryCards","Nloth\u0027s Gift","jedi:crownofsimplicity","Vajra","SynthV:C4","jedi:Pinwheel","Mercury Hourglass","hubris:FunFungus","Boot","REME_ChargedStone","Bottled Lightning","Toolbox","Happy Flower","infinitespire:PuzzleCube","Lantern","hubris:SlimyHat","ArrowTower","Shuriken","Bag of Preparation","Calling Bell","Akabeko","REME_HourglassOfDeath","jedi:matchstick","GodSword3","MagicDraw3","Strawberry","Letter Opener","REME_PuzzleBoxRelic","hubris:PeanutButter","Potion Belt","Nunchaku"],"acts_visited":["Exordium"],"potions_floor_usage":[15,18],"damage_taken":[{"damage":10.0,"enemies":"Lagavulin","floor":3.0,"turns":3.0},{"damage":16.0,"enemies":"Gremlin Nob","floor":4.0,"turns":3.0},{"damage":0.0,"enemies":"3 Sentries","floor":5.0,"turns":2.0},{"damage":0.0,"enemies":"Book of Stabbing","floor":9.0,"turns":2.0},{"damage":17.0,"enemies":"Gremlin Leader","floor":10.0,"turns":3.0},{"damage":5.0,"enemies":"REME_1_Revenger","floor":11.0,"turns":3.0},{"damage":3,"enemies":"Nemesis","floor":15,"turns":3},{"damage":5,"enemies":"Giant Head","floor":16,"turns":5},{"damage":4,"enemies":"Reptomancer","floor":17,"turns":3},{"damage":0,"enemies":"Shield and Spear","floor":18,"turns":3}],"seed_played":"2108407322204781630","potions_obtained":[{"floor":3.0,"key":"BlessingOfTheForge"},{"floor":5.0,"key":"Swift Potion"},{"floor":10.0,"key":"BlessingOfTheForge"},{"floor":17,"key":"Block Potion"},{"floor":18,"key":"BlessingOfTheForge"}],"is_trial":true,"path_per_floor":["$","$","E","E","E","T","$","R","E","E","E","T","R","R","E","E","E","E",null],"character_chosen":"CHLOE","items_purchased":["PrismaMod:ChloeCarnivalAOEAttack","PrismaMod:ChloeExhaustOne","jedi:crownofsimplicity","Discovery","REME_WheelOfFate","PrismaMod:ChloeGaeBolg","PrismaMod:ChloeCheapAttackTwo","Bottled Lightning","Toolbox"],"campfire_rested":0,"item_purchase_floors":[1,1,1,1,1,2,2,7,7],"current_hp_per_floor":[75,75,65,49,51,51,51,51,51,36,35,35,35,35,36,58,54,57],"gold":343,"neow_bonus":"","is_daily":false,"chose_seed":false,"campfire_upgraded":3,"win_rate":0.0,"timestamp":1612262096,"path_taken":["$","$","E","E","E","T","$","R","E","E","E","T","R","R","E","E","E","E"],"items_purchased_type":["Card","Card","Relic","Card","Card","Card","Card","Relic","Relic"],"build_version":"2020-12-22","purchased_purges":1,"victory":true,"max_hp_per_floor":[75,75,75,75,75,75,75,75,75,75,75,75,75,75,75,82,82,82],"relic_stats":{"Nunchaku":[0],"Happy Flower":[6],"counters":[10,29],"Shuriken":[15],"PreservedInsect":501,"Black Star":10,"Nloth\u0027s Gift":51,"Bag of Preparation":[8],"Letter Opener":[33],"Boot":[40],"obtain_stats":[{"Lantern":10,"DaveBox":0,"Vajra":3,"REME_ChargedStone":6,"ice":0,"hubris:SlimyHat":10,"Bag of Preparation":11,"jedi:Pinwheel":4,"Sling":0,"Boot":5,"MagicDraw3":15,"PrismaMod:PrismaTraceOn":0,"SynthV:C4":3,"Nunchaku":18,"Strawberry":16,"Toolbox":7,"jedi:matchstick":12,"hubris:FunFungus":5,"Potion Belt":18,"Happy Flower":9,"PreservedInsect":0,"jedi:crownofsimplicity":1,"Letter Opener":16,"Akabeko":12,"Mercury Hourglass":4,"Calling Bell":12,"REME_HourglassOfDeath":12,"Shuriken":11,"hubris:PeanutButter":17,"Black Star":0,"Nloth\u0027s Gift":0,"Bottled Lightning":7,"REME_PuzzleBoxRelic":17,"ArrowTower":10,"GodSword3":15,"infinitespire:PuzzleCube":9,"REME_ComplimentaryCards":0},{"Lantern":5,"DaveBox":0,"Vajra":1,"REME_ChargedStone":3,"ice":0,"hubris:SlimyHat":5,"Bag of Preparation":6,"jedi:Pinwheel":2,"Sling":0,"Boot":3,"MagicDraw3":7,"PrismaMod:PrismaTraceOn":0,"SynthV:C4":1,"Nunchaku":10,"Strawberry":8,"Toolbox":3,"jedi:matchstick":6,"hubris:FunFungus":3,"Potion Belt":10,"Happy Flower":4,"PreservedInsect":0,"jedi:crownofsimplicity":0,"Letter Opener":8,"Akabeko":6,"Mercury Hourglass":2,"Calling Bell":6,"REME_HourglassOfDeath":6,"Shuriken":6,"hubris:PeanutButter":9,"Black Star":0,"Nloth\u0027s Gift":0,"Bottled Lightning":3,"REME_PuzzleBoxRelic":9,"ArrowTower":5,"GodSword3":7,"infinitespire:PuzzleCube":4,"REME_ComplimentaryCards":0},{"Lantern":13,"DaveBox":0,"Vajra":3,"REME_ChargedStone":8,"ice":0,"hubris:SlimyHat":13,"Bag of Preparation":16,"jedi:Pinwheel":6,"Sling":0,"Boot":8,"MagicDraw3":19,"PrismaMod:PrismaTraceOn":0,"SynthV:C4":3,"Nunchaku":29,"Strawberry":24,"Toolbox":8,"jedi:matchstick":16,"hubris:FunFungus":8,"Potion Belt":29,"Happy Flower":10,"PreservedInsect":0,"jedi:crownofsimplicity":0,"Letter Opener":24,"Akabeko":16,"Mercury Hourglass":6,"Calling Bell":16,"REME_HourglassOfDeath":16,"Shuriken":16,"hubris:PeanutButter":26,"Black Star":0,"Nloth\u0027s Gift":0,"Bottled Lightning":8,"REME_PuzzleBoxRelic":26,"ArrowTower":13,"GodSword3":19,"infinitespire:PuzzleCube":10,"REME_ComplimentaryCards":0}],"Mercury Hourglass":[97]},"card_choices":[],"player_experience":244643,"relics_obtained":[{"floor":3.0,"key":"Vajra"},{"floor":3.0,"key":"SynthV:C4"},{"floor":4.0,"key":"jedi:Pinwheel"},{"floor":4.0,"key":"Mercury Hourglass"},{"floor":5.0,"key":"hubris:FunFungus"},{"floor":5.0,"key":"Boot"},{"floor":9.0,"key":"Happy Flower"},{"floor":9.0,"key":"infinitespire:PuzzleCube"},{"floor":10.0,"key":"hubris:SlimyHat"},{"floor":10.0,"key":"ArrowTower"},{"floor":11.0,"key":"Shuriken"},{"floor":11.0,"key":"Bag of Preparation"},{"floor":12.0,"key":"Akabeko"},{"floor":12.0,"key":"REME_HourglassOfDeath"},{"floor":12.0,"key":"jedi:matchstick"},{"floor":15,"key":"GodSword3"},{"floor":15,"key":"MagicDraw3"},{"floor":16,"key":"Strawberry"},{"floor":16,"key":"Letter Opener"},{"floor":17,"key":"REME_PuzzleBoxRelic"},{"floor":17,"key":"hubris:PeanutButter"},{"floor":18,"key":"Potion Belt"},{"floor":18,"key":"Nunchaku"}],"event_choices":[],"is_beta":false,"boss_relics":[{"not_picked":["hubris:VirtuousBlindfold","Cursed Key"],"picked":"REME_ChargedStone"},{"not_picked":["TimeKeys","jedi:paperlyon"],"picked":"Calling Bell"}],"items_purged_floors":[7],"is_endless":false,"potions_floor_spawned":[3,5,10,17,18],"ascension_level":0}}