{"host":"zxkjcgzis4pm3za5","time":1612230607,"event":{"mods":["AchievementEnabler","Act Like it!","BaseMod","Colored Map","Colored Powertips","Friendly Minions","GifTheSpireLib","Minty Spire (QoL Compilation)","Quick Restart","Random Character Button","Relic Sorter","Relic Stats","StSLib"],"gold_per_floor":[112,112,125,50,50,50,66,66,66,83,83,83],"floor_reached":11,"language":"ENG","playtime":322,"items_purged":["Writhe"],"score":120,"play_id":"56b648a6-e47a-4be4-9cdb-1926f998d82b","local_time":"20210202072007","is_ascension_mode":true,"campfire_choices":[{"floor":6,"key":"REST"},{"data":"Prepared","floor":8,"key":"SMITH"}],"circlet_count":0,"master_deck":["AscendersBane","Strike_G","Strike_G","Strike_G","Strike_G","Strike_G","Defend_G","Defend_G","Defend_G","Defend_G","Defend_G","Survivor","Neutralize","Acrobatics","Prepared+1","Backflip+1"],"relics":["Ring of the Snake","Tingsha","Art of War","Toxic Egg 2"],"acts_visited":["Exordium"],"potions_floor_usage":[3],"damage_taken":[{"damage":13,"enemies":"Jaw Worm","floor":1,"turns":8},{"damage":0,"enemies":"Small Slimes","floor":3,"turns":4},{"damage":0,"enemies":"Cultist","floor":7,"turns":4},{"damage":17,"enemies":"Large Slime","floor":10,"turns":7},{"damage":24,"enemies":"Lagavulin","floor":11,"turns":5}],"seed_played":"-1688692528772479860","potions_obtained":[{"floor":1,"key":"DistilledChaos"}],"is_trial":false,"path_per_floor":["M","?","M","$","?","R","M","R","T","M","E"],"character_chosen":"THE_SILENT","items_purchased":[],"campfire_rested":1,"item_purchase_floors":[],"current_hp_per_floor":[46,1,1,1,6,25,25,25,25,8,0,0],"gold":83,"neow_bonus":"ONE_RARE_RELIC","is_daily":false,"chose_seed":false,"campfire_upgraded":1,"win_rate":0.0,"timestamp":1612230607,"path_taken":["M","?","M","$","?","R","?","R","T","M","E"],"items_purchased_type":[],"build_version":"2020-12-22","purchased_purges":1,"victory":false,"max_hp_per_floor":[66,66,66,66,66,66,66,66,66,66,66,66],"relic_stats":{"counters":[5,28],"Tingsha":[58],"Art of War":[3],"obtain_stats":[{"Tingsha":0,"Art of War":2,"Toxic Egg 2":9,"Ring of the Snake":0},{"Tingsha":0,"Art of War":1,"Toxic Egg 2":3,"Ring of the Snake":0},{"Tingsha":0,"Art of War":8,"Toxic Egg 2":16,"Ring of the Snake":0}],"Ring of the Snake":[10]},"card_choices":[{"not_picked":["Dodge and Roll","Quick Slash"],"picked":"Acrobatics","floor":1},{"not_picked":["Flying Knee","Acrobatics"],"picked":"Dagger Spray","floor":3},{"not_picked":["Outmaneuver","Flying Knee"],"picked":"Prepared","floor":7},{"not_picked":["Backstab","Acrobatics+1"],"picked":"Backflip+1","floor":10}],"player_experience":305649,"relics_obtained":[{"floor":9,"key":"Toxic Egg 2"}],"event_choices":[{"damage_healed":0,"gold_gain":0,"player_choice":"Success","damage_taken":45,"relics_obtained":["Art of War"],"max_hp_gain":0,"max_hp_loss":0,"event_name":"Scrap Ooze","floor":2,"gold_loss":0},{"cards_removed":["Dagger Spray"],"damage_healed":5,"gold_gain":0,"player_choice":"Offered Common","damage_taken":0,"max_hp_gain":0,"max_hp_loss":0,"event_name":"Bonfire Elementals","floor":5,"gold_loss":0},{"cards_removed":["Dagger Spray"],"damage_healed":5,"gold_gain":0,"player_choice":"Offered Special","damage_taken":0,"max_hp_gain":0,"max_hp_loss":0,"event_name":"Bonfire Elementals","floor":5,"gold_loss":0}],"is_beta":false,"boss_relics":[],"items_purged_floors":[4],"is_endless":false,"potions_floor_spawned":[1],"killed_by":"Lagavulin","ascension_level":18}}