{"host":"sc0o2qwpf9j16a4i","time":1612266031,"event":{"mods":["AchievementEnabler","BaseMod","BetterRewards","Block Reminder","Colored Map","Colored Powertips","Custom Start","Highlight Path","Minty Spire (QoL Compilation)","Relic Stats"],"gold_per_floor":[113,113,288,13,288,320,36,68,68,79,79,111,124,136,136,231,231,241,241,241,241,241,281,281,323,323,346,374,407,448,470,470,470,470],"floor_reached":33,"language":"ENG","playtime":1054,"items_purged":[],"score":421,"play_id":"863d4e9c-3b23-48fa-98a4-753e18fc2b1e","local_time":"20210202134031","daily_mods":["Heirloom","Purple Cards","Lethality"],"is_ascension_mode":false,"campfire_choices":[{"data":"True Grit","floor":11.0,"key":"SMITH"},{"data":"Heavy Blade","floor":15.0,"key":"SMITH"},{"data":"ConjureBlade","floor":24,"key":"SMITH"},{"data":"Spot Weakness","floor":32,"key":"SMITH"}],"circlet_count":0,"master_deck":["Strike_R+1","Strike_R+1","Strike_R+1","Strike_R+1","Strike_R+1","Defend_R+1","Defend_R+1","Defend_R+1","Defend_R+1","Bash","SashWhip+1","Doubt","Headbutt","Regret","True Grit+1","Heavy Blade+1","Vault+1","Rampage","Ghostly Armor","Protect","Evolve","ConjureBlade+1","CurseOfTheBell","Perseverance","Ghostly","Ghostly","Ghostly","Ghostly","Ghostly","InnerPeace","Vault","SandsOfTime+1","Spot Weakness+1","Crescendo","ThirdEye"],"relics":["Burning Blood","WingedGreaves","Mummified Hand","Calipers","Blue Candle","Gremlin Horn","Meat on the Bone","War Paint","Calling Bell","Orichalcum","Mercury Hourglass","Magic Flower","CeramicFish","Eternal Feather","Frozen Egg 2","Red Mask","MealTicket"],"acts_visited":["Exordium","TheCity"],"potions_floor_usage":[18,29,30,33],"damage_taken":[{"damage":0.0,"enemies":"Small Slimes","floor":1.0,"turns":2.0},{"damage":23.0,"enemies":"3 Sentries","floor":6.0,"turns":7.0},{"damage":11.0,"enemies":"Lagavulin","floor":8.0,"turns":6.0},{"damage":9.0,"enemies":"Jaw Worm","floor":10.0,"turns":2.0},{"damage":18.0,"enemies":"Gremlin Nob","floor":12.0,"turns":3.0},{"damage":0.0,"enemies":"2 Louse","floor":13.0,"turns":1.0},{"damage":6.0,"enemies":"Blue Slaver","floor":14.0,"turns":3.0},{"damage":36.0,"enemies":"Hexaghost","floor":16.0,"turns":8.0},{"damage":31,"enemies":"3 Byrds","floor":18,"turns":4},{"damage":8,"enemies":"Book of Stabbing","floor":23,"turns":7},{"damage":3,"enemies":"Gremlin Leader","floor":25,"turns":8},{"damage":0,"enemies":"Spheric Guardian","floor":27,"turns":3},{"damage":8,"enemies":"Centurion and Healer","floor":28,"turns":8},{"damage":36,"enemies":"Masked Bandits","floor":29,"turns":8},{"damage":2,"enemies":"Slavers","floor":30,"turns":7},{"damage":4,"enemies":"Snecko","floor":31,"turns":6},{"damage":54,"enemies":"Champ","floor":33,"turns":13}],"seed_played":"1844384288235320640","potions_obtained":[{"floor":1.0,"key":"BlessingOfTheForge"},{"floor":8.0,"key":"ColorlessPotion"},{"floor":12.0,"key":"CultistPotion"},{"floor":16.0,"key":"ElixirPotion"},{"floor":23,"key":"Regen Potion"},{"floor":29,"key":"SpeedPotion"},{"floor":31,"key":"BloodPotion"}],"is_trial":true,"path_per_floor":["M","?","?","$","?","E","$","E","T","M","R","E","M","M","R","B",null,"M","?","?","?","?","E","R","E","T","M","M","?","E","M","R","B"],"character_chosen":"IRONCLAD","items_purchased":["Mummified Hand","Headbutt","Blue Candle","Heavy Blade"],"campfire_rested":0,"item_purchase_floors":[4,4,7,7],"current_hp_per_floor":[80,64,64,64,64,47,47,42,42,51,51,51,57,57,57,39,80,58,43,43,43,42,42,42,42,42,42,42,39,42,42,42,0,0],"gold":470,"neow_bonus":"","is_daily":false,"chose_seed":false,"campfire_upgraded":4,"win_rate":0.0,"timestamp":1612266031,"path_taken":["M","?","?","$","?","E","$","E","T","?","R","E","M","?","R","BOSS","M","?","?","?","?","E","R","E","T","M","?","?","E","M","R","BOSS"],"items_purchased_type":["Relic","Card","Relic","Card"],"build_version":"2020-12-22","purchased_purges":0,"victory":false,"max_hp_per_floor":[80,80,80,80,80,80,80,80,80,80,80,80,80,80,80,80,80,80,85,85,85,42,42,42,42,42,42,42,42,42,42,42,42,42],"relic_stats":{"Gremlin Horn":[13,13],"counters":[17,96],"Blue Candle":[22],"CeramicFish":54,"Magic Flower":[23],"Eternal Feather":0,"War Paint":["Vault","Defend_R"],"Orichalcum":[246],"Burning Blood":88,"Mercury Hourglass":[262],"Mummified Hand":[9],"MealTicket":0,"obtain_stats":[{"Calipers":6,"Gremlin Horn":8,"Blue Candle":7,"CeramicFish":23,"Magic Flower":17,"Eternal Feather":25,"War Paint":12,"Orichalcum":17,"Frozen Egg 2":26,"Burning Blood":0,"Mercury Hourglass":17,"Calling Bell":17,"Mummified Hand":4,"MealTicket":30,"WingedGreaves":0,"Red Mask":29,"Meat on the Bone":9},{"Calipers":2,"Gremlin Horn":3,"Blue Candle":2,"CeramicFish":10,"Magic Flower":8,"Eternal Feather":11,"War Paint":5,"Orichalcum":8,"Frozen Egg 2":11,"Burning Blood":0,"Mercury Hourglass":8,"Calling Bell":8,"Mummified Hand":1,"MealTicket":15,"WingedGreaves":0,"Red Mask":14,"Meat on the Bone":3},{"Calipers":9,"Gremlin Horn":15,"Blue Candle":9,"CeramicFish":43,"Magic Flower":32,"Eternal Feather":51,"War Paint":20,"Orichalcum":32,"Frozen Egg 2":51,"Burning Blood":0,"Mercury Hourglass":32,"Calling Bell":32,"Mummified Hand":2,"MealTicket":77,"WingedGreaves":0,"Red Mask":70,"Meat on the Bone":15}],"Meat on the Bone":36},"card_choices":[{"not_picked":["WheelKick","Clash"],"picked":"SashWhip","floor":1.0},{"not_picked":["Pummel","Perfected Strike"],"picked":"True Grit","floor":6.0},{"not_picked":["Hemokinesis","Thunderclap"],"picked":"Vault","floor":8.0},{"not_picked":["Halt","FlurryOfBlows"],"picked":"Rampage","floor":10.0},{"not_picked":["Sever Soul","Dropkick"],"picked":"Ghostly Armor","floor":12.0},{"not_picked":["Shrug It Off","ReachHeaven"],"picked":"Protect","floor":13.0},{"not_picked":["Wild Strike","Dual Wield"],"picked":"Evolve","floor":14.0},{"not_picked":["Alpha","Establishment"],"picked":"ConjureBlade","floor":16.0},{"not_picked":["EmptyFist+1","Ghostly Armor"],"picked":"Perseverance","floor":18},{"not_picked":["Bloodletting","Iron Wave+1"],"picked":"InnerPeace","floor":23},{"not_picked":["Indignation","Inflame"],"picked":"Vault","floor":25},{"not_picked":["Sanctity","Twin Strike"],"picked":"SandsOfTime+1","floor":27},{"not_picked":["ClearTheMind+1","Consecrate+1"],"picked":"Spot Weakness","floor":28},{"not_picked":["True Grit","CutThroughFate"],"picked":"Crescendo","floor":30},{"not_picked":["Iron Wave","True Grit"],"picked":"ThirdEye","floor":31}],"player_experience":1131685,"relics_obtained":[{"floor":6.0,"key":"Calipers"},{"floor":8.0,"key":"Gremlin Horn"},{"floor":9.0,"key":"Meat on the Bone"},{"floor":12.0,"key":"War Paint"},{"floor":17,"key":"Orichalcum"},{"floor":17,"key":"Mercury Hourglass"},{"floor":17,"key":"Magic Flower"},{"floor":23,"key":"CeramicFish"},{"floor":25,"key":"Eternal Feather"},{"floor":26,"key":"Frozen Egg 2"},{"floor":29,"key":"Red Mask"},{"floor":30,"key":"MealTicket"}],"event_choices":[{"damage_healed":0.0,"max_hp_gain":0.0,"max_hp_loss":0.0,"gold_gain":0.0,"event_name":"Shining Light","player_choice":"Entered Light","floor":2.0,"gold_loss":0.0,"damage_taken":16.0,"cards_upgraded":["Defend_R","SashWhip"]},{"damage_healed":0.0,"max_hp_gain":0.0,"max_hp_loss":0.0,"gold_gain":175.0,"event_name":"Liars Game","player_choice":"AGREE","floor":3.0,"gold_loss":0.0,"damage_taken":0.0,"cards_obtained":["Doubt"]},{"damage_healed":0.0,"max_hp_gain":0.0,"max_hp_loss":0.0,"gold_gain":275.0,"event_name":"Golden Shrine","player_choice":"Desecrate","floor":5.0,"gold_loss":0.0,"damage_taken":0.0,"cards_obtained":["Regret"]},{"damage_healed":0,"gold_gain":0,"player_choice":"Shed Blood","damage_taken":20,"max_hp_gain":5,"max_hp_loss":0,"event_name":"Forgotten Altar","floor":19,"gold_loss":0},{"damage_healed":0,"gold_gain":0,"player_choice":"Simplicity","damage_taken":0,"max_hp_gain":0,"max_hp_loss":0,"event_name":"Back to Basics","floor":20,"gold_loss":0,"cards_upgraded":["Strike_R","Strike_R","Strike_R","Strike_R","Strike_R","Defend_R","Defend_R"]},{"damage_healed":0,"gold_gain":0,"player_choice":"Ignored","damage_taken":0,"max_hp_gain":0,"max_hp_loss":0,"event_name":"Beggar","floor":21,"gold_loss":0},{"damage_healed":0,"gold_gain":0,"player_choice":"Became a Ghost","damage_taken":0,"max_hp_gain":0,"max_hp_loss":43,"event_name":"Ghosts","floor":22,"gold_loss":0,"cards_obtained":["Ghostly","Ghostly","Ghostly","Ghostly","Ghostly"]},{"damage_healed":0,"gold_gain":0,"player_choice":"Fought Bandits","damage_taken":0,"max_hp_gain":0,"max_hp_loss":0,"event_name":"Masked Bandits","floor":29,"gold_loss":0}],"is_beta":false,"boss_relics":[{"not_picked":["Mark of Pain","Velvet Choker"],"picked":"Calling Bell"}],"items_purged_floors":[],"is_endless":false,"potions_floor_spawned":[1,8,12,16,23,29,31],"killed_by":"Champ","ascension_level":0}}