{"host":"n43wxkei7kulhi8o","time":1612291136,"event":{"mods":["AchievementEnabler","BaseMod","Bestiary","Block Reminder","Colored Map","Colored Powertips","Curses Come First","Custom Start","Dark Map","Highlight Path","Minty Spire (QoL Compilation)","Quick Restart","Relic Stats","StSLib"],"gold_per_floor":[109,109,109,126,138,138,168,183,232,232,258,296,371,391,391,391,391],"floor_reached":16,"language":"ENG","playtime":526,"items_purged":[],"score":100,"play_id":"4040d7cc-7e06-4b25-ba6e-ea199b514007","local_time":"20210202133856","is_ascension_mode":false,"campfire_choices":[{"floor":6,"key":"REST"},{"floor":15,"key":"REST"}],"circlet_count":0,"master_deck":["Strike_B","Strike_B","Strike_B","Strike_B","Defend_B","Defend_B","Defend_B+1","Defend_B","Zap","Dualcast","Sweeping Beam","Capacitor","Auto Shields+1","Melter"],"relics":["Fusion Hammer","Odd Mushroom","CeramicFish","Juzu Bracelet","DataDisk","War Paint"],"acts_visited":[],"potions_floor_usage":[],"damage_taken":[{"damage":0.0,"enemies":"Cultist","floor":1.0,"turns":4.0},{"damage":4,"enemies":"2 Louse","floor":4,"turns":2},{"damage":0,"enemies":"Small Slimes","floor":5,"turns":3},{"damage":21,"enemies":"The Mushroom Lair","floor":7,"turns":4},{"damage":4,"enemies":"2 Fungi Beasts","floor":8,"turns":4},{"damage":21,"enemies":"3 Sentries","floor":12,"turns":7},{"damage":0,"enemies":"Exordium Wildlife","floor":14,"turns":2},{"damage":36,"enemies":"The Guardian","floor":16,"turns":11}],"seed_played":"6370528933716577767","potions_obtained":[{"floor":7,"key":"Ancient Potion"},{"floor":8,"key":"ColorlessPotion"},{"floor":14,"key":"Energy Potion"}],"is_trial":false,"path_per_floor":["M","?","?","M","M","R","?","M","T","?","T","E","?","M","R","B"],"character_chosen":"DEFECT","items_purchased":[],"campfire_rested":2,"item_purchase_floors":[],"current_hp_per_floor":[75,75,75,71,71,75,54,50,50,43,43,22,11,11,33,0,0],"gold":391,"neow_bonus":"BOSS_RELIC","is_daily":false,"chose_seed":false,"campfire_upgraded":0,"win_rate":0.0,"timestamp":1612291136,"path_taken":["M","?","?","M","M","R","?","M","T","?","?","E","?","M","R","BOSS"],"items_purchased_type":[],"build_version":"2020-12-22","purchased_purges":0,"victory":false,"max_hp_per_floor":[75,75,75,75,75,75,75,75,75,75,75,75,75,75,75,75,75],"relic_stats":{"counters":[8,37],"CeramicFish":9,"Juzu Bracelet":0,"War Paint":["Auto Shields","Defend_B"],"obtain_stats":[{"DataDisk":11,"CeramicFish":9,"Fusion Hammer":0,"Juzu Bracelet":10,"Odd Mushroom":7,"War Paint":12,"Cracked Core":0},{"DataDisk":5,"CeramicFish":5,"Fusion Hammer":0,"Juzu Bracelet":5,"Odd Mushroom":4,"War Paint":6,"Cracked Core":0},{"DataDisk":17,"CeramicFish":17,"Fusion Hammer":0,"Juzu Bracelet":17,"Odd Mushroom":13,"War Paint":24,"Cracked Core":0}]},"card_choices":[{"not_picked":["Barrage","Streamline"],"picked":"Sweeping Beam","floor":1},{"not_picked":["Rebound","Compile Driver"],"picked":"Capacitor","floor":4},{"not_picked":["Storm","Sunder","Redo"],"picked":"SKIP","floor":5},{"not_picked":["Go for the Eyes","Compile Driver"],"picked":"Auto Shields","floor":7},{"not_picked":["Stack","Steam Power","Redo"],"picked":"SKIP","floor":8},{"not_picked":["Leap","Fusion"],"picked":"Melter","floor":12},{"not_picked":["Turbo","Rebound","Barrage"],"picked":"SKIP","floor":14}],"player_experience":666297,"relics_obtained":[{"floor":7,"key":"Odd Mushroom"},{"floor":9,"key":"CeramicFish"},{"floor":11,"key":"DataDisk"},{"floor":12,"key":"War Paint"}],"event_choices":[{"damage_healed":0,"gold_gain":0,"player_choice":"Ignored","damage_taken":0,"max_hp_gain":0,"max_hp_loss":0,"event_name":"Golden Wing","floor":2,"gold_loss":0},{"damage_healed":0,"gold_gain":0,"player_choice":"Leave","damage_taken":0,"max_hp_gain":0,"max_hp_loss":0,"event_name":"The Cleric","floor":3,"gold_loss":0},{"damage_healed":0,"gold_gain":0,"player_choice":"Fought Mushrooms","damage_taken":0,"max_hp_gain":0,"max_hp_loss":0,"event_name":"Mushrooms","floor":7,"gold_loss":0},{"damage_healed":0,"gold_gain":0,"player_choice":"Success","damage_taken":7,"relics_obtained":["Juzu Bracelet"],"max_hp_gain":0,"max_hp_loss":0,"event_name":"Scrap Ooze","floor":10,"gold_loss":0},{"damage_healed":0,"gold_gain":75,"player_choice":"Gather Gold","damage_taken":11,"max_hp_gain":0,"max_hp_loss":0,"event_name":"World of Goop","floor":13,"gold_loss":0}],"is_beta":false,"boss_relics":[],"items_purged_floors":[],"is_endless":false,"potions_floor_spawned":[7,8,14],"killed_by":"The Guardian","ascension_level":0}}