{"host":"fuszjwm6fqgjjp4d","time":1612253989,"event":{"mods":["BaseMod","Bestiary","Colored Map","DeckTracker","Minty Spire (QoL Compilation)","Permanent Neow","Relic Sorter","Relic Stats","StSLib"],"gold_per_floor":[18,18,18,33,51,51,91,166,242,25,25,44,75,98,98,98,98],"floor_reached":16,"language":"ENG","playtime":392,"items_purged":["Strike_B"],"score":220,"play_id":"de821a7a-8751-4d21-a34e-c71b998ef840","local_time":"20210202021949","is_ascension_mode":true,"campfire_choices":[{"data":"Creative AI","floor":6,"key":"SMITH"},{"floor":11,"key":"REST"},{"data":"Biased Cognition","floor":15,"key":"SMITH"}],"circlet_count":0,"master_deck":["AscendersBane","Strike_B","Strike_B","Defend_B","Defend_B","Defend_B","Defend_B","Zap","Dualcast","Creative AI+1","Force Field","Conserve Battery","Biased Cognition+1","BootSequence","Electrodynamics"],"relics":["Cracked Core","Golden Idol","Bronze Scales","Bottled Tornado","CeramicFish"],"acts_visited":["Exordium"],"potions_floor_usage":[],"damage_taken":[{"damage":15,"enemies":"Small Slimes","floor":1,"turns":4},{"damage":16,"enemies":"Cultist","floor":4,"turns":6},{"damage":2,"enemies":"Jaw Worm","floor":5,"turns":4},{"damage":10,"enemies":"Lagavulin","floor":7,"turns":7},{"damage":4,"enemies":"Looter","floor":12,"turns":3},{"damage":8,"enemies":"3 Sentries","floor":13,"turns":4},{"damage":3,"enemies":"Exordium Wildlife","floor":14,"turns":3},{"damage":15,"enemies":"Hexaghost","floor":16,"turns":7}],"seed_played":"-4789707067108554962","potions_obtained":[{"floor":7,"key":"PotionOfCapacity"}],"is_trial":false,"path_per_floor":["M","?","?","M","M","R","E","?","T","$","R","M","E","M","R","B"],"character_chosen":"DEFECT","items_purchased":["BootSequence","Fire Potion"],"campfire_rested":1,"item_purchase_floors":[10,10],"current_hp_per_floor":[49,49,49,33,31,31,21,10,10,10,29,25,17,14,14,0,0],"gold":98,"neow_bonus":"THREE_RARE_CARDS","is_daily":false,"chose_seed":false,"campfire_upgraded":2,"win_rate":0.0,"timestamp":1612253989,"path_taken":["M","?","?","?","M","R","E","?","T","$","R","M","E","M","R","BOSS"],"items_purchased_type":["Card","Potion"],"build_version":"2020-12-22","purchased_purges":1,"victory":false,"max_hp_per_floor":[71,64,64,64,64,64,64,64,64,64,64,64,64,64,64,64,64],"relic_stats":{"counters":[8,38],"Golden Idol":28,"Bronze Scales":[57],"CeramicFish":9,"obtain_stats":[{"Golden Idol":2,"Bronze Scales":7,"CeramicFish":13,"Bottled Tornado":9,"Cracked Core":0},{"Golden Idol":1,"Bronze Scales":4,"CeramicFish":6,"Bottled Tornado":4,"Cracked Core":0},{"Golden Idol":4,"Bronze Scales":21,"CeramicFish":28,"Bottled Tornado":21,"Cracked Core":0}]},"card_choices":[{"not_picked":["Buffer","Hyperbeam"],"picked":"Creative AI","floor":0},{"not_picked":["Leap","Rebound"],"picked":"Force Field","floor":1},{"not_picked":["Barrage","Steam Power"],"picked":"Conserve Battery","floor":4},{"not_picked":["Cold Snap","Hologram","Scrape"],"picked":"SKIP","floor":5},{"not_picked":["Steam","Coolheaded"],"picked":"Biased Cognition","floor":7},{"not_picked":["Rebound","Go for the Eyes","Genetic Algorithm"],"picked":"SKIP","floor":12},{"not_picked":["Cold Snap","Double Energy","Chaos"],"picked":"SKIP","floor":13},{"not_picked":["FTL","Conserve Battery"],"picked":"Electrodynamics","floor":14}],"player_experience":1424832,"relics_obtained":[{"floor":7,"key":"Bronze Scales"},{"floor":9,"key":"Bottled Tornado"},{"floor":13,"key":"CeramicFish"}],"event_choices":[{"damage_healed":0,"gold_gain":0,"player_choice":"Lose Max HP","damage_taken":0,"relics_obtained":["Golden Idol"],"max_hp_gain":0,"max_hp_loss":7,"event_name":"Golden Idol","floor":2,"gold_loss":0},{"cards_removed":["Strike_B"],"damage_healed":0,"gold_gain":0,"player_choice":"Offered Basic","damage_taken":0,"max_hp_gain":0,"max_hp_loss":0,"event_name":"Bonfire Elementals","floor":3,"gold_loss":0},{"damage_healed":0,"gold_gain":75,"player_choice":"Gather Gold","damage_taken":11,"max_hp_gain":0,"max_hp_loss":0,"event_name":"World of Goop","floor":8,"gold_loss":0}],"is_beta":false,"boss_relics":[],"items_purged_floors":[10],"is_endless":false,"potions_floor_spawned":[7,12,13],"killed_by":"Hexaghost","ascension_level":20}}