{"host":"uy3vg6glkp8m6iit","time":1612278611,"event":{"mods":["AchievementEnabler","BaseMod","Colored Map","DeckTracker","Highlight Path","Keyboard Shortcuts","Minty Spire (QoL Compilation)","Quick Restart","Random Character Button","Rare Cards Sparkle","Relic Stats","StSLib","everything is the same but u backflip on backflip"],"gold_per_floor":[112,37,48,58,58,58,58,58,58,58,58,58,28,43,43,120,120,137,150,50,100,120,120,131,131,208,208,208,263,14,32,32,107,107,125,136,136,11,34,48,60,60,111,111,137,188,200,230,230,230,230,230,24,50,50],"floor_reached":56,"language":"KOR","playtime":2524,"items_purged":["Strike_G","Well Laid Plans+1","Defend_G","Strike_G"],"score":1997,"play_id":"c4674086-4626-42fd-a662-96291535e620","local_time":"20210203001011","is_ascension_mode":true,"campfire_choices":[{"data":"Deadly Poison","floor":6.0,"key":"SMITH"},{"floor":8.0,"key":"REST"},{"data":"Well Laid Plans","floor":10.0,"key":"SMITH"},{"data":"Neutralize","floor":12.0,"key":"SMITH"},{"data":"Acrobatics","floor":15.0,"key":"SMITH"},{"data":"Tools of the Trade","floor":23.0,"key":"SMITH"},{"data":"Venomology","floor":25.0,"key":"SMITH"},{"data":"Calculated Gamble","floor":32.0,"key":"SMITH"},{"data":"Calculated Gamble","floor":42.0,"key":"SMITH"},{"floor":44.0,"key":"RECALL"},{"data":"Tactician","floor":49.0,"key":"SMITH"},{"data":"Prepared","floor":52,"key":"SMITH"}],"circlet_count":0,"master_deck":["AscendersBane","Strike_G+1","Defend_G","Defend_G","Defend_G","Defend_G","Survivor+1","Neutralize+1","Grand Finale","Dagger Throw","Deadly Poison+1","PiercingWail","Grand Finale","Acrobatics+1","Tools of the Trade+1","Backflip","Venomology+1","Leg Sweep","Calculated Gamble+1","After Image","Reflex","After Image","Calculated Gamble+1","Prepared+1","Prepared+1","Tactician+1","PiercingWail"],"relics":["Ring of the Snake","Prayer Wheel","Runic Pyramid","Oddly Smooth Stone","Frozen Eye","SlaversCollar","Pen Nib","Toy Ornithopter","Anchor","StoneCalendar","Mango","Unceasing Top","StrikeDummy"],"acts_visited":["Exordium","TheCity","TheBeyond","TheEnding"],"potions_floor_usage":[55,55],"damage_taken":[{"damage":5.0,"enemies":"Cultist","floor":1.0,"turns":5.0},{"damage":7.0,"enemies":"Jaw Worm","floor":3.0,"turns":7.0},{"damage":3.0,"enemies":"Small Slimes","floor":4.0,"turns":4.0},{"damage":1.0,"enemies":"Looter","floor":13.0,"turns":4.0},{"damage":0.0,"enemies":"2 Fungi Beasts","floor":14.0,"turns":5.0},{"damage":19.0,"enemies":"Hexaghost","floor":16.0,"turns":7.0},{"damage":7.0,"enemies":"3 Byrds","floor":18.0,"turns":5.0},{"damage":7.0,"enemies":"Shell Parasite","floor":19.0,"turns":3.0},{"damage":0.0,"enemies":"Snake Plant","floor":22.0,"turns":2.0},{"damage":0.0,"enemies":"Snecko","floor":24.0,"turns":3.0},{"damage":2.0,"enemies":"Centurion and Healer","floor":31.0,"turns":3.0},{"damage":13.0,"enemies":"Collector","floor":33.0,"turns":6.0},{"damage":0.0,"enemies":"3 Shapes","floor":35.0,"turns":7.0},{"damage":0.0,"enemies":"3 Darklings","floor":36.0,"turns":2.0},{"damage":16.0,"enemies":"Spire Growth","floor":40.0,"turns":5.0},{"damage":6.0,"enemies":"Maw","floor":41.0,"turns":8.0},{"damage":0.0,"enemies":"Nemesis","floor":45.0,"turns":5.0},{"damage":0.0,"enemies":"2 Orb Walkers","floor":46.0,"turns":3.0},{"damage":2.0,"enemies":"Writhing Mass","floor":47.0,"turns":4.0},{"damage":0.0,"enemies":"Reptomancer","floor":48.0,"turns":5.0},{"damage":8,"enemies":"Time Eater","floor":50,"turns":7},{"damage":2,"enemies":"Shield and Spear","floor":54,"turns":4},{"damage":65,"enemies":"The Heart","floor":55,"turns":10}],"seed_played":"8569203689865580281","potions_obtained":[{"floor":3.0,"key":"FearPotion"},{"floor":4.0,"key":"LiquidMemories"},{"floor":33.0,"key":"Explosive Potion"},{"floor":41.0,"key":"LiquidMemories"},{"floor":54,"key":"PowerPotion"}],"is_trial":false,"path_per_floor":["M","$","M","M","?","R","?","R","T","R","?","R","M","M","R","B",null,"M","M","$","?","M","R","M","R","T","?","?","T","$","M","R","B",null,"M","M","?","$","T","M","M","R","T","R","E","?","M","E","R","B",null,"R","$","E","B",null],"character_chosen":"THE_SILENT","items_purchased":["Calculated Gamble","Frozen Eye","Swift Potion"],"campfire_rested":1,"item_purchase_floors":[30,30,53],"current_hp_per_floor":[54,54,47,44,44,44,26,44,44,44,44,44,43,43,43,24,51,44,37,37,37,37,37,37,37,37,37,37,37,37,35,35,22,51,51,51,51,51,51,40,39,39,39,39,44,63,66,74,74,66,72,72,72,70,14],"gold":50,"neow_bonus":"THREE_RARE_CARDS","is_daily":false,"chose_seed":false,"campfire_upgraded":10,"win_rate":0.0,"timestamp":1612278611,"path_taken":["M","$","?","M","?","R","?","R","T","R","?","R","M","M","R","BOSS","M","M","$","?","M","R","M","R","T","?","?","?","$","M","R","BOSS","M","?","?","$","?","M","M","R","T","R","E","?","M","E","R","BOSS","R","$","E","BOSS"],"items_purchased_type":["Card","Relic","Potion"],"build_version":"2020-12-22","purchased_purges":4,"victory":true,"max_hp_per_floor":[60,60,60,60,60,60,60,60,60,60,60,60,60,60,60,60,60,60,60,60,60,60,60,60,60,60,60,60,60,60,60,60,60,60,60,60,60,60,60,60,60,60,60,60,60,74,74,74,74,74,74,74,74,74,74],"relic_stats":{"counters":[23,114],"Prayer Wheel":12,"StoneCalendar":[83],"Pen Nib":[8],"obtain_stats":[{"Oddly Smooth Stone":29,"StoneCalendar":45,"Mango":46,"Pen Nib":37,"Frozen Eye":30,"SlaversCollar":34,"Anchor":43,"Prayer Wheel":9,"StrikeDummy":54,"Toy Ornithopter":39,"Unceasing Top":48,"Ring of the Snake":0,"Runic Pyramid":17},{"Oddly Smooth Stone":10,"StoneCalendar":17,"Mango":18,"Pen Nib":14,"Frozen Eye":10,"SlaversCollar":12,"Anchor":16,"Prayer Wheel":3,"StrikeDummy":22,"Toy Ornithopter":14,"Unceasing Top":20,"Ring of the Snake":0,"Runic Pyramid":6},{"Oddly Smooth Stone":45,"StoneCalendar":81,"Mango":84,"Pen Nib":63,"Frozen Eye":45,"SlaversCollar":54,"Anchor":76,"Prayer Wheel":16,"StrikeDummy":104,"Toy Ornithopter":63,"Unceasing Top":93,"Ring of the Snake":0,"Runic Pyramid":32}],"Toy Ornithopter":42,"Unceasing Top":[0],"Ring of the Snake":[46]},"card_choices":[{"not_picked":["Burst","Adrenaline"],"picked":"Grand Finale","floor":0.0},{"not_picked":["Bane","PiercingWail"],"picked":"Dagger Throw","floor":1.0},{"not_picked":["Prepared","Endless Agony"],"picked":"Well Laid Plans","floor":3.0},{"not_picked":["Dagger Throw","Deflect"],"picked":"Deadly Poison","floor":4.0},{"not_picked":["Dodge and Roll","Quick Slash"],"picked":"PiercingWail","floor":13.0},{"not_picked":["Finisher","Endless Agony","Dagger Throw"],"picked":"SKIP","floor":13.0},{"not_picked":["Deadly Poison","Blade Dance"],"picked":"Grand Finale","floor":14.0},{"not_picked":["Caltrops","Dagger Spray"],"picked":"Acrobatics","floor":14.0},{"not_picked":["Venomology","Unload"],"picked":"Tools of the Trade","floor":16.0},{"not_picked":["Sucker Punch","Dagger Throw","Footwork"],"picked":"SKIP","floor":18.0},{"not_picked":["Terror","Blur","Slice"],"picked":"SKIP","floor":18.0},{"not_picked":["Expertise","Acrobatics"],"picked":"Backflip","floor":19.0},{"not_picked":["Crippling Poison","Riddle With Holes+1","Sucker Punch"],"picked":"SKIP","floor":19.0},{"not_picked":["Quick Slash","Bouncing Flask"],"picked":"Venomology","floor":22.0},{"not_picked":["Noxious Fumes","PiercingWail","Skewer"],"picked":"SKIP","floor":22.0},{"not_picked":["Dash","Outmaneuver"],"picked":"Leg Sweep","floor":24.0},{"not_picked":["Dagger Spray","Bane","Skewer+1"],"picked":"SKIP","floor":24.0},{"not_picked":["Dagger Spray","Bane","Skewer+1"],"picked":"SKIP","floor":24.0},{"not_picked":["Infinite Blades","Cloak And Dagger+1","Caltrops+1"],"picked":"SKIP","floor":31.0},{"not_picked":["Backstab","Setup","Sucker Punch"],"picked":"SKIP","floor":31.0},{"not_picked":["Burst","A Thousand Cuts"],"picked":"After Image","floor":33.0},{"not_picked":["Leg Sweep","Bane+1","Underhanded Strike"],"picked":"SKIP","floor":35.0},{"not_picked":["Finisher+1","Flying Knee","Masterful Stab"],"picked":"SKIP","floor":35.0},{"not_picked":["Skewer","Blade Dance"],"picked":"Reflex","floor":36.0},{"not_picked":["Acrobatics+1","All Out Attack"],"picked":"After Image","floor":36.0},{"not_picked":["Bouncing Flask","Quick Slash"],"picked":"Calculated Gamble","floor":40.0},{"not_picked":["Prepared","Dagger Spray","Dodge and Roll"],"picked":"SKIP","floor":40.0},{"not_picked":["Dagger Spray","Dodge and Roll"],"picked":"Prepared","floor":40.0},{"not_picked":["Flechettes","Phantasmal Killer"],"picked":"Prepared+1","floor":41.0},{"not_picked":["Deadly Poison+1","Deflect+1","Endless Agony+1"],"picked":"SKIP","floor":41.0},{"not_picked":["Flying Knee","Distraction"],"picked":"Tactician","floor":45.0},{"not_picked":["Dagger Spray+1","Setup","Bouncing Flask"],"picked":"SKIP","floor":47.0},{"not_picked":["Prepared+1","Backstab+1","Well Laid Plans"],"picked":"SKIP","floor":47.0},{"not_picked":["Finisher","Tools of the Trade","Flying Knee+1"],"picked":"SKIP","floor":48.0},{"not_picked":["Quick Slash","Backflip"],"picked":"PiercingWail","floor":54}],"player_experience":1501865,"relics_obtained":[{"floor":9.0,"key":"Prayer Wheel"},{"floor":29.0,"key":"Oddly Smooth Stone"},{"floor":37.0,"key":"Pen Nib"},{"floor":39.0,"key":"Toy Ornithopter"},{"floor":43.0,"key":"Anchor"},{"floor":45.0,"key":"StoneCalendar"},{"floor":46.0,"key":"Mango"},{"floor":48.0,"key":"Unceasing Top"},{"floor":54,"key":"StrikeDummy"}],"event_choices":[{"cards_removed":["Strike_G"],"damage_healed":0.0,"max_hp_gain":0.0,"max_hp_loss":0.0,"gold_gain":0.0,"event_name":"Living Wall","player_choice":"Forget","floor":5.0,"gold_loss":0.0,"damage_taken":0.0},{"damage_healed":0.0,"max_hp_gain":0.0,"max_hp_loss":0.0,"gold_gain":0.0,"event_name":"Shining Light","player_choice":"Entered Light","floor":7.0,"gold_loss":0.0,"damage_taken":18.0,"cards_upgraded":["Survivor","Strike_G"]},{"damage_healed":0.0,"max_hp_gain":0.0,"max_hp_loss":0.0,"gold_gain":0.0,"event_name":"Liars Game","player_choice":"Ignored","floor":11.0,"gold_loss":0.0,"damage_taken":0.0},{"damage_healed":0.0,"max_hp_gain":0.0,"max_hp_loss":0.0,"gold_gain":50.0,"event_name":"Nest","player_choice":"Stole From Cult","floor":21.0,"gold_loss":0.0,"damage_taken":0.0},{"cards_removed":["Strike_G"],"damage_healed":0.0,"max_hp_gain":0.0,"max_hp_loss":0.0,"gold_gain":0.0,"event_name":"Back to Basics","player_choice":"Elegance","floor":27.0,"gold_loss":0.0,"damage_taken":0.0},{"damage_healed":0.0,"max_hp_gain":0.0,"max_hp_loss":0.0,"gold_gain":0.0,"event_name":"Vampires","player_choice":"Ignored","floor":28.0,"gold_loss":0.0,"damage_taken":0.0},{"damage_healed":0.0,"max_hp_gain":0.0,"max_hp_loss":0.0,"gold_gain":0.0,"event_name":"Wheel of Change","player_choice":"Relic","floor":37.0,"gold_loss":0.0,"damage_taken":0.0},{"damage_healed":0.0,"max_hp_gain":0.0,"max_hp_loss":0.0,"gold_gain":0.0,"event_name":"Mysterious Sphere","player_choice":"Fight","floor":46.0,"gold_loss":0.0,"damage_taken":0.0}],"is_beta":false,"boss_relics":[{"not_picked":["Fusion Hammer","Empty Cage"],"picked":"Runic Pyramid"},{"not_picked":["Coffee Dripper","Busted Crown"],"picked":"SlaversCollar"}],"items_purged_floors":[2,20,38,53],"is_endless":false,"potions_floor_spawned":[3,4,14,16,22,33,41,45,46,54],"ascension_level":16}}