{"host":"d52brwsy6af8zvaq","time":1612309308,"event":{"mods":["AchievementEnabler","BaseMod","Bestiary","Highlight Path","Minty Spire (QoL Compilation)","Quick Restart","Relic Stats","ojb\u0027s Better Paths Mod"],"gold_per_floor":[113,130,130,147,147,147,178,178,178,178,178,189,207,232,232,232,232],"floor_reached":16,"language":"ENG","playtime":537,"items_purged":[],"score":245,"play_id":"d7877cc9-e645-455c-90ac-e41dd59b89f5","local_time":"20210202164148","is_ascension_mode":true,"campfire_choices":[{"data":"Deadly Poison","floor":6.0,"key":"SMITH"},{"data":"Dagger Spray","floor":8.0,"key":"SMITH"},{"floor":15,"key":"REST"}],"circlet_count":0,"master_deck":["AscendersBane","Strike_G","Strike_G","Strike_G","Strike_G","Defend_G","Defend_G","Defend_G","Defend_G","Defend_G","Survivor","Neutralize","Deadly Poison+1","Sucker Punch","Catalyst+1","Dagger Spray+1","Prepared","Blade Dance","Footwork"],"relics":["Ring of the Snake","Lizard Tail","Pantograph","Mango","MealTicket"],"acts_visited":["Exordium"],"potions_floor_usage":[14],"damage_taken":[{"damage":11.0,"enemies":"Jaw Worm","floor":1.0,"turns":7.0},{"damage":4.0,"enemies":"Small Slimes","floor":2.0,"turns":5.0},{"damage":1.0,"enemies":"Cultist","floor":4.0,"turns":4.0},{"damage":12.0,"enemies":"Lagavulin","floor":7.0,"turns":7.0},{"damage":10.0,"enemies":"Large Slime","floor":12.0,"turns":7.0},{"damage":4,"enemies":"Exordium Wildlife","floor":13,"turns":3},{"damage":12,"enemies":"3 Sentries","floor":14,"turns":7},{"damage":121,"enemies":"Slime Boss","floor":16,"turns":10}],"seed_played":"-8089019007684911085","potions_obtained":[{"floor":2.0,"key":"AttackPotion"},{"floor":4.0,"key":"Ancient Potion"}],"is_trial":false,"path_per_floor":["M","M","?","M","?","R","E","R","T","?","?","M","M","E","R","B"],"character_chosen":"THE_SILENT","items_purchased":[],"campfire_rested":1,"item_purchase_floors":[],"current_hp_per_floor":[54,50,50,49,49,49,37,37,37,46,46,36,32,20,45,0,0],"gold":232,"neow_bonus":"TEN_PERCENT_HP_BONUS","is_daily":false,"chose_seed":false,"campfire_upgraded":2,"win_rate":0.0,"timestamp":1612309308,"path_taken":["M","M","?","M","?","R","E","R","T","?","?","?","M","E","R","BOSS"],"items_purchased_type":[],"build_version":"2020-12-22","purchased_purges":0,"victory":false,"max_hp_per_floor":[72,72,72,72,72,72,72,72,72,86,86,86,86,86,86,86,86],"relic_stats":{"Lizard Tail":43,"counters":[8,50],"Pantograph":25,"MealTicket":0,"obtain_stats":[{"Lizard Tail":7,"Pantograph":9,"Mango":10,"MealTicket":14,"Ring of the Snake":0},{"Lizard Tail":4,"Pantograph":4,"Mango":4,"MealTicket":7,"Ring of the Snake":0},{"Lizard Tail":23,"Pantograph":23,"Mango":23,"MealTicket":40,"Ring of the Snake":0}],"Ring of the Snake":[16]},"card_choices":[{"not_picked":["Deflect","Outmaneuver"],"picked":"Deadly Poison","floor":1.0},{"not_picked":["Riddle With Holes","Dagger Throw"],"picked":"Sucker Punch","floor":2.0},{"not_picked":["Poisoned Stab","Dagger Throw"],"picked":"Catalyst","floor":4.0},{"not_picked":["Unload","Endless Agony"],"picked":"Dagger Spray","floor":7.0},{"not_picked":["Acrobatics","Setup"],"picked":"Blade Dance","floor":12.0},{"not_picked":["Blade Dance","Dagger Spray","Deflect"],"picked":"SKIP","floor":13},{"not_picked":["Tactician","Blade Dance"],"picked":"Footwork","floor":14}],"player_experience":2132497,"relics_obtained":[{"floor":7.0,"key":"Lizard Tail"},{"floor":9.0,"key":"Pantograph"},{"floor":14,"key":"MealTicket"}],"event_choices":[{"damage_healed":0.0,"max_hp_gain":0.0,"max_hp_loss":0.0,"gold_gain":0.0,"event_name":"Golden Wing","player_choice":"Ignored","floor":3.0,"gold_loss":0.0,"damage_taken":0.0},{"damage_healed":0.0,"max_hp_gain":0.0,"max_hp_loss":0.0,"gold_gain":0.0,"event_name":"Living Wall","player_choice":"Grow","floor":5.0,"gold_loss":0.0,"damage_taken":0.0,"cards_upgraded":["Catalyst"]},{"damage_healed":0.0,"max_hp_gain":0.0,"max_hp_loss":0.0,"gold_gain":0.0,"event_name":"Scrap Ooze","player_choice":"Success","floor":10.0,"gold_loss":0.0,"damage_taken":5.0,"relics_obtained":["Mango"]},{"damage_healed":0.0,"max_hp_gain":0.0,"max_hp_loss":0.0,"gold_gain":0.0,"cards_transformed":["Strike_G"],"event_name":"Transmorgrifier","player_choice":"Transformed","floor":11.0,"gold_loss":0.0,"damage_taken":0.0,"cards_obtained":["Prepared"]}],"is_beta":false,"boss_relics":[],"items_purged_floors":[],"is_endless":false,"potions_floor_spawned":[2,4,7],"killed_by":"Slime Boss","ascension_level":20}}