{"host":"3utruza25chulvet","time":1612228070,"event":{"mods":["2.2 Compatiblity","BaseMod","Colored Map","Colored Powertips","Duelist Mod","Infinite Spire","Minty Spire (QoL Compilation)","Quick Restart","StSLib","SuperFastMode"],"gold_per_floor":[111,111,111,111,127,127,160,179,198,198,219,252,271,271,302,302,322,322,439,439,458,479,498,521,537,568,568,613,613,665,686,785,814,826,826,838,838,838,852,852],"floor_reached":39,"language":"ENG","playtime":5728,"items_purged":["Strike_R"],"score":546,"play_id":"557bdf21-17b6-4c8f-8848-575df3624251","local_time":"20210201190750","is_ascension_mode":true,"campfire_choices":[{"data":"Bash","floor":6.0,"key":"SMITH"},{"data":"Armaments","floor":16.0,"key":"SMITH"},{"floor":18.0,"key":"REST"},{"data":"Fiend Fire","floor":27.0,"key":"SMITH"},{"floor":35,"key":"REST"},{"data":"True Grit","floor":38,"key":"SMITH"}],"circlet_count":0,"master_deck":["Strike_R","Strike_R","Strike_R","Strike_R","Defend_R","Defend_R","Defend_R","Bash+1","Rage","Perfected Strike+1","Pummel","True Grit+1","Fiend Fire+1","Armaments+1","Feel No Pain+1","Pommel Strike+1","Pommel Strike","Feed","Immolate","Evolve+1","Fire Breathing+1","Ghostly Armor+1","Metallicize+1","Perfected Strike+1","Shockwave","Feed","Sentinel+1"],"relics":["Burning Blood","NeowsBlessing","Calipers","Frozen Egg 2","Happy Flower","Mango","Odd Mushroom","infinitespire:Midas Blood","Charon\u0027s Ashes","Runic Pyramid","Potion Belt","infinitespire:Satchel","Whetstone","Pear"],"acts_visited":["Exordium","TheCity"],"potions_floor_usage":[39,39],"damage_taken":[{"damage":0.0,"enemies":"2 Louse","floor":1.0,"turns":1.0},{"damage":0.0,"enemies":"Small Slimes","floor":5.0,"turns":1.0},{"damage":0.0,"enemies":"Gremlin Nob","floor":7.0,"turns":1.0},{"damage":12.0,"enemies":"Jaw Worm","floor":8.0,"turns":2.0},{"damage":0.0,"enemies":"2 Fungi Beasts","floor":9.0,"turns":3.0},{"damage":17.0,"enemies":"The Mushroom Lair","floor":11.0,"turns":4.0},{"damage":20.0,"enemies":"3 Sentries","floor":12.0,"turns":9.0},{"damage":12.0,"enemies":"Looter","floor":13.0,"turns":3.0},{"damage":28.0,"enemies":"Gremlin Nob","floor":15.0,"turns":4.0},{"damage":8.0,"enemies":"Blue Slaver","floor":17.0,"turns":2.0},{"damage":29.0,"enemies":"Hexaghost","floor":19.0,"turns":9.0},{"damage":20.0,"enemies":"2 Thieves","floor":21.0,"turns":3.0},{"damage":26.0,"enemies":"Spheric Guardian","floor":22.0,"turns":4.0},{"damage":7.0,"enemies":"Shelled Parasite and Fungi","floor":23.0,"turns":4.0},{"damage":8.0,"enemies":"Snecko","floor":24.0,"turns":5.0},{"damage":8.0,"enemies":"Chosen and Byrds","floor":25.0,"turns":4.0},{"damage":5.0,"enemies":"theDuelist:KaibaA2","floor":26.0,"turns":5.0},{"damage":46.0,"enemies":"Nightmare","floor":28.0,"turns":11.0},{"damage":19,"enemies":"Centurion and Healer","floor":31,"turns":4},{"damage":0,"enemies":"theDuelist:KaibaA2","floor":33,"turns":8},{"damage":0,"enemies":"Cultist and Chosen","floor":34,"turns":4},{"damage":0,"enemies":"Snake Plant","floor":36,"turns":2},{"damage":91,"enemies":"Champ","floor":39,"turns":16}],"seed_played":"6971489371022776014","potions_obtained":[{"floor":7.0,"key":"Weak Potion"},{"floor":9.0,"key":"Ancient Potion"},{"floor":12.0,"key":"SkillPotion"},{"floor":15.0,"key":"DistilledChaos"},{"floor":19.0,"key":"CultistPotion"},{"floor":22.0,"key":"ElixirPotion"},{"floor":23.0,"key":"Fire Potion"},{"floor":28,"key":"Swift Potion"},{"floor":33,"key":"PowerPotion"},{"floor":36,"key":"EssenceOfSteel"}],"is_trial":false,"path_per_floor":["M","?","?","T","M","R","E","M","M","T","?","E","M","$","E","R","M","R","B",null,"M","M","M","M","M","E","R","NM","?","T","M","?","E","M","R","M","AVR","R","B"],"character_chosen":"IRONCLAD","items_purchased":[],"campfire_rested":2,"item_purchase_floors":[],"current_hp_per_floor":[80,73,55,55,61,61,67,61,67,81,70,56,50,50,28,28,26,54,31,94,83,67,66,67,68,69,69,29,29,29,16,16,32,38,73,79,79,79,0,0],"gold":852,"neow_bonus":"THREE_ENEMY_KILL","is_daily":false,"chose_seed":false,"campfire_upgraded":4,"win_rate":0.0,"timestamp":1612228070,"path_taken":["M","?","?","?","M","R","E","M","M","T","?","E","M","?","E","R","M","R","BOSS","M","M","M","M","M","E","R","NM","?","T","M","?","E","M","R","M","AVR","R","BOSS"],"items_purchased_type":[],"build_version":"2020-12-22","purchased_purges":1,"victory":false,"max_hp_per_floor":[80,80,80,80,80,80,80,80,80,94,94,94,94,94,94,94,94,94,94,94,97,101,101,104,107,107,107,107,107,107,107,107,117,117,117,117,117,117,117,117],"card_choices":[{"not_picked":["Havoc","Bloodletting"],"picked":"Rage","floor":1.0},{"not_picked":["Infernal Blade","Dual Wield"],"picked":"Perfected Strike","floor":5.0},{"not_picked":["Thunderclap","Heavy Blade"],"picked":"Pummel","floor":7.0},{"not_picked":["Thunderclap","Wild Strike"],"picked":"True Grit","floor":8.0},{"not_picked":["Clothesline","Clash"],"picked":"Fiend Fire","floor":9.0},{"not_picked":["Iron Wave","Heavy Blade"],"picked":"Armaments","floor":11.0},{"not_picked":["Burning Pact","Seeing Red"],"picked":"Feel No Pain+1","floor":12.0},{"not_picked":["Havoc","Anger"],"picked":"Pommel Strike","floor":13.0},{"not_picked":["Anger","Clash"],"picked":"Pommel Strike","floor":15.0},{"not_picked":["Rupture+1","Metallicize+1"],"picked":"Feed","floor":17.0},{"not_picked":["Limit Break","Brutality+1"],"picked":"Immolate","floor":19.0},{"not_picked":["Blood for Blood+1","Infernal Blade+1"],"picked":"Evolve+1","floor":21.0},{"not_picked":["Sword Boomerang","Iron Wave"],"picked":"Fire Breathing+1","floor":22.0},{"not_picked":["Carnage","Fire Breathing+1"],"picked":"Ghostly Armor+1","floor":23.0},{"not_picked":["Infernal Blade+1","Armaments+1"],"picked":"Metallicize+1","floor":24.0},{"not_picked":["Armaments","Flex"],"picked":"Perfected Strike+1","floor":25.0},{"not_picked":["Pommel Strike","Headbutt+1","Clothesline+1"],"picked":"SKIP","floor":26.0},{"not_picked":["Second Wind","Shockwave","Sever Soul"],"picked":"SKIP","floor":28},{"not_picked":["Second Wind","Sever Soul"],"picked":"Shockwave","floor":28},{"not_picked":["Headbutt","Anger"],"picked":"Feed","floor":31},{"not_picked":["Bludgeon","Hemokinesis","Reckless Charge"],"picked":"SKIP","floor":33},{"not_picked":["Combust+1","Heavy Blade+1","Thunderclap+1"],"picked":"SKIP","floor":34},{"not_picked":["Sword Boomerang","Uppercut"],"picked":"Sentinel+1","floor":36}],"player_experience":204583,"relics_obtained":[{"floor":4.0,"key":"Frozen Egg 2"},{"floor":7.0,"key":"Happy Flower"},{"floor":10.0,"key":"Mango"},{"floor":11.0,"key":"Odd Mushroom"},{"floor":12.0,"key":"infinitespire:Midas Blood"},{"floor":15.0,"key":"Charon\u0027s Ashes"},{"floor":26.0,"key":"Potion Belt"},{"floor":28,"key":"infinitespire:Satchel"},{"floor":30,"key":"Whetstone"},{"floor":33,"key":"Pear"}],"event_choices":[{"cards_removed":["Defend_R"],"damage_healed":0.0,"max_hp_gain":0.0,"max_hp_loss":0.0,"gold_gain":0.0,"event_name":"Golden Wing","player_choice":"Card Removal","floor":2.0,"gold_loss":0.0,"damage_taken":7.0},{"damage_healed":0.0,"max_hp_gain":0.0,"max_hp_loss":0.0,"gold_gain":0.0,"event_name":"Scrap Ooze","player_choice":"Success","floor":3.0,"gold_loss":0.0,"damage_taken":18.0,"relics_obtained":["Calipers"]},{"damage_healed":0.0,"max_hp_gain":0.0,"max_hp_loss":0.0,"gold_gain":0.0,"event_name":"Mushrooms","player_choice":"Fought Mushrooms","floor":11.0,"gold_loss":0.0,"damage_taken":0.0},{"damage_healed":0,"gold_gain":99,"player_choice":"Stole From Cult","damage_taken":0,"max_hp_gain":0,"max_hp_loss":0,"event_name":"Nest","floor":32,"gold_loss":0}],"is_beta":false,"boss_relics":[{"not_picked":["Coffee Dripper","infinitespire:Cupcake"],"picked":"Runic Pyramid"}],"items_purged_floors":[37],"is_endless":true,"potions_floor_spawned":[7,9,12,15,19,22,23,28,33,36],"killed_by":"Champ","ascension_level":4}}