{"host":"eemx8njkng76fu5x","time":1612300469,"event":{"mods":["2.2 Compatiblity","BaseMod","Colored Map","Downfall","Minty Spire (QoL Compilation)","Permanent Neow","StSLib","Unceasing Turn Reminder","Unknown Chances"],"gold_per_floor":[99,114,127,139,155,155,155,155,55,89,105,124,143,161,178,178,178,178],"floor_reached":16,"language":"ENG","playtime":695,"items_purged":[],"score":157,"play_id":"e1dd6661-d978-4253-a70c-b7a0b10775e3","local_time":"20210203051429","is_ascension_mode":true,"campfire_choices":[{"data":"Guardian:TwinSlam","floor":1.0,"key":"SMITH"},{"floor":6.0,"key":"RECALL"},{"floor":9.0,"key":"REST"}],"circlet_count":0,"master_deck":["Guardian:Strike_Guardian","Guardian:Strike_Guardian","Guardian:Strike_Guardian","Guardian:Strike_Guardian","Guardian:Defend_Guardian","Guardian:Defend_Guardian","Guardian:Defend_Guardian","Guardian:Defend_Guardian","Guardian:CurlUp","Guardian:TwinSlam+1","Guardian:EvasiveProtocol","Guardian:PrismaticBarrier+1","Guardian:EvasiveProtocol","Guardian:BronzeOrb","Guardian:Gem_Crimson","Guardian:Gem_Fragmented"],"relics":["Guardian:ModeShifter","Matryoshka","downfall:HeartBlessingRed","Bottled Lightning"],"acts_visited":["Exordium"],"potions_floor_usage":[13,16,16],"damage_taken":[{"damage":6.0,"enemies":"2 Louse","floor":2.0,"turns":3.0},{"damage":0.0,"enemies":"Cultist","floor":3.0,"turns":4.0},{"damage":0.0,"enemies":"Jaw Worm","floor":4.0,"turns":5.0},{"damage":22.0,"enemies":"Gremlin Gang","floor":5.0,"turns":6.0},{"damage":47.0,"enemies":"Lagavulin","floor":10.0,"turns":12.0},{"damage":0,"enemies":"2 Fungi Beasts","floor":11,"turns":5},{"damage":0,"enemies":"3 Louse","floor":12,"turns":3},{"damage":0,"enemies":"Gremlin Gang","floor":13,"turns":3},{"damage":6,"enemies":"Exordium Thugs","floor":14,"turns":6},{"damage":0,"enemies":"3 Louse","floor":15,"turns":2},{"damage":14,"enemies":"IC_STATUS_ARCHETYPE","floor":16,"turns":8}],"seed_played":"2523893037355176248","potions_obtained":[{"floor":4.0,"key":"GamblersBrew"},{"floor":5.0,"key":"Swift Potion"},{"floor":10.0,"key":"Ancient Potion"},{"floor":12,"key":"Explosive Potion"},{"floor":13,"key":"FearPotion"}],"is_trial":false,"path_per_floor":["R","M","M","M","M","R","T","?","R","E","M","M","M","M","M","B"],"character_chosen":"GUARDIAN","items_purchased":[],"campfire_rested":1,"item_purchase_floors":[],"current_hp_per_floor":[80,74,74,74,52,52,52,52,78,31,31,31,31,25,25,11,11,11],"gold":178,"neow_bonus":"TEN_PERCENT_HP_BONUS","is_daily":false,"chose_seed":false,"campfire_upgraded":1,"win_rate":0.0,"timestamp":1612300469,"path_taken":["R","M","M","M","M","R","T","?","R","E","M","M","?","M","M","BOSS"],"items_purchased_type":[],"build_version":"2020-12-22","purchased_purges":0,"victory":false,"max_hp_per_floor":[88,88,88,88,88,88,88,88,88,88,88,88,88,88,88,88,88,88],"card_choices":[{"not_picked":["Guardian:RollAttack","Guardian:Gem_Lightblue"],"picked":"Guardian:EvasiveProtocol","floor":2.0},{"not_picked":["Guardian:TemporalShield","Guardian:CrystalBeam","Guardian:Gem_Lightblue"],"picked":"SKIP","floor":3.0},{"not_picked":["Guardian:EvasiveProtocol","Guardian:Clone"],"picked":"Guardian:PrismaticBarrier","floor":4.0},{"not_picked":["Guardian:Incinerate","Guardian:RollAttack"],"picked":"Guardian:Gem_Purple","floor":5.0},{"not_picked":["Guardian:Gem_Lightblue","Guardian:Orbwalk"],"picked":"Guardian:EvasiveProtocol","floor":10.0},{"not_picked":["Guardian:PolyBeam","Guardian:VentSteam"],"picked":"Guardian:BronzeOrb","floor":11},{"not_picked":["Guardian:FuturePlans","Guardian:ChargeUp"],"picked":"Guardian:Gem_Crimson","floor":12},{"not_picked":["Guardian:MultiBeam","Guardian:Gem_Yellow","Guardian:Orbwalk"],"picked":"SKIP","floor":13},{"not_picked":["Guardian:Suspension","Guardian:ShieldSpikes"],"picked":"Guardian:Gem_Fragmented","floor":14},{"not_picked":["Guardian:Clone","Guardian:Planning","Guardian:Repulse"],"picked":"SKIP","floor":15}],"player_experience":532777,"relics_obtained":[{"floor":7.0,"key":"Matryoshka"},{"floor":10.0,"key":"Bottled Lightning"}],"event_choices":[],"is_beta":false,"boss_relics":[],"items_purged_floors":[],"is_endless":false,"potions_floor_spawned":[4,5,10,12,13],"killed_by":"IC_STATUS_ARCHETYPE","ascension_level":9}}