{"host":"e1pm3b7xpcm97e5w","time":1612299830,"event":{"mods":["BaseMod","Better Skull","Googly Eyes","Minty Spire (QoL Compilation)","Relic Stats","Shop Mod","Spicy Shops","StSLib"],"gold_per_floor":[113,124,124,124,49,78,97,97,97,132,132,157,157,175,175,276,276,276,201,201,201,201,91,91,91,91,91,91,91,91,91,91,91,91,91,19,19,19],"floor_reached":37,"language":"ENG","playtime":1586,"items_purged":["Strike_B","Writhe"],"score":698,"play_id":"89f8055c-fbd0-4a37-a928-e5fb87c7043a","local_time":"20210202160350","is_ascension_mode":true,"campfire_choices":[{"data":"Loop","floor":8.0,"key":"SMITH"},{"floor":11.0,"key":"REST"},{"data":"Genetic Algorithm","floor":13.0,"key":"SMITH"},{"floor":15.0,"key":"REST"},{"data":"Seek","floor":24,"key":"SMITH"},{"floor":27,"key":"REST"},{"floor":32,"key":"REST"}],"circlet_count":0,"master_deck":["AscendersBane","Strike_B+1","Defend_B","Defend_B","Defend_B","Defend_B","Zap+1","Dualcast","Sweeping Beam+1","Leap","Loop+1","Genetic Algorithm+1","Conserve Battery","Chill","Streamline+1","Seek+1","Ball Lightning+1","Go for the Eyes+1","Hologram+1","Echo Form","Rebound+1","Buffer","Static Discharge"],"relics":["Cracked Core","NeowsBlessing","Bottled Lightning","Molten Egg 2","Smiling Mask","Blood Vial","Ectoplasm","OrangePellets","Cables","Bag of Preparation","Whetstone","Snecko Eye"],"acts_visited":["Exordium","TheCity","TheBeyond"],"potions_floor_usage":[28,28,37,37],"damage_taken":[{"damage":0.0,"enemies":"2 Louse","floor":1.0,"turns":1.0},{"damage":0.0,"enemies":"Small Slimes","floor":2.0,"turns":1.0},{"damage":0.0,"enemies":"Lagavulin","floor":6.0,"turns":1.0},{"damage":0.0,"enemies":"Cultist","floor":7.0,"turns":4.0},{"damage":22.0,"enemies":"Gremlin Nob","floor":10.0,"turns":4.0},{"damage":26.0,"enemies":"Lagavulin","floor":12.0,"turns":6.0},{"damage":11.0,"enemies":"Exordium Thugs","floor":14.0,"turns":6.0},{"damage":42.0,"enemies":"Hexaghost","floor":16.0,"turns":12.0},{"damage":9,"enemies":"Shell Parasite","floor":18,"turns":6},{"damage":3,"enemies":"3 Byrds","floor":20,"turns":6},{"damage":4,"enemies":"Shelled Parasite and Fungi","floor":21,"turns":7},{"damage":38,"enemies":"Gremlin Leader","floor":28,"turns":9},{"damage":7,"enemies":"Cultist and Chosen","floor":29,"turns":4},{"damage":3,"enemies":"Slavers","floor":30,"turns":5},{"damage":5,"enemies":"Centurion and Healer","floor":31,"turns":5},{"damage":35,"enemies":"Collector","floor":33,"turns":10},{"damage":0,"enemies":"3 Shapes","floor":35,"turns":4},{"damage":65,"enemies":"2 Orb Walkers","floor":37,"turns":5}],"seed_played":"-3804727591470989799","potions_obtained":[{"floor":1.0,"key":"EntropicBrew"},{"floor":2.0,"key":"AttackPotion"},{"floor":14.0,"key":"Swift Potion"},{"floor":25,"key":"Explosive Potion"},{"floor":25,"key":"EntropicBrew"},{"floor":35,"key":"FocusPotion"}],"is_trial":false,"path_per_floor":["M","M","?","?","$","E","M","R","T","E","R","E","R","M","R","B",null,"M","?","M","M","?","$","R","?","T","R","E","M","E","M","R","B",null,"M","$","?"],"character_chosen":"DEFECT","items_purchased":["OrangePellets","Static Discharge"],"campfire_rested":4,"item_purchase_floors":[23,36],"current_hp_per_floor":[68,68,61,61,61,61,61,61,61,39,61,35,35,26,48,8,58,51,51,50,48,48,48,48,48,48,70,34,29,28,25,47,14,60,62,62,0,0],"gold":19,"neow_bonus":"THREE_ENEMY_KILL","is_daily":false,"chose_seed":false,"campfire_upgraded":3,"win_rate":0.0,"timestamp":1612299830,"path_taken":["M","M","?","?","$","E","M","R","T","E","R","E","R","M","R","BOSS","M","?","M","M","?","$","R","?","T","R","E","M","E","M","R","BOSS","M","$","?"],"items_purchased_type":["Relic","Card"],"build_version":"2020-12-22","purchased_purges":2,"victory":false,"max_hp_per_floor":[75,75,75,75,75,75,75,75,75,75,75,75,75,75,75,75,75,75,75,75,75,75,75,75,75,75,75,75,75,75,75,75,75,75,75,75,75,75],"relic_stats":{"Blood Vial":24,"OrangePellets":[2],"counters":[18,95],"Snecko Eye":[3,3,3,8],"Ectoplasm":239,"Bag of Preparation":[12],"Whetstone":["Sweeping Beam","Strike_B"],"Smiling Mask":50,"obtain_stats":[{"Blood Vial":12,"OrangePellets":23,"NeowsBlessing":0,"Snecko Eye":34,"Molten Egg 2":9,"Ectoplasm":17,"Bag of Preparation":28,"Bottled Lightning":6,"Whetstone":30,"Cracked Core":0,"Smiling Mask":10,"Cables":26},{"Blood Vial":6,"OrangePellets":11,"NeowsBlessing":0,"Snecko Eye":16,"Molten Egg 2":4,"Ectoplasm":8,"Bag of Preparation":12,"Bottled Lightning":3,"Whetstone":14,"Cracked Core":0,"Smiling Mask":5,"Cables":11},{"Blood Vial":16,"OrangePellets":53,"NeowsBlessing":0,"Snecko Eye":86,"Molten Egg 2":7,"Ectoplasm":34,"Bag of Preparation":62,"Bottled Lightning":3,"Whetstone":71,"Cracked Core":0,"Smiling Mask":11,"Cables":53}],"Cables":[37,26,11,0,0]},"card_choices":[{"not_picked":["Rip and Tear","Turbo"],"picked":"Sweeping Beam","floor":1.0},{"not_picked":["Darkness","Recycle"],"picked":"Leap","floor":2.0},{"not_picked":["Double Energy","Go for the Eyes"],"picked":"Loop","floor":6.0},{"not_picked":["FTL","Conserve Battery"],"picked":"Genetic Algorithm","floor":7.0},{"not_picked":["Genetic Algorithm","Undo"],"picked":"Conserve Battery","floor":10.0},{"not_picked":["Blizzard+1","Cold Snap+1"],"picked":"Chill","floor":12.0},{"not_picked":["Barrage+1","Turbo"],"picked":"Streamline+1","floor":14.0},{"not_picked":["Amplify","Rainbow"],"picked":"Seek","floor":16.0},{"not_picked":["Rebound+1","White Noise"],"picked":"Ball Lightning+1","floor":18},{"not_picked":["Steam+1","FTL+1"],"picked":"Go for the Eyes+1","floor":20},{"not_picked":["Turbo","Leap"],"picked":"Hologram+1","floor":21},{"not_picked":["Hologram","Cold Snap+1"],"picked":"Echo Form","floor":28},{"not_picked":["Conserve Battery+1","Beam Cell+1","Hello World"],"picked":"SKIP","floor":29},{"not_picked":["Storm","Compile Driver+1"],"picked":"Rebound+1","floor":30},{"not_picked":["Rebound+1","Go for the Eyes+1","Conserve Battery+1"],"picked":"SKIP","floor":31},{"not_picked":["Electrodynamics","Amplify"],"picked":"Buffer","floor":33},{"not_picked":["Hologram","Stack","Gash+1"],"picked":"SKIP","floor":35}],"player_experience":619961,"relics_obtained":[{"floor":6.0,"key":"Bottled Lightning"},{"floor":9.0,"key":"Molten Egg 2"},{"floor":10.0,"key":"Smiling Mask"},{"floor":12.0,"key":"Blood Vial"},{"floor":26,"key":"Cables"},{"floor":28,"key":"Bag of Preparation"},{"floor":30,"key":"Whetstone"}],"event_choices":[{"cards_removed":["Strike_B"],"damage_healed":0.0,"max_hp_gain":0.0,"max_hp_loss":0.0,"gold_gain":0.0,"event_name":"Golden Wing","player_choice":"Card Removal","floor":3.0,"gold_loss":0.0,"damage_taken":7.0},{"damage_healed":0.0,"max_hp_gain":0.0,"max_hp_loss":0.0,"gold_gain":0.0,"event_name":"Living Wall","player_choice":"Grow","floor":4.0,"gold_loss":0.0,"damage_taken":0.0,"cards_upgraded":["Zap"]},{"cards_removed":["Strike_B"],"damage_healed":0,"gold_gain":0,"player_choice":"Gave Gold","damage_taken":0,"max_hp_gain":0,"max_hp_loss":0,"event_name":"Beggar","floor":19,"gold_loss":75},{"damage_healed":0,"gold_gain":0,"player_choice":"Ignored","damage_taken":0,"max_hp_gain":0,"max_hp_loss":0,"event_name":"Vampires","floor":22,"gold_loss":0},{"damage_healed":0,"gold_gain":0,"player_choice":"Got Potions","damage_taken":0,"max_hp_gain":0,"max_hp_loss":0,"event_name":"Lab","floor":25,"gold_loss":0},{"damage_healed":0,"gold_gain":0,"player_choice":"Fight","damage_taken":0,"max_hp_gain":0,"max_hp_loss":0,"event_name":"Mysterious Sphere","floor":37,"gold_loss":0}],"is_beta":false,"boss_relics":[{"not_picked":["Tiny House","SacredBark"],"picked":"Ectoplasm"},{"not_picked":["Pandora\u0027s Box","Black Star"],"picked":"Snecko Eye"}],"items_purged_floors":[5,23],"is_endless":false,"potions_floor_spawned":[1,2,7,14,18,21,29,33,35],"killed_by":"2 Orb Walkers","ascension_level":11}}