{"host":"qy1e0kd24tpj3i2m","time":1612256459,"event":{"mods":["Act Like it!","Alarm Clock","BaseMod","Better Skull","Better Vampires","Colored Map","Colored Powertips","Custom Start","Faster Ascension Climbing","Friendly Minions","GifTheSpireLib","Gremlin Skip","Highlight Path","Minty Spire (QoL Compilation)","Permanent Neow","Poor People Problems","Quick Restart","Red Circlet Mod","Relic Filter Mod","Relic Sorter","Reorder Act Four","SacredBarkPlus","Shop Mod","StSLib","SuperFastMode","Transform Curses","没有小屋子和绿帽子啦"],"gold_per_floor":[117,42,42,60,60,60,87,99,99,99,99,99,113,125,125,202,202,219,494,394,413,413,413],"floor_reached":22,"language":"ZHS","playtime":589,"items_purged":["Bash","Regret"],"score":418,"play_id":"e23aac28-bdab-4967-8043-b5f95fecf098","local_time":"20210202180059","is_ascension_mode":true,"campfire_choices":[{"data":"Fire Breathing","floor":6.0,"key":"SMITH"},{"data":"Feel No Pain","floor":12.0,"key":"SMITH"},{"data":"Rage","floor":15.0,"key":"SMITH"}],"circlet_count":0,"master_deck":["AscendersBane","Strike_R","Strike_R","Strike_R","Strike_R","Defend_R","Defend_R","Defend_R","Defend_R","Body Slam+1","Fire Breathing+1","Reckless Charge","Feel No Pain+1","Rage+1","Impervious","True Grit+1"],"relics":["Burning Blood","NeowsBlessing","Torii","HornCleat","Cursed Key"],"acts_visited":["Exordium","TheCity"],"potions_floor_usage":[],"damage_taken":[{"damage":0.0,"enemies":"Jaw Worm","floor":1.0,"turns":1.0},{"damage":0.0,"enemies":"Cultist","floor":4.0,"turns":1.0},{"damage":0.0,"enemies":"Gremlin Nob","floor":7.0,"turns":1.0},{"damage":8.0,"enemies":"Small Slimes","floor":8.0,"turns":3.0},{"damage":3.0,"enemies":"Exordium Wildlife","floor":13.0,"turns":5.0},{"damage":1.0,"enemies":"Blue Slaver","floor":14.0,"turns":3.0},{"damage":43.0,"enemies":"The Guardian","floor":16.0,"turns":15.0},{"damage":11.0,"enemies":"3 Byrds","floor":18.0,"turns":8.0},{"damage":17.0,"enemies":"Spheric Guardian","floor":21.0,"turns":8.0},{"damage":40,"enemies":"Centurion and Healer","floor":22,"turns":8}],"seed_played":"-1482522147355163222","potions_obtained":[{"floor":4.0,"key":"BloodPotion"},{"floor":5.0,"key":"CultistPotion"},{"floor":5.0,"key":"Fire Potion"},{"floor":7.0,"key":"EntropicBrew"},{"floor":14.0,"key":"GamblersBrew"}],"is_trial":false,"path_per_floor":["M","$","?","M","?","R","E","M","T","?","$","R","M","M","R","B",null,"M","?","$","M","M"],"character_chosen":"IRONCLAD","items_purchased":[],"campfire_rested":0,"item_purchase_floors":[],"current_hp_per_floor":[74,74,74,75,75,75,75,73,73,66,66,66,69,74,74,37,66,61,61,61,50,10,10],"gold":413,"neow_bonus":"THREE_ENEMY_KILL","is_daily":false,"chose_seed":false,"campfire_upgraded":3,"win_rate":0.0,"timestamp":1612256459,"path_taken":["M","$","?","?","?","R","E","?","T","?","$","R","M","M","R","BOSS","M","?","$","M","?"],"items_purchased_type":[],"build_version":"2020-12-22","purchased_purges":2,"victory":false,"max_hp_per_floor":[75,75,75,75,75,75,75,75,75,75,75,75,75,75,75,75,75,75,75,75,75,75,75],"card_choices":[{"not_picked":["Armaments","Headbutt"],"picked":"Body Slam","floor":1.0},{"not_picked":["Twin Strike","Spot Weakness"],"picked":"Fire Breathing","floor":4.0},{"not_picked":["Power Through","Uppercut"],"picked":"Reckless Charge","floor":7.0},{"not_picked":["Rage","Disarm"],"picked":"Feel No Pain","floor":8.0},{"not_picked":["Iron Wave","Cleave"],"picked":"Rage","floor":13.0},{"not_picked":["Infernal Blade","Inflame","Headbutt"],"picked":"SKIP","floor":14.0},{"not_picked":["Immolate","Demon Form"],"picked":"Impervious","floor":16.0},{"not_picked":["Clothesline","Sword Boomerang","Perfected Strike"],"picked":"SKIP","floor":18.0},{"not_picked":["Dual Wield","Warcry"],"picked":"True Grit+1","floor":21.0}],"player_experience":982172,"relics_obtained":[{"floor":7.0,"key":"Torii"},{"floor":9.0,"key":"HornCleat"}],"event_choices":[{"damage_healed":0.0,"max_hp_gain":0.0,"max_hp_loss":0.0,"gold_gain":0.0,"event_name":"Upgrade Shrine","player_choice":"Upgraded","floor":3.0,"gold_loss":0.0,"damage_taken":0.0,"cards_upgraded":["Body Slam"]},{"damage_healed":0.0,"max_hp_gain":0.0,"max_hp_loss":0.0,"gold_gain":0.0,"event_name":"Lab","player_choice":"Got Potions","floor":5.0,"gold_loss":0.0,"damage_taken":0.0},{"cards_removed":["Strike_R"],"damage_healed":0.0,"max_hp_gain":0.0,"max_hp_loss":0.0,"gold_gain":0.0,"event_name":"Golden Wing","player_choice":"Card Removal","floor":10.0,"gold_loss":0.0,"damage_taken":7.0},{"damage_healed":0.0,"max_hp_gain":0.0,"max_hp_loss":0.0,"gold_gain":275.0,"event_name":"Golden Shrine","player_choice":"Desecrate","floor":19.0,"gold_loss":0.0,"damage_taken":0.0,"cards_obtained":["Regret"]}],"is_beta":false,"boss_relics":[{"not_picked":["Black Star","SacredBark"],"picked":"Cursed Key"}],"items_purged_floors":[2,20],"is_endless":false,"potions_floor_spawned":[4,7,14],"killed_by":"Centurion and Healer","ascension_level":20}}