{"host":"k5yjj86hwv5qv2gx","time":1612226941,"event":{"mods":["BaseMod","BetterRewards","Minty Spire (QoL Compilation)","StSLib"],"gold_per_floor":[111,111,36,36,52,52,86,86,109,136,157,199,199,208,208,295,295,317,326,326,371,400,440,355,370,370,409,436,436,477,515,515,602,602,612,673,673,691,701,735,779,811,811,836,846,846,864,890,890,890,890,890,890,287,317,317],"floor_reached":57,"language":"ENG","playtime":3631,"items_purged":["Defend_R","Defend_R","Defend_R","Bite+1"],"score":3920,"play_id":"466f92db-859b-4c90-965f-6e45f67c9362","local_time":"20210201164901","is_ascension_mode":true,"campfire_choices":[{"data":"1","floor":6,"key":"LIFT"},{"data":"2","floor":8,"key":"LIFT"},{"data":"3","floor":13,"key":"LIFT"},{"floor":15,"key":"RECALL"},{"data":"Uppercut","floor":29,"key":"SMITH"},{"data":"Burning Pact","floor":32,"key":"SMITH"},{"data":"Madness","floor":49,"key":"SMITH"},{"data":"Pommel Strike+1","floor":53,"key":"PURGE"}],"circlet_count":0,"master_deck":["AscendersBane","Headbutt+1","Shrug It Off+1","Anger+1","True Grit+1","Berserk+1","Headbutt+1","Disarm+1","Bite+1","Bite+1","Bite+1","Bite+1","Disarm+1","Shrug It Off+1","Anger+1","Uppercut+1","True Grit+1","Burning Pact+1","Feed+1","Evolve+1","Madness+1","Madness+1","Spot Weakness+1","Demon Form+1","Purity","Madness+1"],"relics":["Black Blood","Girya","Mango","Centennial Puzzle","Toolbox","Turnip","Regal Pillow","HornCleat","Gambling Chip","TungstenRod","Ice Cream","Strawberry","Juzu Bracelet","Unceasing Top","Lee\u0027s Waffle","Anchor","CeramicFish","Toy Ornithopter","Odd Mushroom","Bag of Preparation","WarpedTongs","Sozu","Ginger","Frozen Egg 2","Lizard Tail","Blood Vial","WingedGreaves","FossilizedHelix","Thread and Needle","Magic Flower","Peace Pipe","Paper Frog","Charon\u0027s Ashes","White Beast Statue","Bird Faced Urn","Mark of the Bloom","InkBottle","Whetstone","StrikeDummy"],"acts_visited":["Exordium","TheCity","TheBeyond","TheEnding"],"potions_floor_usage":[7,10],"damage_taken":[{"damage":0,"enemies":"Cultist","floor":1,"turns":2},{"damage":1,"enemies":"Jaw Worm","floor":5,"turns":3},{"damage":19,"enemies":"Lagavulin","floor":7,"turns":4},{"damage":0,"enemies":"3 Sentries","floor":10,"turns":4},{"damage":1,"enemies":"The Mushroom Lair","floor":11,"turns":4},{"damage":0,"enemies":"Gremlin Nob","floor":12,"turns":2},{"damage":38,"enemies":"Hexaghost","floor":16,"turns":6},{"damage":0,"enemies":"Shell Parasite","floor":18,"turns":4},{"damage":16,"enemies":"Chosen","floor":22,"turns":4},{"damage":44,"enemies":"Slavers","floor":23,"turns":6},{"damage":0,"enemies":"Centurion and Healer","floor":25,"turns":5},{"damage":0,"enemies":"Gremlin Leader","floor":27,"turns":5},{"damage":0,"enemies":"Snecko","floor":28,"turns":3},{"damage":24,"enemies":"Slavers","floor":30,"turns":5},{"damage":0,"enemies":"Gremlin Leader","floor":31,"turns":4},{"damage":0,"enemies":"Champ","floor":33,"turns":6},{"damage":0,"enemies":"Orb Walker","floor":35,"turns":3},{"damage":0,"enemies":"2 Orb Walkers","floor":36,"turns":4},{"damage":0,"enemies":"3 Shapes","floor":39,"turns":3},{"damage":14,"enemies":"Reptomancer","floor":40,"turns":7},{"damage":17,"enemies":"Giant Head","floor":41,"turns":6},{"damage":77,"enemies":"Reptomancer","floor":42,"turns":5},{"damage":0,"enemies":"Giant Head","floor":44,"turns":6},{"damage":8,"enemies":"Spire Growth","floor":45,"turns":4},{"damage":0,"enemies":"Jaw Worm Horde","floor":48,"turns":4},{"damage":24,"enemies":"Awakened One","floor":50,"turns":6},{"damage":18,"enemies":"Time Eater","floor":51,"turns":9},{"damage":0,"enemies":"Shield and Spear","floor":55,"turns":5},{"damage":1,"enemies":"The Heart","floor":56,"turns":8}],"seed_played":"-9189601130426171579","potions_obtained":[{"floor":1,"key":"AttackPotion"},{"floor":7,"key":"Fruit Juice"},{"floor":16,"key":"SteroidPotion"}],"is_trial":false,"path_per_floor":["M","?","?","?","M","R","E","R","T","E","?","E","R","?","R","B",null,"M","?","?","?","M","E","?","M","T","E","M","R","E","E","R","B",null,"M","?","T","?","M","E","E","E","T","E","M","?","?","M","R","B","B",null,"R","$","E","B",null],"character_chosen":"IRONCLAD","items_purchased":["Mango","Centennial Puzzle","Toolbox","Regal Pillow","HornCleat","TungstenRod","Strawberry","Juzu Bracelet","Lee\u0027s Waffle","Anchor","SkillPotion","InkBottle","Whetstone"],"campfire_rested":0,"item_purchase_floors":[0,0,0,0,0,0,0,0,0,0,0,54,54],"current_hp_per_floor":[103,103,103,103,103,103,95,95,95,101,106,108,108,108,108,76,100,106,106,106,75,68,50,50,74,74,75,75,75,75,75,75,75,75,79,82,82,68,86,89,92,50,50,95,99,99,90,90,90,66,48,48,48,48,48,47],"gold":317,"neow_bonus":"","is_daily":false,"chose_seed":false,"campfire_upgraded":3,"win_rate":0.0,"timestamp":1612226941,"path_taken":["M","?","?","?","M","R","E","R","T","E","?","E","R","?","R","BOSS","M","?","?","?","M","E","?","M","T","E","M","R","E","E","R","BOSS","M","?","?","?","M","E","E","E","T","E","M","?","?","M","R","BOSS","BOSS","R","$","E","BOSS"],"items_purchased_type":["Relic","Relic","Relic","Relic","Relic","Relic","Relic","Relic","Relic","Relic","Potion","Relic","Relic"],"build_version":"2020-12-22","purchased_purges":4,"victory":true,"max_hp_per_floor":[103,103,103,103,103,103,108,108,108,108,108,108,108,108,108,108,108,108,108,108,75,75,75,75,75,75,75,75,75,75,75,75,75,75,79,82,82,82,86,89,92,92,92,96,99,99,99,99,99,99,99,99,99,99,99,99],"card_choices":[{"not_picked":["Iron Wave","Infernal Blade"],"picked":"Headbutt","floor":1},{"not_picked":["Warcry","Body Slam"],"picked":"Shrug It Off","floor":5},{"not_picked":["Power Through","Perfected Strike"],"picked":"Anger","floor":7},{"not_picked":["Dual Wield","Seeing Red","Cleave"],"picked":"SKIP","floor":10},{"not_picked":["Havoc","True Grit","Clothesline"],"picked":"SKIP","floor":12},{"not_picked":["Havoc","Clothesline"],"picked":"True Grit","floor":12},{"not_picked":["Bludgeon","Exhume"],"picked":"Berserk","floor":16},{"not_picked":["Rupture","Headbutt","Sword Boomerang+1"],"picked":"SKIP","floor":18},{"not_picked":["Rupture","Sword Boomerang+1"],"picked":"Headbutt","floor":18},{"not_picked":["Shrug It Off","Flex+1"],"picked":"Disarm+1","floor":22},{"not_picked":["Clash","Cleave"],"picked":"Shrug It Off","floor":23},{"not_picked":["Armaments","Perfected Strike","Twin Strike"],"picked":"SKIP","floor":25},{"not_picked":["Flex","Sword Boomerang"],"picked":"Anger","floor":27},{"not_picked":["Infernal Blade","Heavy Blade"],"picked":"Uppercut","floor":28},{"not_picked":["Entrench","Clothesline+1"],"picked":"True Grit","floor":30},{"not_picked":["True Grit","Carnage"],"picked":"Burning Pact","floor":31},{"not_picked":["Reaper","Brutality+1"],"picked":"Feed","floor":33},{"not_picked":["Wild Strike","Second Wind","Twin Strike+1"],"picked":"SKIP","floor":35},{"not_picked":["Perfected Strike+1","Heavy Blade"],"picked":"Evolve+1","floor":36},{"not_picked":["Perfected Strike","Battle Trance","Armaments"],"picked":"SKIP","floor":39},{"not_picked":["Warcry","Iron Wave"],"picked":"Spot Weakness","floor":40},{"not_picked":["Cleave","Power Through+1"],"picked":"Demon Form+1","floor":41},{"not_picked":["Thunderclap","Hemokinesis","Brutality+1"],"picked":"SKIP","floor":42},{"not_picked":["Pummel","Perfected Strike","Second Wind"],"picked":"SKIP","floor":44},{"not_picked":["Flex","Intimidate","Cleave"],"picked":"SKIP","floor":45},{"not_picked":["Trip","PanicButton"],"picked":"Purity","floor":47},{"not_picked":["Trip","Chrysalis"],"picked":"Madness","floor":47},{"not_picked":["Havoc","Warcry+1"],"picked":"Pommel Strike+1","floor":48},{"not_picked":["Bloodletting","True Grit","Armaments"],"picked":"SKIP","floor":55}],"player_experience":1158953,"relics_obtained":[{"floor":7,"key":"CeramicFish"},{"floor":10,"key":"Toy Ornithopter"},{"floor":11,"key":"Odd Mushroom"},{"floor":12,"key":"Bag of Preparation"},{"floor":23,"key":"Ginger"},{"floor":26,"key":"Lizard Tail"},{"floor":27,"key":"Blood Vial"},{"floor":30,"key":"WingedGreaves"},{"floor":31,"key":"FossilizedHelix"},{"floor":36,"key":"Thread and Needle"},{"floor":37,"key":"Magic Flower"},{"floor":40,"key":"Peace Pipe"},{"floor":41,"key":"Paper Frog"},{"floor":42,"key":"Charon\u0027s Ashes"},{"floor":43,"key":"White Beast Statue"},{"floor":44,"key":"Bird Faced Urn"},{"floor":55,"key":"StrikeDummy"}],"event_choices":[{"damage_healed":0,"gold_gain":0,"player_choice":"Got Potions","damage_taken":0,"max_hp_gain":0,"max_hp_loss":0,"event_name":"Lab","floor":2,"gold_loss":0},{"cards_removed":["Defend_R"],"damage_healed":0,"gold_gain":0,"player_choice":"Card Removal","damage_taken":0,"max_hp_gain":0,"max_hp_loss":0,"event_name":"The Cleric","floor":3,"gold_loss":75},{"cards_removed":["Bash"],"damage_healed":0,"gold_gain":0,"player_choice":"Offered Basic","damage_taken":0,"max_hp_gain":0,"max_hp_loss":0,"event_name":"Bonfire Elementals","floor":4,"gold_loss":0},{"damage_healed":0,"gold_gain":0,"player_choice":"Fought Mushrooms","damage_taken":0,"max_hp_gain":0,"max_hp_loss":0,"event_name":"Mushrooms","floor":11,"gold_loss":0},{"damage_healed":0,"gold_gain":0,"player_choice":"Rummage","damage_taken":0,"relics_obtained":["WarpedTongs"],"max_hp_gain":0,"max_hp_loss":0,"event_name":"Accursed Blacksmith","floor":14,"gold_loss":0,"cards_obtained":["Pain"]},{"damage_healed":0,"gold_gain":0,"player_choice":"Read","damage_taken":0,"max_hp_gain":0,"max_hp_loss":0,"event_name":"The Library","floor":19,"gold_loss":0,"cards_obtained":["Disarm"]},{"cards_removed":["Pain"],"damage_healed":0,"gold_gain":0,"player_choice":"Purged","damage_taken":0,"max_hp_gain":0,"max_hp_loss":0,"event_name":"Purifier","floor":20,"gold_loss":0},{"damage_healed":0,"gold_gain":0,"player_choice":"Became a vampire","damage_taken":0,"max_hp_gain":0,"max_hp_loss":33,"event_name":"Vampires","floor":21,"gold_loss":0,"cards_obtained":["Bite","Bite","Bite","Bite","Bite"]},{"damage_healed":0,"gold_gain":0,"player_choice":"Obtained Relic","damage_taken":0,"relics_obtained":["Frozen Egg 2"],"max_hp_gain":0,"max_hp_loss":0,"event_name":"Addict","floor":24,"gold_loss":85},{"damage_healed":0,"gold_gain":0,"player_choice":"Fight","damage_taken":0,"max_hp_gain":0,"max_hp_loss":0,"event_name":"Mysterious Sphere","floor":36,"gold_loss":0},{"damage_healed":0,"gold_gain":0,"player_choice":"Embrace Madness","damage_taken":15,"max_hp_gain":0,"max_hp_loss":0,"event_name":"Winding Halls","floor":38,"gold_loss":0,"cards_obtained":["Madness","Madness"]},{"damage_healed":0,"gold_gain":0,"player_choice":"Upgrade","damage_taken":0,"relics_obtained":["Mark of the Bloom"],"max_hp_gain":0,"max_hp_loss":0,"event_name":"MindBloom","floor":46,"gold_loss":0,"cards_upgraded":["Headbutt","Shrug It Off","Anger","True Grit","Berserk","Headbutt","Disarm","Bite","Bite","Bite","Bite","Bite","Shrug It Off","Anger","True Grit","Feed","Madness","Madness","Spot Weakness"]},{"damage_healed":0,"gold_gain":0,"player_choice":"Memory 3","damage_taken":10,"max_hp_gain":0,"max_hp_loss":0,"event_name":"SensoryStone","floor":47,"gold_loss":0}],"is_beta":false,"boss_relics":[{"not_picked":["Mark of Pain","SlaversCollar"],"picked":"Sozu"},{"not_picked":["Tiny House","Cursed Key"],"picked":"Black Blood"}],"items_purged_floors":[0,0,0,54],"is_endless":false,"potions_floor_spawned":[1,7,16,18,25,27,35,39,41,44,45,48,55],"ascension_level":20}}