{"host":"j7koecyuyeg298fi","time":1612301144,"event":{"mods":["BaseMod","Minty Spire (QoL Compilation)"],"gold_per_floor":[119,146,161,176,176,176,199,199,199,220,64,85,85,85,85,215,215,230,140,158,171,171,83,83,83,83,83,108,132,147,147,147],"floor_reached":31,"language":"ENG","playtime":2386,"items_purged":["Strike_G"],"score":229,"play_id":"1e262b5c-512c-46d8-b930-613d1e483168","local_time":"20210202232544","is_ascension_mode":false,"campfire_choices":[{"data":"Noxious Fumes","floor":13,"key":"SMITH"},{"data":"Well Laid Plans","floor":15,"key":"SMITH"},{"floor":25,"key":"REST"},{"data":"Deflect","floor":27,"key":"SMITH"}],"circlet_count":0,"master_deck":["Strike_G+1","Defend_G","Survivor","Neutralize","Acrobatics+1","Deflect+1","Deadly Poison","Dagger Throw","Well Laid Plans+1","Noxious Fumes+1","All Out Attack","Die Die Die+1","Noxious Fumes+1","Outmaneuver+1","Deadly Poison","Cloak And Dagger+1","Finisher+1","Expertise","Bouncing Flask","Dramatic Entrance+1","Outmaneuver+1","Prepared+1","Underhanded Strike"],"relics":["Ring of the Snake","Happy Flower","Golden Idol","Pear","Gremlin Horn","Astrolabe","Paper Crane"],"acts_visited":["Exordium","TheCity"],"potions_floor_usage":[16,21,28,31,31],"damage_taken":[{"damage":1,"enemies":"Cultist","floor":1,"turns":4},{"damage":0,"enemies":"2 Louse","floor":3,"turns":3},{"damage":0,"enemies":"Small Slimes","floor":4,"turns":4},{"damage":0,"enemies":"2 Fungi Beasts","floor":7,"turns":4},{"damage":5,"enemies":"Looter","floor":10,"turns":3},{"damage":6,"enemies":"3 Louse","floor":12,"turns":4},{"damage":24,"enemies":"Slime Boss","floor":16,"turns":8},{"damage":20,"enemies":"Spheric Guardian","floor":18,"turns":4},{"damage":15,"enemies":"3 Byrds","floor":20,"turns":3},{"damage":8,"enemies":"Centurion and Healer","floor":21,"turns":6},{"damage":16,"enemies":"Shelled Parasite and Fungi","floor":28,"turns":4},{"damage":0,"enemies":"Chosen and Byrds","floor":29,"turns":4},{"damage":21,"enemies":"Snake Plant","floor":30,"turns":4},{"damage":18,"enemies":"Shelled Parasite and Fungi","floor":31,"turns":3}],"seed_played":"-5558556697412749028","potions_obtained":[{"floor":1,"key":"SteroidPotion"},{"floor":7,"key":"SkillPotion"},{"floor":20,"key":"DistilledChaos"},{"floor":21,"key":"Block Potion"},{"floor":28,"key":"Dexterity Potion"}],"is_trial":false,"path_per_floor":["M","T","M","M","?","?","M","?","T","M","$","M","R","T","R","B",null,"M","?","M","M","?","$","?","R","T","R","M","M","M","M"],"character_chosen":"THE_SILENT","items_purchased":["Noxious Fumes","Dramatic Entrance"],"campfire_rested":1,"item_purchase_floors":[11,23],"current_hp_per_floor":[62,62,62,62,62,47,47,52,62,57,57,51,51,51,51,27,78,58,58,43,35,35,35,35,58,58,58,42,42,21,3,3],"gold":147,"neow_bonus":"REMOVE_TWO","is_daily":false,"chose_seed":false,"campfire_upgraded":3,"win_rate":0.0,"timestamp":1612301144,"path_taken":["M","?","M","?","?","?","M","?","T","M","$","M","R","?","R","BOSS","M","?","?","M","?","$","?","R","T","R","M","?","M","M"],"items_purchased_type":["Card","Card"],"build_version":"2020-12-22","purchased_purges":1,"victory":false,"max_hp_per_floor":[63,63,63,63,63,63,63,68,78,78,78,78,78,78,78,78,78,78,78,78,78,78,78,78,78,78,78,78,78,78,78,78],"card_choices":[{"not_picked":["Finisher","Distraction"],"picked":"Acrobatics","floor":1},{"not_picked":["Slice","Bane"],"picked":"Deflect","floor":3},{"not_picked":["Dagger Throw","PiercingWail"],"picked":"Deadly Poison","floor":4},{"not_picked":["Acrobatics","Prepared"],"picked":"Dagger Throw","floor":7},{"not_picked":["Dodge and Roll","Choke"],"picked":"Well Laid Plans","floor":10},{"not_picked":["PiercingWail","Underhanded Strike"],"picked":"All Out Attack","floor":12},{"not_picked":["Unload","Envenom"],"picked":"Die Die Die","floor":16},{"not_picked":["Dagger Throw","Sucker Punch"],"picked":"Deadly Poison","floor":18},{"not_picked":["Deflect","Dagger Throw"],"picked":"Cloak And Dagger+1","floor":20},{"not_picked":["Slice+1","Endless Agony+1"],"picked":"Finisher+1","floor":21},{"not_picked":["Catalyst","Night Terror"],"picked":"Outmaneuver+1","floor":28},{"not_picked":["Flying Knee","PiercingWail"],"picked":"Prepared+1","floor":29},{"not_picked":["Accuracy+1","Night Terror"],"picked":"Underhanded Strike","floor":30}],"player_experience":217060,"relics_obtained":[{"floor":2,"key":"Happy Flower"},{"floor":9,"key":"Pear"},{"floor":14,"key":"Gremlin Horn"},{"floor":26,"key":"Paper Crane"}],"event_choices":[{"damage_healed":0,"gold_gain":0,"player_choice":"Grow","damage_taken":0,"max_hp_gain":0,"max_hp_loss":0,"event_name":"Living Wall","floor":5,"gold_loss":0,"cards_upgraded":["Acrobatics"]},{"damage_healed":0,"gold_gain":0,"player_choice":"Take Damage","damage_taken":15,"relics_obtained":["Golden Idol"],"max_hp_gain":0,"max_hp_loss":0,"event_name":"Golden Idol","floor":6,"gold_loss":0},{"damage_healed":0,"gold_gain":0,"player_choice":"Donut","damage_taken":0,"max_hp_gain":5,"max_hp_loss":0,"event_name":"Big Fish","floor":8,"gold_loss":0},{"cards_removed":["Strike_G"],"damage_healed":0,"gold_gain":0,"player_choice":"Upgrade and Remove","damage_taken":0,"max_hp_gain":0,"max_hp_loss":0,"event_name":"Designer","floor":19,"gold_loss":90,"cards_upgraded":["Strike_G"]},{"damage_healed":0,"gold_gain":0,"cards_transformed":["Strike_G","Die Die Die"],"player_choice":"Became Test Subject","damage_taken":0,"max_hp_gain":0,"max_hp_loss":0,"event_name":"Drug Dealer","floor":22,"gold_loss":0,"cards_obtained":["Expertise","Bouncing Flask"]},{"damage_healed":0,"gold_gain":0,"player_choice":"Forge","damage_taken":0,"max_hp_gain":0,"max_hp_loss":0,"event_name":"Accursed Blacksmith","floor":24,"gold_loss":0,"cards_upgraded":["Dramatic Entrance"]}],"is_beta":false,"boss_relics":[{"not_picked":["Ring of the Serpent","Runic Dome"],"picked":"Astrolabe"}],"items_purged_floors":[11],"is_endless":false,"potions_floor_spawned":[1,7,20,21,28],"killed_by":"Shelled Parasite and Fungi","ascension_level":0}}