{"host":"ty2cix8xj6r3ad26","time":1612310211,"event":{"mods":["AchievementEnabler","BaseMod","BetterRewards","Infinite Spire","Minty Spire (QoL Compilation)","Quick Restart","StSLib","SuperFastMode"],"gold_per_floor":[118,118,134,9,23,51,51,51,51,51,70,97,97,112,112,185,185,205,205,205,55,66,95,95,109,180,212,212,227,239,272,272,349,349,371,396,409,411,20,20,20,65,65,76,94,107,135,152,152,227,227,235,84,161,172,174,193,193,198,198,207,207,209,226,218,218,268,268,266,259,260,260,272,272,292,300,300,149,154,189,212,204,204,275,275,276,267,111,87,87,87],"floor_reached":90,"language":"ENG","playtime":6410,"items_purged":["Strike_G","Defend_G","Strike_G","Writhe","Strike_G","Defend_G","Deflect"],"score":3211,"play_id":"cc3c5c8a-336c-4f6d-8f1b-62bf0a3b270d","local_time":"20210203015651","is_ascension_mode":true,"campfire_choices":[{"floor":7,"key":"REST"},{"data":"Footwork","floor":10,"key":"SMITH"},{"data":"Neutralize","floor":13,"key":"SMITH"},{"data":"Blade Dance","floor":15,"key":"SMITH"},{"data":"Phantasmal Killer","floor":24,"key":"SMITH"},{"data":"infinitespire:NeuralNetwork","floor":32,"key":"SMITH"},{"data":"Tools of the Trade","floor":40,"key":"SMITH"},{"data":"Accuracy","floor":49,"key":"SMITH"},{"data":"Envenom","floor":58,"key":"SMITH"},{"data":"Cloak And Dagger","floor":66,"key":"SMITH"},{"data":"Backflip","floor":74,"key":"SMITH"},{"data":"Backstab","floor":83,"key":"SMITH"}],"circlet_count":0,"master_deck":["AscendersBane","Survivor","Neutralize+1","Accuracy+1","Footwork+1","Backflip+1","Prepared","Blade Dance+1","Phantasmal Killer+1","Cloak And Dagger+1","Reflex+1","infinitespire:NeuralNetwork+1","Tactician+1","Bullet Time+1","Tools of the Trade+1","CurseOfTheBell","Underhanded Strike","Backstab+1","Blade Dance+1","infinitespire:Fortify+1","Envenom+1","Blur+1","Burst+1","infinitespire:TheBestDefense+1","Accuracy"],"relics":["Ring of the Snake","infinitespire:CheckeredPen","Potion Belt","infinitespire:Lychee Nut","StoneCalendar","infinitespire:FocusingShard","SlaversCollar","Toxic Egg 2","Gambling Chip","HornCleat","infinitespire:Midas Blood","Tingsha","Matryoshka","Calling Bell","infinitespire:Satchel","InkBottle","Calipers","Prayer Wheel","infinitespire:ShieldingShard","Bronze Scales","Bird Faced Urn","infinitespire:Lucky Rock","Ornamental Fan","Lantern","WristBlade","Nunchaku","Golden Idol","infinitespire:Bottled Soul","Meat on the Bone","infinitespire:BottledMercury","Boot","Empty Cage","Medical Kit","Anchor","Enchiridion","Lizard Tail","Oddly Smooth Stone","Molten Egg 2","Toy Ornithopter","Coffee Dripper","OrangePellets"],"acts_visited":["Exordium","TheCity","TheBeyond","Exordium","TheCity","TheBeyond"],"potions_floor_usage":[6,6,18,22,23,27,33,33,33,42,45,47,50,75,75,75,87,87,89],"damage_taken":[{"damage":0,"enemies":"Jaw Worm","floor":1,"turns":5},{"damage":0,"enemies":"Cultist","floor":3,"turns":4},{"damage":0,"enemies":"2 Louse","floor":5,"turns":3},{"damage":24,"enemies":"Gremlin Nob","floor":6,"turns":5},{"damage":0,"enemies":"Looter","floor":11,"turns":3},{"damage":4,"enemies":"3 Sentries","floor":12,"turns":7},{"damage":0,"enemies":"3 Louse","floor":14,"turns":3},{"damage":0,"enemies":"Slime Boss","floor":16,"turns":6},{"damage":1,"enemies":"Shell Parasite","floor":18,"turns":4},{"damage":7,"enemies":"3 Byrds","floor":22,"turns":3},{"damage":9,"enemies":"Nightmare","floor":23,"turns":5},{"damage":8,"enemies":"Shelled Parasite and Fungi","floor":25,"turns":5},{"damage":13,"enemies":"Slavers","floor":27,"turns":7},{"damage":0,"enemies":"Snake Plant","floor":29,"turns":2},{"damage":0,"enemies":"Centurion and Healer","floor":30,"turns":1},{"damage":0,"enemies":"Book of Stabbing","floor":31,"turns":3},{"damage":0,"enemies":"Automaton","floor":33,"turns":6},{"damage":2,"enemies":"Orb Walker","floor":35,"turns":2},{"damage":0,"enemies":"Mind Bloom Boss Battle","floor":36,"turns":3},{"damage":0,"enemies":"3 Shapes","floor":37,"turns":4},{"damage":0,"enemies":"2 Orb Walkers","floor":42,"turns":3},{"damage":0,"enemies":"Maw","floor":44,"turns":4},{"damage":0,"enemies":"Writhing Mass","floor":45,"turns":2},{"damage":4,"enemies":"Jaw Worm Horde","floor":46,"turns":3},{"damage":0,"enemies":"Nemesis","floor":47,"turns":5},{"damage":0,"enemies":"Maw","floor":48,"turns":4},{"damage":6,"enemies":"infinitespire:MassOfShapes","floor":50,"turns":7},{"damage":0,"enemies":"Small Slimes","floor":52,"turns":2},{"damage":0,"enemies":"2 Louse","floor":55,"turns":1},{"damage":0,"enemies":"Gremlin Nob","floor":57,"turns":1},{"damage":0,"enemies":"Jaw Worm","floor":59,"turns":1},{"damage":0,"enemies":"Blue Slaver","floor":61,"turns":1},{"damage":0,"enemies":"3 Sentries","floor":64,"turns":3},{"damage":0,"enemies":"Large Slime","floor":65,"turns":3},{"damage":0,"enemies":"The Guardian","floor":67,"turns":4},{"damage":2,"enemies":"Shell Parasite","floor":69,"turns":2},{"damage":0,"enemies":"3 Byrds","floor":70,"turns":2},{"damage":0,"enemies":"Snake Plant","floor":71,"turns":1},{"damage":0,"enemies":"Shelled Parasite and Fungi","floor":73,"turns":1},{"damage":0,"enemies":"Book of Stabbing","floor":75,"turns":1},{"damage":0,"enemies":"Snecko","floor":79,"turns":2},{"damage":0,"enemies":"Gremlin Leader","floor":80,"turns":1},{"damage":0,"enemies":"3 Cultists","floor":82,"turns":2},{"damage":0,"enemies":"Automaton","floor":84,"turns":2},{"damage":2,"enemies":"3 Shapes","floor":86,"turns":2},{"damage":0,"enemies":"3 Darklings","floor":87,"turns":2},{"damage":0,"enemies":"Transient","floor":89,"turns":2},{"damage":0,"enemies":"Jaw Worm Horde","floor":90,"turns":1}],"seed_played":"-5697658191322448073","potions_obtained":[{"floor":5,"key":"Poison Potion"},{"floor":11,"key":"SpeedPotion"},{"floor":14,"key":"ColorlessPotion"},{"floor":16,"key":"Poison Potion"},{"floor":18,"key":"SkillPotion"},{"floor":23,"key":"SneckoOil"},{"floor":27,"key":"Dexterity Potion"},{"floor":30,"key":"CunningPotion"},{"floor":31,"key":"DuplicationPotion"},{"floor":33,"key":"Ancient Potion"},{"floor":35,"key":"LiquidMemories"},{"floor":36,"key":"SkillPotion"},{"floor":37,"key":"DuplicationPotion"},{"floor":42,"key":"FearPotion"},{"floor":46,"key":"Fire Potion"},{"floor":57,"key":"GamblersBrew"},{"floor":65,"key":"ColorlessPotion"},{"floor":67,"key":"Swift Potion"},{"floor":75,"key":"GamblersBrew"},{"floor":82,"key":"GhostInAJar"},{"floor":84,"key":"AttackPotion"},{"floor":86,"key":"DistilledChaos"},{"floor":87,"key":"LiquidMemories"},{"floor":89,"key":"DistilledChaos"}],"is_trial":false,"path_per_floor":["M","?","M","$","M","E","R","?","T","R","M","E","R","M","R","B",null,"M","?","?","$","M","NM","R","M","T","E","AVR","M","M","E","R","B",null,"M","?","M","?","$","R","AVR","?","T","M","M","M","E","M","R","B",null,"M","$","?","M","?","E","R","M","T","M","?","?","E","M","R","B",null,"M","M","M","AVR","M","R","E","?","T","$","M","E","T","M","R","B",null,"M","M","$","M","M"],"character_chosen":"THE_SILENT","items_purchased":["infinitespire:CheckeredPen","Accuracy","Footwork","Deflect","Potion Belt","LiquidBronze","infinitespire:ShieldingShard","Bronze Scales","Nunchaku","Oddly Smooth Stone","OrangePellets"],"campfire_rested":1,"item_purchase_floors":[0,0,0,0,0,0,39,39,53,78,88],"current_hp_per_floor":[28,28,28,28,28,4,18,18,18,18,23,25,25,30,30,36,46,49,49,49,49,42,39,39,37,37,30,30,33,33,38,38,44,48,47,49,49,38,38,38,38,44,44,49,49,49,49,49,49,49,49,49,49,38,44,32,38,38,40,40,42,42,35,49,49,49,49,49,47,49,49,49,49,49,49,33,33,33,46,46,46,49,49,49,49,47,49,49,49,49,49],"gold":87,"neow_bonus":"","is_daily":false,"chose_seed":false,"campfire_upgraded":11,"win_rate":0.0,"timestamp":1612310211,"path_taken":["M","?","M","?","M","E","R","?","T","R","M","E","R","M","R","BOSS","M","?","?","?","M","NM","R","M","T","E","AVR","?","M","E","R","BOSS","M","?","M","?","?","R","AVR","?","T","M","M","M","E","M","R","BOSS","M","$","?","M","?","E","R","M","T","M","?","?","E","M","R","BOSS","M","M","M","AVR","M","R","E","?","T","$","M","E","?","M","R","BOSS","M","M","$","M","M"],"items_purchased_type":["Relic","Card","Card","Card","Relic","Potion","Relic","Relic","Relic","Relic","Relic"],"build_version":"2020-12-22","purchased_purges":7,"victory":false,"max_hp_per_floor":[66,66,66,66,66,49,49,49,49,49,49,49,49,49,49,49,49,49,49,49,49,49,49,49,49,49,49,49,49,49,49,49,49,49,49,49,49,49,49,49,49,49,49,49,49,49,49,49,49,49,49,49,49,49,49,49,49,49,49,49,49,49,49,49,49,49,49,49,49,49,49,49,49,49,49,49,49,49,49,49,49,49,49,49,49,49,49,49,49,49,49],"card_choices":[{"not_picked":["Backflip","Dagger Spray","Acrobatics"],"picked":"SKIP","floor":1},{"not_picked":["Poisoned Stab","Night Terror"],"picked":"Prepared","floor":3},{"not_picked":["Dagger Throw","Poisoned Stab","Concentrate"],"picked":"SKIP","floor":5},{"not_picked":["Well Laid Plans","Poisoned Stab","Deflect"],"picked":"SKIP","floor":6},{"not_picked":["Deadly Poison","Calculated Gamble"],"picked":"Caltrops","floor":11},{"not_picked":["Riddle With Holes","Backstab"],"picked":"Blade Dance","floor":12},{"not_picked":["Slice","Riddle With Holes","Eviscerate"],"picked":"SKIP","floor":14},{"not_picked":["Doppelganger","Burst"],"picked":"Phantasmal Killer","floor":16},{"not_picked":["Flying Knee","Acrobatics"],"picked":"Cloak And Dagger","floor":18},{"not_picked":["Endless Agony","Deflect+1","PiercingWail+1"],"picked":"SKIP","floor":22},{"not_picked":["Flying Knee","Catalyst+1","Corpse Explosion+1"],"picked":"SKIP","floor":23},{"not_picked":["Dagger Spray","Poisoned Stab"],"picked":"Reflex+1","floor":25},{"not_picked":["Slice","Dodge and Roll+1","Outmaneuver+1"],"picked":"SKIP","floor":27},{"not_picked":["Heel Hook","Outmaneuver+1","Deadly Poison+1"],"picked":"SKIP","floor":29},{"not_picked":["Dagger Spray","Bane"],"picked":"Tactician+1","floor":30},{"not_picked":["Heel Hook","Catalyst+1"],"picked":"Bullet Time+1","floor":31},{"not_picked":["Night Terror+1","Doppelganger+1"],"picked":"Tools of the Trade","floor":33},{"not_picked":["Poisoned Stab","Dagger Spray+1","Calculated Gamble+1"],"picked":"SKIP","floor":35},{"not_picked":["Heel Hook","Caltrops+1"],"picked":"Underhanded Strike","floor":36},{"not_picked":["All Out Attack","Deflect+1"],"picked":"Backstab","floor":37},{"not_picked":["PiercingWail+1","Dodge and Roll+1"],"picked":"Blade Dance+1","floor":37},{"not_picked":["infinitespire:Collect","infinitespire:SevenWalls"],"picked":"infinitespire:Fortify","floor":38},{"not_picked":["Reflex+1","Expertise+1","Wraith Form v2"],"picked":"SKIP","floor":44},{"not_picked":["Tactician+1","Distraction+1","Slice"],"picked":"SKIP","floor":44},{"not_picked":["Backflip+1","Sucker Punch","Bane+1"],"picked":"SKIP","floor":45},{"not_picked":["Cloak And Dagger+1","Dash","Backstab"],"picked":"SKIP","floor":45},{"not_picked":["Backflip+1","PiercingWail+1","Prepared+1"],"picked":"SKIP","floor":46},{"not_picked":["Backflip+1","Dodge and Roll+1","Footwork"],"picked":"SKIP","floor":46},{"not_picked":["Dodge and Roll+1","Slice","Flechettes"],"picked":"SKIP","floor":47},{"not_picked":["Bane+1","Sucker Punch","All Out Attack+1"],"picked":"SKIP","floor":48},{"not_picked":["Backflip+1","Footwork","Cloak And Dagger+1"],"picked":"SKIP","floor":48},{"not_picked":["Phantasmal Killer+1","Doppelganger+1"],"picked":"Envenom","floor":50},{"not_picked":["PiercingWail+1","Caltrops","Dagger Throw"],"picked":"SKIP","floor":52},{"not_picked":["Expertise+1","Acrobatics+1","Distraction+1"],"picked":"SKIP","floor":52},{"not_picked":["Dodge and Roll+1","Accuracy","Deadly Poison+1"],"picked":"SKIP","floor":55},{"not_picked":["Reflex+1","Cloak And Dagger+1","Dagger Throw"],"picked":"SKIP","floor":55},{"not_picked":["Dagger Spray","Dash","Slice"],"picked":"SKIP","floor":57},{"not_picked":["Cloak And Dagger+1","Die Die Die","Dagger Throw"],"picked":"SKIP","floor":59},{"not_picked":["Dagger Throw","Slice","Well Laid Plans"],"picked":"SKIP","floor":59},{"not_picked":["Cloak And Dagger+1","Die Die Die","Dagger Throw"],"picked":"SKIP","floor":59},{"not_picked":["Dagger Throw","Slice","Well Laid Plans"],"picked":"SKIP","floor":59},{"not_picked":["Noxious Fumes","Masterful Stab"],"picked":"Blur+1","floor":61},{"not_picked":["Dash","Backflip+1","Infinite Blades"],"picked":"SKIP","floor":61},{"not_picked":["Prepared+1","Grand Finale","Riddle With Holes"],"picked":"SKIP","floor":64},{"not_picked":["Endless Agony","Cloak And Dagger+1","Acrobatics+1"],"picked":"SKIP","floor":65},{"not_picked":["Slice","PiercingWail+1","Doppelganger+1"],"picked":"SKIP","floor":65},{"not_picked":["Die Die Die","Storm of Steel+1"],"picked":"Burst+1","floor":67},{"not_picked":["infinitespire:DeathsTouch","infinitespire:Fortify"],"picked":"infinitespire:TheBestDefense","floor":68},{"not_picked":["Bane","Reflex+1","Sucker Punch"],"picked":"SKIP","floor":69},{"not_picked":["Cloak And Dagger+1","Leg Sweep+1","Flechettes"],"picked":"SKIP","floor":69},{"not_picked":["PiercingWail+1","Flying Knee","Sucker Punch"],"picked":"SKIP","floor":70},{"not_picked":["Escape Plan+1","Outmaneuver+1","Bane"],"picked":"SKIP","floor":70},{"not_picked":["Setup+1","Sucker Punch","Dagger Spray"],"picked":"SKIP","floor":71},{"not_picked":["Bouncing Flask+1","Flying Knee","Prepared+1"],"picked":"SKIP","floor":71},{"not_picked":["Caltrops","Burst+1","Blur+1"],"picked":"SKIP","floor":73},{"not_picked":["Concentrate+1","Skewer","Dash"],"picked":"SKIP","floor":73},{"not_picked":["Backflip+1","Masterful Stab","Acrobatics+1"],"picked":"SKIP","floor":75},{"not_picked":["Flechettes","Blur+1","Slice+1"],"picked":"SKIP","floor":79},{"not_picked":["Distraction+1","Heel Hook","Prepared+1"],"picked":"SKIP","floor":79},{"not_picked":["Blade Dance+1","Sucker Punch+1","Eviscerate+1"],"picked":"SKIP","floor":80},{"not_picked":["Finisher+1","PiercingWail+1","Sucker Punch+1"],"picked":"SKIP","floor":82},{"not_picked":["Heel Hook+1","Eviscerate+1","Prepared+1"],"picked":"SKIP","floor":82},{"not_picked":["Sucker Punch+1","Dagger Throw+1","Heel Hook+1"],"picked":"SKIP","floor":86},{"not_picked":["Riddle With Holes+1","Skewer+1","All Out Attack+1"],"picked":"SKIP","floor":86},{"not_picked":["Slice+1","Quick Slash+1"],"picked":"Accuracy","floor":87},{"not_picked":["Dagger Throw+1","Cloak And Dagger+1","Choke+1"],"picked":"SKIP","floor":87},{"not_picked":["Footwork","Deflect+1","Die Die Die+1"],"picked":"SKIP","floor":89},{"not_picked":["Flying Knee+1","Escape Plan+1","Backflip+1"],"picked":"SKIP","floor":89}],"player_experience":532033,"relics_obtained":[{"floor":6,"key":"infinitespire:Lychee Nut"},{"floor":9,"key":"StoneCalendar"},{"floor":12,"key":"infinitespire:FocusingShard"},{"floor":23,"key":"Gambling Chip"},{"floor":26,"key":"HornCleat"},{"floor":27,"key":"infinitespire:Midas Blood"},{"floor":31,"key":"Matryoshka"},{"floor":34,"key":"infinitespire:Satchel"},{"floor":34,"key":"InkBottle"},{"floor":34,"key":"Calipers"},{"floor":36,"key":"Prayer Wheel"},{"floor":42,"key":"Bird Faced Urn"},{"floor":43,"key":"infinitespire:Lucky Rock"},{"floor":43,"key":"Ornamental Fan"},{"floor":47,"key":"Lantern"},{"floor":57,"key":"infinitespire:Bottled Soul"},{"floor":60,"key":"Meat on the Bone"},{"floor":60,"key":"infinitespire:BottledMercury"},{"floor":64,"key":"Boot"},{"floor":75,"key":"Anchor"},{"floor":76,"key":"Enchiridion"},{"floor":77,"key":"Lizard Tail"},{"floor":80,"key":"Molten Egg 2"},{"floor":81,"key":"Toy Ornithopter"}],"event_choices":[{"cards_removed":["Defend_G"],"damage_healed":0,"gold_gain":0,"player_choice":"Offered Basic","damage_taken":0,"max_hp_gain":0,"max_hp_loss":0,"event_name":"Bonfire Elementals","floor":2,"gold_loss":0},{"cards_removed":["Defend_G"],"damage_healed":0,"gold_gain":0,"player_choice":"Forget","damage_taken":0,"max_hp_gain":0,"max_hp_loss":0,"event_name":"Living Wall","floor":8,"gold_loss":0},{"damage_healed":0,"gold_gain":0,"player_choice":"Opened","damage_taken":0,"relics_obtained":["Toxic Egg 2"],"max_hp_gain":0,"max_hp_loss":0,"event_name":"The Mausoleum","floor":19,"gold_loss":0,"cards_obtained":["Writhe"]},{"damage_healed":0,"gold_gain":0,"player_choice":"Ignored","damage_taken":0,"max_hp_gain":0,"max_hp_loss":0,"event_name":"Vampires","floor":20,"gold_loss":0},{"damage_healed":0,"gold_gain":0,"player_choice":"Fight","damage_taken":0,"max_hp_gain":0,"max_hp_loss":0,"event_name":"MindBloom","floor":36,"gold_loss":0},{"damage_healed":0,"gold_gain":0,"player_choice":"Fight","damage_taken":0,"max_hp_gain":0,"max_hp_loss":0,"event_name":"Mysterious Sphere","floor":42,"gold_loss":0},{"damage_healed":0,"gold_gain":75,"player_choice":"Gather Gold","damage_taken":11,"max_hp_gain":0,"max_hp_loss":0,"event_name":"World of Goop","floor":54,"gold_loss":0},{"damage_healed":0,"gold_gain":0,"player_choice":"Take Damage","damage_taken":12,"relics_obtained":["Golden Idol"],"max_hp_gain":0,"max_hp_loss":0,"event_name":"Golden Idol","floor":56,"gold_loss":0},{"cards_removed":["Strike_G"],"damage_healed":0,"gold_gain":0,"player_choice":"Card Removal","damage_taken":7,"max_hp_gain":0,"max_hp_loss":0,"event_name":"Golden Wing","floor":63,"gold_loss":0},{"damage_healed":0,"gold_gain":0,"player_choice":"Obtained Book","damage_taken":16,"max_hp_gain":0,"max_hp_loss":0,"event_name":"Cursed Tome","floor":76,"gold_loss":0}],"is_beta":false,"boss_relics":[{"not_picked":["Philosopher\u0027s Stone","Tiny House"],"picked":"SlaversCollar"},{"not_picked":["Cursed Key","Busted Crown"],"picked":"Calling Bell"},{"not_picked":["Black Star","Runic Pyramid"],"picked":"WristBlade"},{"not_picked":["Black Star","Fusion Hammer"],"picked":"Empty Cage"},{"not_picked":["Ring of the Serpent","Philosopher\u0027s Stone"],"picked":"Coffee Dripper"}],"items_purged_floors":[0,0,4,21,28,41,72],"is_endless":true,"potions_floor_spawned":[5,11,14,16,18,23,27,30,31,33,35,36,37,42,46,57,65,67,69,71,75,82,84,86,87,89],"killed_by":"Jaw Worm Horde","ascension_level":14}}