{"host":"v01bqsqy2z1qiiuc","time":1612246099,"event":{"mods":["BaseMod","Better Altar","Better Note","Better Skull","Better Third Choice","Colored Map","Highlight Path","Minty Spire (QoL Compilation)","Permanent Neow","StSLib"],"gold_per_floor":[116,191,209,159,179,179,189,189,189,189,38,38,55,72,72,175,175,191,191,211,211,226,254,254,267,267,295,295,295,311,331,331,435,435,454,34,50,0,14,46,46,72,81,81,101,101,110,135,135,135],"floor_reached":51,"language":"ENG","playtime":2587,"items_purged":[],"score":739,"play_id":"b4810bee-8548-4bda-9d76-6ff4c25c376e","local_time":"20210201220819","is_ascension_mode":false,"campfire_choices":[{"data":"Reaper","floor":6,"key":"SMITH"},{"data":"Dramatic Entrance","floor":8,"key":"SMITH"},{"data":"Bash","floor":12,"key":"SMITH"},{"data":"Perfected Strike","floor":15,"key":"SMITH"},{"data":"Offering","floor":24,"key":"SMITH"},{"data":"Uppercut","floor":29,"key":"SMITH"},{"data":"Offering","floor":32,"key":"SMITH"},{"floor":41,"key":"REST"},{"data":"Exhume","floor":44,"key":"SMITH"},{"data":"Demon Form","floor":46,"key":"SMITH"},{"data":"Wild Strike","floor":49,"key":"SMITH"}],"circlet_count":0,"master_deck":["Strike_R","Strike_R","Strike_R","Strike_R","Defend_R","Defend_R","Defend_R","Defend_R","Bash+1","Dramatic Entrance+1","Reaper+1","Rampage+1","Perfected Strike+1","Fire Breathing+1","Offering+1","Body Slam+1","Offering+1","Uppercut+1","Ghostly Armor+1","Wild Strike+1","Demon Form+1","Evolve+1","Wild Strike+1","Fire Breathing+1","Evolve","Exhume+1","Decay","Shrug It Off+1","Writhe","Inflame+1"],"relics":["Burning Blood","StrikeDummy","Bronze Scales","Mark of Pain","Incense Burner","Mango","Ancient Tea Set","Cursed Key","Bottled Tornado","DollysMirror","Red Mask","Ornamental Fan","Centennial Puzzle","CeramicFish"],"acts_visited":["Exordium","TheCity","TheBeyond"],"potions_floor_usage":[14,22,23,27,33,37,40,50,50],"damage_taken":[{"damage":4,"enemies":"2 Louse","floor":1,"turns":2},{"damage":0,"enemies":"Small Slimes","floor":3,"turns":2},{"damage":8,"enemies":"Jaw Worm","floor":5,"turns":3},{"damage":1,"enemies":"2 Fungi Beasts","floor":7,"turns":2},{"damage":5,"enemies":"Looter","floor":13,"turns":2},{"damage":13,"enemies":"Red Slaver","floor":14,"turns":2},{"damage":60,"enemies":"The Guardian","floor":16,"turns":13},{"damage":11,"enemies":"Spheric Guardian","floor":18,"turns":3},{"damage":6,"enemies":"Chosen","floor":20,"turns":3},{"damage":19,"enemies":"Centurion and Healer","floor":22,"turns":3},{"damage":18,"enemies":"Gremlin Leader","floor":23,"turns":4},{"damage":12,"enemies":"3 Cultists","floor":25,"turns":3},{"damage":15,"enemies":"Slavers","floor":27,"turns":2},{"damage":5,"enemies":"Cultist and Chosen","floor":30,"turns":4},{"damage":8,"enemies":"Shelled Parasite and Fungi","floor":31,"turns":2},{"damage":89,"enemies":"Automaton","floor":33,"turns":10},{"damage":12,"enemies":"3 Shapes","floor":35,"turns":1},{"damage":11,"enemies":"3 Darklings","floor":37,"turns":3},{"damage":49,"enemies":"Writhing Mass","floor":39,"turns":5},{"damage":20,"enemies":"Giant Head","floor":40,"turns":6},{"damage":28,"enemies":"Reptomancer","floor":42,"turns":4},{"damage":2,"enemies":"4 Shapes","floor":45,"turns":3},{"damage":12,"enemies":"Spire Growth","floor":48,"turns":3},{"damage":51,"enemies":"Donu and Deca","floor":50,"turns":4}],"seed_played":"6977337176893578936","potions_obtained":[{"floor":1,"key":"Swift Potion"},{"floor":5,"key":"Energy Potion"},{"floor":13,"key":"GamblersBrew"},{"floor":16,"key":"Fire Potion"},{"floor":18,"key":"DistilledChaos"},{"floor":20,"key":"LiquidMemories"},{"floor":30,"key":"BlessingOfTheForge"},{"floor":31,"key":"BlessingOfTheForge"},{"floor":39,"key":"FearPotion"},{"floor":45,"key":"Weak Potion"},{"floor":48,"key":"DuplicationPotion"}],"is_trial":false,"path_per_floor":["M","?","M","?","M","R","M","R","T","?","$","R","M","M","R","B",null,"M","?","M","?","M","E","R","M","T","E","?","R","M","M","R","B",null,"M","$","M","?","M","E","R","E","T","R","M","R","?","M","R","B",null],"character_chosen":"IRONCLAD","items_purchased":["Bronze Scales","Bottled Tornado","DollysMirror","Wild Strike"],"campfire_rested":1,"item_purchase_floors":[11,36,36,36],"current_hp_per_floor":[80,69,75,75,73,73,80,80,80,80,80,80,80,73,73,24,80,75,75,75,75,67,62,62,61,75,66,66,66,77,75,75,7,94,94,94,89,89,48,44,72,57,57,57,61,61,85,86,86,76],"gold":135,"neow_bonus":"RANDOM_COLORLESS","is_daily":false,"chose_seed":false,"campfire_upgraded":10,"win_rate":0.0,"timestamp":1612246099,"path_taken":["M","?","M","?","M","R","M","R","T","?","$","R","M","M","R","BOSS","M","?","M","?","M","E","R","M","T","E","?","R","?","M","R","BOSS","M","$","M","?","M","E","R","E","T","R","M","R","?","M","R","BOSS"],"items_purchased_type":["Relic","Relic","Relic","Card"],"build_version":"2020-12-22","purchased_purges":0,"victory":true,"max_hp_per_floor":[80,80,80,80,80,80,80,80,80,80,80,80,80,80,80,80,80,80,80,80,80,80,80,80,80,94,94,94,94,94,94,94,94,94,94,94,94,94,94,94,94,94,94,94,94,94,94,94,94,94],"card_choices":[{"not_picked":["Blind","Trip"],"picked":"Dramatic Entrance","floor":0},{"not_picked":["Flex","True Grit"],"picked":"Thunderclap","floor":1},{"not_picked":["True Grit","Headbutt"],"picked":"Reaper","floor":3},{"not_picked":["Pummel","Second Wind"],"picked":"Rampage","floor":5},{"not_picked":["Clash","Flex"],"picked":"Cleave","floor":7},{"not_picked":["Body Slam","Flex"],"picked":"Perfected Strike","floor":13},{"not_picked":["Warcry","Feel No Pain"],"picked":"Fire Breathing","floor":14},{"not_picked":["Brutality","Feed"],"picked":"Offering","floor":16},{"not_picked":["Pommel Strike","Carnage"],"picked":"Body Slam+1","floor":18},{"not_picked":["Clothesline","Heavy Blade","Anger"],"picked":"SKIP","floor":20},{"not_picked":["Searing Blow","Rampage","Headbutt"],"picked":"SKIP","floor":22},{"not_picked":["Hemokinesis","Intimidate"],"picked":"Offering","floor":23},{"not_picked":["Pommel Strike","Cleave+1","Perfected Strike"],"picked":"SKIP","floor":25},{"not_picked":["Headbutt","Body Slam","Sentinel"],"picked":"SKIP","floor":27},{"not_picked":["Flex","Headbutt"],"picked":"Ghostly Armor+1","floor":30},{"not_picked":["Body Slam","Iron Wave"],"picked":"Wild Strike+1","floor":31},{"not_picked":["Barricade","Juggernaut"],"picked":"Demon Form","floor":33},{"not_picked":["Cleave","Clash+1"],"picked":"Evolve+1","floor":35},{"not_picked":["Warcry+1","Flex+1"],"picked":"Evolve","floor":37},{"not_picked":["Sword Boomerang","Havoc+1","Entrench"],"picked":"SKIP","floor":39},{"not_picked":["Disarm","Heavy Blade","Sword Boomerang"],"picked":"SKIP","floor":40},{"not_picked":["Dark Embrace+1","Twin Strike+1"],"picked":"Exhume","floor":42},{"not_picked":["Heavy Blade+1","Perfected Strike+1"],"picked":"Shrug It Off+1","floor":45},{"not_picked":["Twin Strike+1","Perfected Strike"],"picked":"Inflame+1","floor":48}],"player_experience":541467,"relics_obtained":[{"floor":9,"key":"StrikeDummy"},{"floor":23,"key":"Incense Burner"},{"floor":26,"key":"Mango"},{"floor":27,"key":"Ancient Tea Set"},{"floor":40,"key":"Ornamental Fan"},{"floor":42,"key":"Centennial Puzzle"},{"floor":43,"key":"CeramicFish"}],"event_choices":[{"damage_healed":0,"gold_gain":75,"player_choice":"Gold","damage_taken":11,"max_hp_gain":0,"max_hp_loss":0,"event_name":"betterThird:BetterGoop","floor":2,"gold_loss":0},{"cards_removed":["Strike_R"],"damage_healed":0,"gold_gain":0,"player_choice":"Card Removal","damage_taken":0,"max_hp_gain":0,"max_hp_loss":0,"event_name":"The Cleric","floor":4,"gold_loss":50},{"damage_healed":0,"gold_gain":0,"player_choice":"Grow","damage_taken":0,"max_hp_gain":0,"max_hp_loss":0,"event_name":"Living Wall","floor":10,"gold_loss":0,"cards_upgraded":["Rampage"]},{"damage_healed":0,"gold_gain":0,"player_choice":"Upgraded","damage_taken":0,"max_hp_gain":0,"max_hp_loss":0,"event_name":"Upgrade Shrine","floor":19,"gold_loss":0,"cards_upgraded":["Fire Breathing"]},{"cards_removed":["Thunderclap"],"damage_healed":0,"gold_gain":0,"player_choice":"Purged","damage_taken":0,"max_hp_gain":0,"max_hp_loss":0,"event_name":"Purifier","floor":21,"gold_loss":0},{"damage_healed":0,"gold_gain":0,"cards_transformed":["Cleave"],"player_choice":"Transformed","damage_taken":0,"max_hp_gain":0,"max_hp_loss":0,"event_name":"Transmorgrifier","floor":28,"gold_loss":0,"cards_obtained":["Uppercut"]},{"damage_healed":0,"gold_gain":0,"player_choice":"Paid","damage_taken":0,"relics_obtained":["Red Mask"],"max_hp_gain":0,"max_hp_loss":0,"event_name":"Tomb of Lord Red Mask","floor":38,"gold_loss":50},{"damage_healed":24,"gold_gain":0,"player_choice":"Writhe","damage_taken":0,"max_hp_gain":0,"max_hp_loss":0,"event_name":"Winding Halls","floor":47,"gold_loss":0,"cards_obtained":["Writhe"]}],"is_beta":false,"boss_relics":[{"not_picked":["Runic Cube","Runic Dome"],"picked":"Mark of Pain"},{"not_picked":["Calling Bell","Black Star"],"picked":"Cursed Key"}],"items_purged_floors":[],"is_endless":false,"potions_floor_spawned":[1,5,13,16,18,20,30,31,39,45,48],"ascension_level":0}}