{"host":"2qpilcmj89x3pncz","time":1612283665,"event":{"mods":["100% Spire Juice","2.2 Compatiblity","Act Like it!","Aspiration","BaseMod","Beaked The Cultist","BetterRewards","Colored Map","Colored Powertips","Conjunction","Conspire","Dota2Spire","Evolution","Faster Ascension Climbing","Gensokyo","GifTheSpireLib","Grow up Mod","Halation","Hubris","Infinite Spire","Jedi Mod","KomeijiMod","Marisa????????","Mimic Mod","Minty Spire (QoL Compilation)","Pale of the Ancients","Poem Panic","Quarter Circle Forward PUNCH!","Quick Restart","Replay The Spire","Shop Mod","Small Relic Pack","Spicy Shops","Spikes Relics","StSLib","Strawberry Spire","Stuff the Spire","SuperFastMode","Synergy Search","The Servant 0.9.4","Wandering Minibosses","Yakumo Yukari mod"],"gold_per_floor":[111,32,51,9,218,250,250,275,275,275,310,310,347,347,347,449,449,459,471,64,64,76,102,312,343,343,343,353,385,400,400,400,501,501,520,520,540,540,540,540,567,579,612,296,321,321,651,671,671,671,671,671,453,1005,1043],"floor_reached":56,"language":"ENG","playtime":3648,"items_purged":["Strike_Komeiji","Defend_Komeiji","Strike_Komeiji"],"score":2260,"play_id":"8ee9d3fa-1669-4977-8e59-141b96214a2a","local_time":"20210202163425","is_ascension_mode":true,"campfire_choices":[{"data":"Magnetism","floor":7,"key":"SMITH"},{"floor":15,"key":"RECALL"},{"data":"Dash_Komeiji","floor":39,"key":"SMITH"},{"data":"IceTornado","floor":40,"key":"SMITH"},{"data":"Mishyaguji+1","floor":46,"key":"SWEEP"},{"data":"infinitespire:UltimateForm","floor":49,"key":"SMITH"},{"data":"Gensokyo:SevenSchoolMysteries","floor":52,"key":"SMITH"}],"circlet_count":0,"master_deck":["Defend_Komeiji","Defend_Komeiji","Defend_Komeiji","Dash_Komeiji+1","Magnetism+1","KeiseiJin+1","HagoromoKu","CondensedBubble+","WipeMoisture+","VampireKiss+1","JyouchiJin+1","ElementInvoke","GasuOrimono","FreezeTouchMe","SeishiRoten+1","JigokuNoTaiyou","SpringWind+","SuitokuNoKyoryu","KokorosuKi+1","SenseofElegance","SilentSelene","KinbakuJin+1","TerribleSouvenir","WinterElement+","CS_Cirno","IceTornado+1","Agarareta+1","CondensedBubble+","Gensokyo:SevenSchoolMysteries+1","DochyakuKami+1","SatsujinDooru","CS_Yuyuko","MusuNoYume","WumiGaWareru","MissingPower+1","EmeraldCity+","StickyBubble+","SenyouGoraku+1","Gensokyo:TekeTeke","RoyalFlare","DemonLordCradle","infinitespire:UltimateForm+1","RoshinSou+1","RikonNoKama+1","StaticGreen+","Mishyaguji+1","CS_Komachi","Sabishigari+1","CS_Iku","HagoromoMizu","jedi:forcepush","DochyakuKami+1","HenyouMirume","GasuOrimono","Panache","EmeraldCity+"],"relics":["KomeijisEye","SpellCardsRule","MusicBox","EVO:Axolotl","SpikesRelics:DaevaFist","SpellExtend","NitorisBag","strawberrySpire:GlyphStone","jedi:arcanewood","BargainBundle","Mummified Hand","halation:VictoryRuler","CrystalOfMemory","Gensokyo:CelestialsFlawlessClothing","halation:PrussianBluePaint","Pen Nib","halation:TwoAmDonut","Coffee Dripper","Gensokyo:MosesMiracle","infinitespire:PuzzleCube","CrystalBall","infinitespire:Broken Mirror","qcfpunch:Wild_Herbs_Ointment","WingedGreaves","wanderingMiniBosses:AbyssPearl","CosmicIsotope","strawberrySpire:SolarisEssence","Dota2Spire:Dagon","SnailShell","jedi:shrinkray","Replay:Mystery Machine","FamiliarSpoon","FamiliarSpoon","Bag of Marbles","Eternal Feather","Vajra","MerchantsRug","halation:IllGainedPizza","hubris:NiceRug","infinitespire:ShieldingShard","Bottled Lightning","halation:Jellyphish","halation:PeacePiece","Bronze Scales"],"acts_visited":["Gensokyo:Gensokyo","Gensokyo:Gensokyoer","Gensokyo:Gensokyoest","TheEnding"],"potions_floor_usage":[8,16,24],"damage_taken":[{"damage":2.0,"enemies":"Gensokyo:Gryphon","floor":1.0,"turns":8.0},{"damage":0.0,"enemies":"Gensokyo:Python","floor":3.0,"turns":5.0},{"damage":0.0,"enemies":"Gensokyo:Cirno","floor":6.0,"turns":6.0},{"damage":13,"enemies":"Gensokyo:Mamizou","floor":8,"turns":9},{"damage":10,"enemies":"Gensokyo:Aya","floor":11,"turns":8},{"damage":11,"enemies":"Gensokyo:3_Fairies","floor":13,"turns":9},{"damage":5,"enemies":"Gensokyo:3_Fairies","floor":14,"turns":7},{"damage":0,"enemies":"Gensokyo:Reimu","floor":16,"turns":9},{"damage":6,"enemies":"Gensokyo:AngelMirror","floor":18,"turns":6},{"damage":11,"enemies":"Gensokyo:CosmicMonolith","floor":19,"turns":7},{"damage":39,"enemies":"Gensokyo:Wraith","floor":22,"turns":5},{"damage":5,"enemies":"Nightmare","floor":23,"turns":11},{"damage":0,"enemies":"Gensokyo:Chomper_and_Gloop","floor":24,"turns":7},{"damage":0,"enemies":"Gensokyo:Tenshi","floor":25,"turns":4},{"damage":29,"enemies":"Gensokyo:Swordslinger","floor":28,"turns":7},{"damage":32,"enemies":"Gensokyo:Koishi","floor":29,"turns":5},{"damage":26,"enemies":"Gensokyo:Wraith","floor":30,"turns":4},{"damage":107,"enemies":"Gensokyo:Eternal_Rivals","floor":33,"turns":10},{"damage":12,"enemies":"Gensokyo:AncientGuardian","floor":35,"turns":5},{"damage":0,"enemies":"Gensokyo:3_Boulders","floor":37,"turns":2},{"damage":0,"enemies":"Gensokyo:Marisa","floor":41,"turns":5},{"damage":32,"enemies":"Gensokyo:Dusk_and_Dawn","floor":42,"turns":4},{"damage":5,"enemies":"Gensokyo:Rafflesia","floor":43,"turns":8},{"damage":25,"enemies":"Gensokyo:Kasen","floor":45,"turns":5},{"damage":16,"enemies":"Gensokyo:Doremy","floor":47,"turns":7},{"damage":47,"enemies":"Gensokyo:Rafflesia","floor":48,"turns":6},{"damage":8,"enemies":"Gensokyo:Yuyuko","floor":50,"turns":11},{"damage":13,"enemies":"hubris:Merchant","floor":53,"turns":8},{"damage":0,"enemies":"Shield and Spear","floor":54,"turns":10},{"damage":0,"enemies":"The Heart","floor":55,"turns":5}],"seed_played":"-3698823910728229896","potions_obtained":[{"floor":3.0,"key":"Regen Potion"},{"floor":8,"key":"Adrenaline Potion"},{"floor":16,"key":"CultistPotion"},{"floor":19,"key":"BlessingOfTheForge"},{"floor":23,"key":"Explosive Potion"},{"floor":24,"key":"jedi:tentaclejuice"},{"floor":53,"key":"AttackPotion"}],"is_trial":false,"path_per_floor":["M","$","M","COS","?","E","R","E","T","?","E","?","MIM","M","R","B",null,"M","M","COS","?","M","NM","M","E","T","?","M","E","M","?","R","B",null,"M","AVR","M","?","R","R","E","M","MIM","COS","E","R","E","M","R","B",null,"R","$","E","B",null],"character_chosen":"KomeijiSatori","items_purchased":["Magnetism","SpikesRelics:DaevaFist","SpellExtend","NitorisBag","KeiseiJin+1","HagoromoKu","CondensedBubble+","WipeMoisture+","strawberrySpire:GlyphStone","jedi:arcanewood","ElementInvoke","GasuOrimono","BargainBundle","Mummified Hand","FreezeTouchMe","SeishiRoten+1","JigokuNoTaiyou","SuitokuNoKyoryu","HagoromoMizu","Vajra","MerchantsRug","halation:IllGainedPizza","jedi:forcepush"],"campfire_rested":0,"item_purchase_floors":[0,0,0,0,0,0,0,0,0,0,0,0,0,0,0,0,0,2,53,53,53,53,53],"current_hp_per_floor":[66,76,90,100,110,120,130,132,142,115,117,93,97,105,115,153,213,221,223,233,243,235,265,275,288,298,308,289,279,263,273,283,195,324,322,332,342,337,347,357,388,366,407,417,411,468,468,434,471,481,523,544,541,554,574],"gold":1043,"neow_bonus":"","is_daily":false,"chose_seed":false,"campfire_upgraded":5,"win_rate":0.0,"timestamp":1612283665,"path_taken":["M","$","M","COS","?","E","R","E","T","?","E","?","?","M","R","BOSS","M","M","COS","?","?","NM","M","E","T","?","M","E","M","?","R","BOSS","M","AVR","M","?","?","R","E","?","MIM","COS","E","R","E","M","R","BOSS","R","$","E","BOSS"],"items_purchased_type":["Card","Relic","Relic","Relic","Card","Card","Undefined","Undefined","Relic","Relic","Card","Card","Relic","Relic","Card","Card","Card","Card","Card","Relic","Relic","Relic","Card"],"build_version":"2020-12-22","purchased_purges":3,"victory":true,"max_hp_per_floor":[70,80,90,100,110,120,130,140,150,160,170,180,190,200,210,220,230,240,250,260,270,280,290,300,310,320,330,340,350,360,334,344,354,364,374,384,394,404,414,424,434,444,454,464,474,484,494,504,514,524,534,544,554,564,584],"card_choices":[{"not_picked":["RikonNoKama+1","JyouchiJin+1"],"picked":"SpringWind+","floor":1.0},{"not_picked":["KoKei+1","KinbakuJin+1"],"picked":"KokorosuKi+1","floor":3.0},{"not_picked":["SummerFlame+","SenyouGoraku+1"],"picked":"SenseofElegance","floor":6},{"not_picked":["JigokuNoTaiyou","MusouMyousyu"],"picked":"SilentSelene","floor":8},{"not_picked":["SummerFlame+","JyouchiJin+1"],"picked":"KinbakuJin+1","floor":8},{"not_picked":["KeiseiJin+1","SenyouGoraku+1"],"picked":"TerribleSouvenir","floor":11},{"not_picked":["YoukiSo+1","KokorosuKi+1"],"picked":"WinterElement+","floor":14},{"not_picked":["SilentSelene","TerribleSouvenir"],"picked":"IceTornado","floor":16},{"not_picked":["JyouchiJin+1","KimairaNoYoku"],"picked":"Agarareta+1","floor":18},{"not_picked":["Melting+1","KeiseiJin+1"],"picked":"CondensedBubble+","floor":19},{"not_picked":["KinbakuJin+1","YoukiSo+1"],"picked":"DochyakuKami+1","floor":22},{"not_picked":["HenyouMirume","KeiseiJin+1"],"picked":"SatsujinDooru","floor":22},{"not_picked":["KokorosuKi+1","SeishiRoten+1"],"picked":"MusuNoYume","floor":23},{"not_picked":["LunaDial","EverywhereHibernate"],"picked":"WumiGaWareru","floor":24},{"not_picked":["SelfTokamak","Agarareta+1"],"picked":"MissingPower+1","floor":24},{"not_picked":["GasuOrimono","SpringWind+"],"picked":"EmeraldCity+","floor":25},{"not_picked":["SenseofElegance","DemonsDinnerFork+1"],"picked":"StickyBubble+","floor":28},{"not_picked":["StickyBubble+","CondensedBubble+"],"picked":"SenyouGoraku+1","floor":29},{"not_picked":["KinbakuJin+1","JyouchiJin+1","MusuNoYume"],"picked":"SKIP","floor":30},{"not_picked":["Gensokyo:SevenSchoolMysteries","Gensokyo:LittleGreenMen"],"picked":"Gensokyo:TekeTeke","floor":31},{"not_picked":["ElementInvoke","JigokuNoTaiyou"],"picked":"RoyalFlare","floor":33},{"not_picked":["SummerFlame+","Melting+1"],"picked":"DemonLordCradle","floor":35},{"not_picked":["MidautumnSpear+","Sabishigari+1"],"picked":"RoshinSou+1","floor":37},{"not_picked":["StickyBubble+","MissingPower"],"picked":"RikonNoKama+1","floor":41},{"not_picked":["WipeMoisture+","HagoromoMizu+1","CondensedBubble+"],"picked":"SKIP","floor":42},{"not_picked":["SelfTokamak+1","WipeMoisture+"],"picked":"DochyakuKami+1","floor":43},{"not_picked":["RikonNoKama+1","DemonsDinnerFork+1"],"picked":"StaticGreen+","floor":45},{"not_picked":["SenyouGoraku+1","Melting+1"],"picked":"Sabishigari+1","floor":47},{"not_picked":["WinterElement+","KeiseiJin+1","SeishiRoten+1"],"picked":"SKIP","floor":48},{"not_picked":["KeiseiJin+1","Mishyaguji+1","Sabishigari+1"],"picked":"SKIP","floor":48},{"not_picked":[],"picked":"DochyakuKami+1","floor":53},{"not_picked":[],"picked":"HenyouMirume","floor":53},{"not_picked":[],"picked":"GasuOrimono","floor":53},{"not_picked":[],"picked":"Panache","floor":53},{"not_picked":["SummerFlame+"],"picked":"SKIP","floor":53},{"not_picked":["StickyBubble+","Agarareta+1"],"picked":"EmeraldCity+","floor":54}],"player_experience":265544,"relics_obtained":[{"floor":6,"key":"halation:VictoryRuler"},{"floor":8,"key":"CrystalOfMemory"},{"floor":11,"key":"halation:PrussianBluePaint"},{"floor":13,"key":"halation:TwoAmDonut"},{"floor":23,"key":"infinitespire:PuzzleCube"},{"floor":24,"key":"Gensokyo:MosesMiracle"},{"floor":25,"key":"CrystalBall"},{"floor":26,"key":"infinitespire:Broken Mirror"},{"floor":29,"key":"qcfpunch:Wild_Herbs_Ointment"},{"floor":30,"key":"wanderingMiniBosses:AbyssPearl"},{"floor":41,"key":"jedi:shrinkray"},{"floor":43,"key":"Replay:Mystery Machine"},{"floor":45,"key":"Bag of Marbles"},{"floor":47,"key":"Eternal Feather"},{"floor":53,"key":"infinitespire:ShieldingShard"},{"floor":53,"key":"Bottled Lightning"},{"floor":53,"key":"halation:Jellyphish"},{"floor":53,"key":"halation:PeacePiece"},{"floor":54,"key":"Bronze Scales"}],"event_choices":[],"is_beta":false,"boss_relics":[{"not_picked":["conspire:RoyalGoblet","halation:Risk"],"picked":"Coffee Dripper"},{"not_picked":["StuffTheSpire:RunicHypercube","hubris:BlackHole"],"picked":"CosmicIsotope"}],"items_purged_floors":[0,0,0],"is_endless":false,"potions_floor_spawned":[3,8,16,19,23,24,25,30,41,45,47],"ascension_level":6}}