{"host":"1z4hbl9vfqrhg136","time":1612308456,"event":{"mods":["BaseMod","Minty Spire (QoL Compilation)"],"gold_per_floor":[117,137,157,175,10,10,38,38,106,131,131,146,91,105,105,179,179,197,216,216,216],"floor_reached":20,"language":"ENG","playtime":1155,"items_purged":[],"score":471,"play_id":"1ae75a53-28ad-47e9-8911-2b7f9c75a8cc","local_time":"20210202232736","is_ascension_mode":true,"campfire_choices":[{"data":"Defragment","floor":6,"key":"SMITH"},{"data":"Defragment","floor":8,"key":"SMITH"},{"data":"Go for the Eyes","floor":15,"key":"SMITH"}],"circlet_count":0,"master_deck":["AscendersBane","Strike_B","Strike_B+1","Strike_B+1","Strike_B","Defend_B","Defend_B","Defend_B","Defend_B","Zap","Dualcast","Scrape","Beam Cell","Defragment+1","Cold Snap","Defragment+1","Doom and Gloom","Ball Lightning","Go for the Eyes+1","Core Surge","Echo Form","Genetic Algorithm","Self Repair"],"relics":["Cursed Key","PreservedInsect","Thread and Needle","Gremlin Horn","Whetstone","Spirit Poop","Inserter"],"acts_visited":["Exordium","TheCity"],"potions_floor_usage":[10,10,18],"damage_taken":[{"damage":11,"enemies":"Jaw Worm","floor":1,"turns":5},{"damage":2,"enemies":"Cultist","floor":2,"turns":4},{"damage":0,"enemies":"2 Louse","floor":3,"turns":2},{"damage":1,"enemies":"Exordium Wildlife","floor":4,"turns":3},{"damage":11,"enemies":"3 Sentries","floor":7,"turns":6},{"damage":17,"enemies":"Gremlin Nob","floor":10,"turns":5},{"damage":0,"enemies":"3 Louse","floor":12,"turns":3},{"damage":5,"enemies":"Red Slaver","floor":14,"turns":2},{"damage":0,"enemies":"The Guardian","floor":16,"turns":9},{"damage":2,"enemies":"3 Byrds","floor":18,"turns":3},{"damage":20,"enemies":"Chosen","floor":19,"turns":4},{"damage":37,"enemies":"Shelled Parasite and Fungi","floor":20,"turns":3}],"seed_played":"-4390820983584501608","potions_obtained":[{"floor":3,"key":"PowerPotion"},{"floor":7,"key":"Block Potion"},{"floor":12,"key":"Swift Potion"},{"floor":14,"key":"DuplicationPotion"},{"floor":16,"key":"LiquidBronze"}],"is_trial":false,"path_per_floor":["M","M","M","M","$","R","E","R","T","E","?","M","$","M","R","B",null,"M","M","M"],"character_chosen":"DEFECT","items_purchased":["PreservedInsect","Go for the Eyes"],"campfire_rested":0,"item_purchase_floors":[5,13],"current_hp_per_floor":[53,51,51,50,50,50,39,39,39,22,22,22,22,17,17,17,58,56,36,0,0],"gold":216,"neow_bonus":"BOSS_RELIC","is_daily":false,"chose_seed":false,"campfire_upgraded":3,"win_rate":0.0,"timestamp":1612308456,"path_taken":["M","M","M","M","$","R","E","R","T","E","?","M","$","M","R","BOSS","M","?","?"],"items_purchased_type":["Relic","Card"],"build_version":"2020-12-22","purchased_purges":0,"victory":false,"max_hp_per_floor":[71,71,71,71,71,71,71,71,71,71,71,71,71,71,71,71,71,71,71,71,71],"card_choices":[{"not_picked":["Conserve Battery","Static Discharge"],"picked":"Scrape","floor":1},{"not_picked":["Compile Driver","Barrage"],"picked":"Beam Cell","floor":2},{"not_picked":["Scrape","Darkness"],"picked":"Defragment","floor":3},{"not_picked":["Conserve Battery","Rebound"],"picked":"Cold Snap","floor":4},{"not_picked":["Coolheaded","Beam Cell"],"picked":"Defragment","floor":7},{"not_picked":["Sweeping Beam","Compile Driver"],"picked":"Doom and Gloom","floor":10},{"not_picked":["Barrage","Double Energy"],"picked":"Ball Lightning","floor":12},{"not_picked":["Cold Snap","Redo"],"picked":"Core Surge","floor":14},{"not_picked":["Machine Learning","Multi-Cast"],"picked":"Echo Form","floor":16},{"not_picked":["Chill","Coolheaded"],"picked":"Genetic Algorithm","floor":18},{"not_picked":["Stack","Redo"],"picked":"Self Repair","floor":19}],"player_experience":1945925,"relics_obtained":[{"floor":7,"key":"Thread and Needle"},{"floor":9,"key":"Gremlin Horn"},{"floor":10,"key":"Whetstone"}],"event_choices":[{"cards_removed":["Normality"],"damage_healed":0,"gold_gain":0,"player_choice":"Offered Curse","damage_taken":0,"relics_obtained":["Spirit Poop"],"max_hp_gain":0,"max_hp_loss":0,"event_name":"Bonfire Elementals","floor":11,"gold_loss":0}],"is_beta":false,"boss_relics":[{"not_picked":["Runic Dome","Busted Crown"],"picked":"Inserter"}],"items_purged_floors":[],"is_endless":false,"potions_floor_spawned":[3,7,12,14,16],"killed_by":"Shelled Parasite and Fungi","ascension_level":20}}