{"host":"farxtl2u8hmkbdo2","time":1612224302,"event":{"mods":["A Magickal Journey","BaseMod","Better Altar","Better Note","Better Sensory Stone","Better Skull","Better Third Choice","Challenge The Spire","Colored Map","Colored Powertips","Current Relic Mod","Energized Spire","Fox Events","Gremlin Mod","Hermit","Hubris","Mimic Mod","Minty Spire (QoL Compilation)","Quick Restart","READ ME - Guardian Mod","READ ME - Snecko Mod","Rare Cards Sparkle","StSLib","The Bladedancer","The Bug Knight","The Cursed","The Disciple","The Hierophant","The Marked","The Necromancer","The Runesmith","Transform Curses"],"gold_per_floor":[369,389,7,7,44,65,20,73,177,195,250,261,311,339,339,375,375,405,358,358],"floor_reached":19,"language":"SPA","playtime":3647,"items_purged":[],"score":346,"play_id":"5d6e27d6-a812-438e-b0b5-766789eb6693","local_time":"20210201210502","is_ascension_mode":true,"campfire_choices":[{"floor":15,"key":"REST"}],"circlet_count":0,"master_deck":["hierophant:Strike_Hierophant","hierophant:Strike_Hierophant","hierophant:Strike_Hierophant+1","hierophant:Strike_Hierophant","hierophant:Punish+1","hierophant:Defend_Hierophant","hierophant:Defend_Hierophant","hierophant:Defend_Hierophant","hierophant:Defend_Hierophant","hierophant:ChurchCoffers","hierophant:Endure","hierophant:Zeal","hierophant:Cornucopia","Panache","hierophant:RustyCrate","hierophant:Doubloon+1","hierophant:Doubloon","hierophant:TollTheBells+1","hierophant:Remorse","hierophant:Doubloon","hierophant:Doubloon","hierophant:CoinFling","hierophant:RepressedViolence","hierophant:PassingBell","hierophant:PassingBell","hierophant:WrathOfGod","hierophant:Doubloon","hierophant:ConvertCurrency","hierophant:MirrorShield","hierophant:Kindle","hierophant:Embezzle"],"relics":["hierophant:PropheticMaskRelic","Whetstone","hubris:Icosahedron","Runesmith:Locket","Ancient Tea Set","War Paint","Bronze Scales","hubris:BottledRain","Tiny Chest","energizedSpire:MagnifyingGlass"],"acts_visited":["Exordium","TheCity"],"potions_floor_usage":[8,9,10,12,16],"damage_taken":[{"damage":6.0,"enemies":"Jaw Worm","floor":1.0,"turns":5.0},{"damage":8.0,"enemies":"Small Slimes","floor":2.0,"turns":3.0},{"damage":0.0,"enemies":"Cultist","floor":5.0,"turns":3.0},{"damage":9.0,"enemies":"HollowMod:MossKnight","floor":6.0,"turns":5.0},{"damage":0,"enemies":"Gremlin Nob","floor":8,"turns":2},{"damage":2,"enemies":"Blue Slaver","floor":9,"turns":4},{"damage":7,"enemies":"Lagavulin","floor":10,"turns":5},{"damage":8,"enemies":"Blue Slaver","floor":11,"turns":2},{"damage":0,"enemies":"3 Sentries","floor":12,"turns":3},{"damage":1,"enemies":"Exordium Wildlife","floor":13,"turns":2},{"damage":20,"enemies":"Lagavulin","floor":14,"turns":4},{"damage":2,"enemies":"Hexaghost","floor":16,"turns":9},{"damage":22,"enemies":"Chosen","floor":18,"turns":3},{"damage":47,"enemies":"2 Thieves","floor":19,"turns":3}],"seed_played":"-7135104094944277167","potions_obtained":[{"floor":2.0,"key":"FearPotion"},{"floor":6.0,"key":"BlessingOfTheForge"},{"floor":8,"key":"AttackPotion"},{"floor":11,"key":"DistilledChaos"},{"floor":14,"key":"BlessingOfTheForge"},{"floor":16,"key":"FearPotion"}],"is_trial":false,"path_per_floor":["M","M","$","?","M","E","$","E","MIM","E","M","E","M","E","R","B",null,"M","M"],"character_chosen":"HIEROPHANT","items_purchased":["hierophant:Cornucopia","Whetstone","Panache","hierophant:Remorse"],"campfire_rested":1,"item_purchase_floors":[3,3,3,7],"current_hp_per_floor":[62,54,54,54,54,45,45,45,43,36,28,28,27,7,27,25,68,46,0,0],"gold":358,"neow_bonus":"TWO_FIFTY_GOLD","is_daily":false,"chose_seed":false,"campfire_upgraded":0,"win_rate":0.0,"timestamp":1612224302,"path_taken":["M","M","$","?","M","E","$","E","MIM","E","M","E","M","E","R","BOSS","M","?"],"items_purchased_type":["Card","Relic","Card","Card"],"build_version":"2020-12-22","purchased_purges":0,"victory":false,"max_hp_per_floor":[68,68,68,68,68,68,68,68,68,68,68,68,68,68,68,68,68,68,68,68],"card_choices":[{"not_picked":["hierophant:Remorse","hierophant:RustyCrate"],"picked":"hierophant:Endure","floor":1.0},{"not_picked":["hierophant:Encroach","hierophant:SealAway"],"picked":"hierophant:Zeal","floor":2.0},{"not_picked":["hierophant:AuricBeam","hierophant:FlamingChariot"],"picked":"hierophant:RustyCrate","floor":5.0},{"not_picked":["hierophant:Doomsaying","hierophant:Blessing"],"picked":"hierophant:TollTheBells","floor":6.0},{"not_picked":["hierophant:AuricBeam","hierophant:FlamingChariot"],"picked":"hierophant:CoinFling","floor":8},{"not_picked":["hierophant:Zeal","hierophant:Alms"],"picked":"hierophant:RepressedViolence","floor":9},{"not_picked":["hierophant:FieryStrike","hierophant:RecallFunds"],"picked":"hierophant:PassingBell","floor":10},{"not_picked":["hierophant:Shelter","hierophant:OrnateBuckler"],"picked":"hierophant:PassingBell","floor":11},{"not_picked":["hierophant:Refuge","hierophant:OrnateBuckler"],"picked":"hierophant:WrathOfGod","floor":12},{"not_picked":["hierophant:Purify","hierophant:Sermon"],"picked":"hierophant:ConvertCurrency","floor":13},{"not_picked":["hierophant:Upheaval","hierophant:Rebuild"],"picked":"hierophant:MirrorShield","floor":14},{"not_picked":["hierophant:Levitation","hierophant:Cornucopia"],"picked":"hierophant:Kindle","floor":16},{"not_picked":["hierophant:Endure","hierophant:Zeal"],"picked":"hierophant:Embezzle","floor":18}],"player_experience":2003180,"relics_obtained":[{"floor":6.0,"key":"Runesmith:Locket"},{"floor":8,"key":"Ancient Tea Set"},{"floor":9,"key":"War Paint"},{"floor":10,"key":"Bronze Scales"},{"floor":12,"key":"hubris:BottledRain"},{"floor":14,"key":"Tiny Chest"}],"event_choices":[],"is_beta":false,"boss_relics":[{"not_picked":["energizedSpire:EnergizedDie","energizedSpire:StickyHand"],"picked":"energizedSpire:MagnifyingGlass"}],"items_purged_floors":[],"is_endless":false,"potions_floor_spawned":[2,6,8,11,14,16],"killed_by":"2 Thieves","ascension_level":3}}