{"host":"lktusdb9orijgc6z","time":1612304999,"event":{"mods":["BaseMod","Bestiary","Colored Map","Colored Powertips","Minty Spire (QoL Compilation)","Permanent Neow","Quick Restart","Relic Stats","StSLib","everything is the same but u backflip on backflip","slay the spire mod where everything is the same but ironclad has a cowboy hat"],"gold_per_floor":[116,116,127,127,139,164,178,178,201,214,214,229,243,14,14,91,91,106,106,86,86,97,97,130,147,172,172,188,188,188,207,207,207,207],"floor_reached":33,"language":"ENG","playtime":1063,"items_purged":[],"score":444,"play_id":"391afaf0-44a1-487d-9eae-dec535442ccc","local_time":"20210202232959","is_ascension_mode":true,"campfire_choices":[{"data":"Searing Blow","floor":8.0,"key":"SMITH"},{"data":"Searing Blow+1","floor":11.0,"key":"SMITH"},{"data":"Searing Blow+2","floor":15.0,"key":"SMITH"},{"data":"Searing Blow+3","floor":23.0,"key":"SMITH"},{"data":"Searing Blow+4","floor":27.0,"key":"SMITH"},{"data":"Searing Blow+5","floor":29,"key":"SMITH"},{"data":"Searing Blow+6","floor":32,"key":"SMITH"}],"circlet_count":0,"master_deck":["AscendersBane","Strike_R","Strike_R","Strike_R","Strike_R","Strike_R","Defend_R","Defend_R","Defend_R","Bash","Flex","Headbutt","Searing Blow+7","Hemokinesis","Limit Break","Ghostly Armor","Feel No Pain","Ghostly Armor","Fire Breathing","Brutality","Necronomicurse","Flame Barrier","Bludgeon","Armaments","Uppercut"],"relics":["Burning Blood","Toy Ornithopter","Juzu Bracelet","MealTicket","Happy Flower","SacredBark","Necronomicon","Anchor","Potion Belt","Mercury Hourglass"],"acts_visited":["Exordium","TheCity"],"potions_floor_usage":[28,33],"damage_taken":[{"damage":12.0,"enemies":"Small Slimes","floor":1.0,"turns":4.0},{"damage":7.0,"enemies":"Jaw Worm","floor":3.0,"turns":3.0},{"damage":1.0,"enemies":"Cultist","floor":5.0,"turns":3.0},{"damage":39.0,"enemies":"Lagavulin","floor":6.0,"turns":5.0},{"damage":19.0,"enemies":"Blue Slaver","floor":7.0,"turns":4.0},{"damage":7.0,"enemies":"Exordium Thugs","floor":10.0,"turns":4.0},{"damage":0.0,"enemies":"Exordium Wildlife","floor":12.0,"turns":3.0},{"damage":9.0,"enemies":"Large Slime","floor":13.0,"turns":6.0},{"damage":30.0,"enemies":"Slime Boss","floor":16.0,"turns":9.0},{"damage":8.0,"enemies":"2 Thieves","floor":18.0,"turns":4.0},{"damage":24.0,"enemies":"3 Byrds","floor":22.0,"turns":6.0},{"damage":56.0,"enemies":"Gremlin Leader","floor":24.0,"turns":6.0},{"damage":0.0,"enemies":"Shelled Parasite and Fungi","floor":25.0,"turns":2.0},{"damage":13,"enemies":"Sentry and Sphere","floor":28,"turns":4},{"damage":6,"enemies":"Centurion and Healer","floor":31,"turns":4},{"damage":23,"enemies":"Automaton","floor":33,"turns":4}],"seed_played":"5268531775295425225","potions_obtained":[{"floor":3.0,"key":"ColorlessPotion"},{"floor":5.0,"key":"SpeedPotion"},{"floor":7.0,"key":"BlessingOfTheForge"},{"floor":10.0,"key":"Explosive Potion"},{"floor":13.0,"key":"Fire Potion"},{"floor":18.0,"key":"ElixirPotion"},{"floor":20.0,"key":"DuplicationPotion"},{"floor":22.0,"key":"Fruit Juice"},{"floor":31,"key":"Fire Potion"}],"is_trial":false,"path_per_floor":["M","?","M","?","M","E","M","R","T","M","R","M","M","$","R","B",null,"M","?","?","?","M","R","E","M","T","R","M","R","?","M","R","B"],"character_chosen":"IRONCLAD","items_purchased":["Fire Breathing","Happy Flower","Block Potion"],"campfire_rested":0,"item_purchase_floors":[14,14,14],"current_hp_per_floor":[66,66,65,65,70,37,29,29,29,33,33,44,46,61,61,37,69,77,77,77,61,43,43,8,14,14,14,12,12,12,12,12,0,0],"gold":207,"neow_bonus":"RANDOM_COMMON_RELIC","is_daily":false,"chose_seed":false,"campfire_upgraded":7,"win_rate":0.0,"timestamp":1612304999,"path_taken":["M","?","M","?","M","E","M","R","T","M","R","M","M","$","R","BOSS","M","?","?","?","M","R","E","M","T","R","M","R","?","M","R","BOSS"],"items_purchased_type":["Card","Relic","Potion"],"build_version":"2020-12-22","purchased_purges":0,"victory":false,"max_hp_per_floor":[80,80,80,80,80,80,80,80,80,80,80,80,80,80,80,80,80,80,80,80,80,80,80,90,90,90,90,90,90,90,90,90,90,90],"relic_stats":{"Happy Flower":[13],"counters":[16,71],"MealTicket":15,"Juzu Bracelet":1,"Necronomicon":[15],"obtain_stats":[{"Potion Belt":26,"Anchor":24,"Happy Flower":14,"SacredBark":17,"MealTicket":9,"Juzu Bracelet":6,"Necronomicon":21,"Burning Blood":0,"Toy Ornithopter":0,"Mercury Hourglass":30},{"Potion Belt":13,"Anchor":12,"Happy Flower":8,"SacredBark":9,"MealTicket":5,"Juzu Bracelet":4,"Necronomicon":10,"Burning Blood":0,"Toy Ornithopter":0,"Mercury Hourglass":14},{"Potion Belt":59,"Anchor":57,"Happy Flower":32,"SacredBark":41,"MealTicket":19,"Juzu Bracelet":15,"Necronomicon":45,"Burning Blood":0,"Toy Ornithopter":0,"Mercury Hourglass":63}],"Burning Blood":90,"Toy Ornithopter":45,"Mercury Hourglass":[45]},"card_choices":[{"not_picked":["Wild Strike","Body Slam"],"picked":"Flex","floor":1.0},{"not_picked":["Inflame","Sever Soul"],"picked":"Searing Blow","floor":3.0},{"not_picked":["Clash","Reckless Charge"],"picked":"Hemokinesis","floor":5.0},{"not_picked":["Warcry","Carnage"],"picked":"Limit Break","floor":6.0},{"not_picked":["Flame Barrier","Whirlwind"],"picked":"Ghostly Armor","floor":7.0},{"not_picked":["Flex","Perfected Strike"],"picked":"Feel No Pain","floor":10.0},{"not_picked":["Flex","True Grit"],"picked":"Ghostly Armor","floor":12.0},{"not_picked":["Clothesline","Metallicize"],"picked":"Thunderclap","floor":13.0},{"not_picked":["Bludgeon","Reaper"],"picked":"Brutality","floor":16.0},{"not_picked":["Hemokinesis","Evolve","Body Slam+1"],"picked":"SKIP","floor":18.0},{"not_picked":["Headbutt","Warcry"],"picked":"Flame Barrier","floor":22.0},{"not_picked":["Reckless Charge+1","Evolve+1"],"picked":"Bludgeon","floor":24.0},{"not_picked":["Armaments","Flex","Iron Wave"],"picked":"SKIP","floor":25.0},{"not_picked":["Flex","Iron Wave"],"picked":"Armaments","floor":25.0},{"not_picked":["Body Slam","Sword Boomerang"],"picked":"Uppercut","floor":28},{"not_picked":["Disarm","Whirlwind","Anger"],"picked":"SKIP","floor":31}],"player_experience":747492,"relics_obtained":[{"floor":6.0,"key":"Juzu Bracelet"},{"floor":9.0,"key":"MealTicket"},{"floor":21.0,"key":"Necronomicon"},{"floor":24.0,"key":"Anchor"},{"floor":26.0,"key":"Potion Belt"}],"event_choices":[{"damage_healed":0.0,"max_hp_gain":0.0,"max_hp_loss":0.0,"gold_gain":0.0,"cards_transformed":["Defend_R"],"event_name":"Living Wall","player_choice":"Change","floor":2.0,"gold_loss":0.0,"damage_taken":0.0,"cards_obtained":["Headbutt"]},{"damage_healed":0.0,"max_hp_gain":0.0,"max_hp_loss":0.0,"gold_gain":0.0,"event_name":"Liars Game","player_choice":"Ignored","floor":4.0,"gold_loss":0.0,"damage_taken":0.0},{"damage_healed":0.0,"max_hp_gain":0.0,"max_hp_loss":0.0,"gold_gain":0.0,"event_name":"Ghosts","player_choice":"Ignored","floor":19.0,"gold_loss":0.0,"damage_taken":0.0},{"damage_healed":0.0,"max_hp_gain":0.0,"max_hp_loss":0.0,"gold_gain":0.0,"event_name":"The Woman in Blue","player_choice":"Bought 1 Potion","floor":20.0,"gold_loss":0.0,"damage_taken":0.0},{"damage_healed":0.0,"max_hp_gain":0.0,"max_hp_loss":0.0,"gold_gain":0.0,"event_name":"Cursed Tome","player_choice":"Obtained Book","floor":21.0,"gold_loss":0.0,"damage_taken":16.0},{"cards_removed":["Thunderclap"],"damage_healed":0,"gold_gain":0,"player_choice":"Gave Card","damage_taken":0,"relics_obtained":["Mercury Hourglass"],"max_hp_gain":0,"max_hp_loss":0,"event_name":"WeMeetAgain","floor":30,"gold_loss":0}],"is_beta":false,"boss_relics":[{"not_picked":["Black Blood","Mark of Pain"],"picked":"SacredBark"}],"items_purged_floors":[],"is_endless":false,"potions_floor_spawned":[3,5,7,10,13,18,22,31],"killed_by":"Automaton","ascension_level":13}}