{"host":"g1wmg2w41xhsnw8g","time":1612242858,"event":{"mods":["2.2 Compatiblity","Act Like it!","Aspiration","BaseMod","Better Altar","Better Match","Better Note","Better Sensory Stone","Better Skull","Better Third Choice","BetterRewards","Booster Modes","CapriCore","Colored Map","Colored Powertips","Defuse TimeMaze Blight","Displayed Cursed Tome","Fox Events","Friendly Minions","GifTheSpireLib","Good Game Mod","Googly Eyes","Hubris","Infinite Spire","Ironclad Rager","Jedi Mod","Minty Spire (QoL Compilation)","Monster B Gone","Red Circlet Mod","Relic Filter Mod","Relic Sorter","Reliquary","Replay The Spire","SCP261 Mod","Shop Mod","Small Relic Pack","Smile Girya","Spicy Shops","Spikes Relics","StSLib","Strawberry Spire","Stuff the Spire","The Runesmith","The Sage","Trackpad","Transform Curses","Wandering Minibosses","Weighted Paths","????"],"gold_per_floor":[109,147,162,162,162,187,187,214,268,268,301,321,337,337,9,118,130,162,185,197,173,196,52,84,96,181,221,250,295,321,333,333],"floor_reached":31,"language":"ENG","playtime":1995,"items_purged":[],"score":391,"play_id":"fd009ec4-e045-458f-9569-0675ad055740","local_time":"20210202001417","is_ascension_mode":true,"campfire_choices":[{"data":"jedi:markofdeath","floor":7.0,"key":"SMITH"},{"data":"Rainbow","floor":25,"key":"SMITH"}],"circlet_count":0,"master_deck":["Hemogenesis+3","Strike_B","Strike_B","Strike_B","Zap","Dualcast","Rampage","Sneak Up","jedi:markofdeath+1","Ball Lightning","Rainbow+1","Blade Dance","ReplayTheSpireMod:From All Sides","jedi:rejectivetoxin","BasicCrystalCard+1","Core Surge","Cold Snap+1","jedi:BurstFrost","jedi:blockon+1","White Noise+1","Bane","Corpse Explosion","jedi:readyaimfire","Dodge and Roll+1","ICR:Cloudkill"],"relics":["Cracked Core","aspiration:SilentSkillbook","relicPack:OneForAll","Replay:PocketPolymizer","jedi:shrinkray","SpikesRelics:DaevaFist","MerchantsRug","Replay:Bottled Steam","MawBank","aspiration:BursterCore","hubris:TinFlute","reliquary:Buckler","infinitespire:ShieldingShard","GiantMaggot","Geode"],"acts_visited":["Exordium","TheCity"],"potions_floor_usage":[28,29],"damage_taken":[{"damage":0.0,"enemies":"Jaw Worm","floor":1.0,"turns":3.0},{"damage":10.0,"enemies":"2 Louse","floor":3.0,"turns":2.0},{"damage":15.0,"enemies":"Replay:BlueRogue","floor":6.0,"turns":6.0},{"damage":14.0,"enemies":"Lagavulin","floor":8.0,"turns":5.0},{"damage":28.0,"enemies":"strawberrySpire:EnergyPylons","floor":11.0,"turns":6.0},{"damage":0.0,"enemies":"Small Slimes","floor":12.0,"turns":2.0},{"damage":0.0,"enemies":"3 Louse","floor":13.0,"turns":4.0},{"damage":0.0,"enemies":"Slime Boss","floor":16.0,"turns":5.0},{"damage":0.0,"enemies":"Spheric Guardian","floor":18.0,"turns":2.0},{"damage":6.0,"enemies":"Chosen","floor":19.0,"turns":3.0},{"damage":47.0,"enemies":"3 Cultists","floor":21.0,"turns":6.0},{"damage":0.0,"enemies":"Shelled Parasite and Fungi","floor":22.0,"turns":3.0},{"damage":5.0,"enemies":"Snecko","floor":24.0,"turns":4.0},{"damage":35,"enemies":"Nightmare","floor":27,"turns":6},{"damage":19,"enemies":"Centurion and Healer","floor":28,"turns":4},{"damage":0,"enemies":"Replay:Snechameleon","floor":29,"turns":4},{"damage":14,"enemies":"Chosen and Byrds","floor":30,"turns":5},{"damage":21,"enemies":"Gremlin Leader","floor":31,"turns":2}],"seed_played":"8888532621918537099","potions_obtained":[{"floor":2.0,"key":"Fruit Juice"},{"floor":2.0,"key":"EntropicBrew"},{"floor":2.0,"key":"LiquidBronze"},{"floor":6.0,"key":"Reflective Coating"},{"floor":8.0,"key":"GamblersBrew"},{"floor":13.0,"key":"SkillPotion"},{"floor":18.0,"key":"SCP261:GirlTearsPotion"},{"floor":27,"key":"Adrenaline Potion"},{"floor":28,"key":"Energy Potion"},{"floor":30,"key":"SpeedPotion"}],"is_trial":false,"path_per_floor":["M","?","M","?","?","E","R","E","T","?","E","M","M","?","R","B",null,"M","M","AVR","M","M","R","M","R","T","NM","M","E","M","E"],"character_chosen":"DEFECT","items_purchased":["MerchantsRug","Replay:Bottled Steam","MawBank","reliquary:Buckler"],"campfire_rested":0,"item_purchase_floors":[15,15,15,23],"current_hp_per_floor":[75,62,52,52,45,44,44,41,41,41,24,35,46,46,46,57,80,80,74,74,33,33,33,42,42,42,21,16,16,16,0,0],"gold":333,"neow_bonus":"CURSED_BOSS_RELIC","is_daily":false,"chose_seed":false,"campfire_upgraded":2,"win_rate":0.0,"timestamp":1612242857,"path_taken":["M","?","M","?","?","E","R","E","T","?","E","M","?","?","R","BOSS","M","M","AVR","?","?","R","M","R","T","NM","M","E","?","E"],"items_purchased_type":["Relic","Relic","Relic","Relic"],"build_version":"2020-12-22","purchased_purges":0,"victory":false,"max_hp_per_floor":[75,80,80,80,80,80,80,80,80,80,80,80,80,80,80,80,80,80,80,80,80,80,80,80,80,80,80,80,80,80,80,80],"card_choices":[{"not_picked":["Deadly Poison","Quick Slash","hubris:TrickCloak"],"picked":"Sneak Up","floor":1.0},{"not_picked":["Outmaneuver","Hidden Blade","Dagger Spray"],"picked":"jedi:markofdeath","floor":2.0},{"not_picked":["Deadly Poison","Flying Knee","Deflect","jedi:markofdeath"],"picked":"SKIP","floor":3.0},{"not_picked":["Undo","Buffer","Compile Driver"],"picked":"Ball Lightning","floor":6.0},{"not_picked":["Barrage","Blade Dance","Rebound"],"picked":"Rainbow","floor":8.0},{"not_picked":["Wraith Form v2","jedi:BurstFrost","Finisher"],"picked":"BasicCrystalCard","floor":11.0},{"not_picked":["Dagger Spray","jedi:pocketpoison","Heel Hook","StuffTheSpire:LoadUp"],"picked":"SKIP","floor":12.0},{"not_picked":["Barrage","jedi:pocketpoison","Backflip","ReplaySolidLightProjector"],"picked":"SKIP","floor":13.0},{"not_picked":["Rainbow","aspiration:Lunge","Hyperbeam"],"picked":"Core Surge","floor":16.0},{"not_picked":["Melter","hubris:Sniper+1","StuffTheSpire:MirrorStance"],"picked":"Cold Snap","floor":18.0},{"not_picked":["Prepared","Sucker Punch+1","StuffTheSpire:Plugnplay"],"picked":"jedi:BurstFrost","floor":19.0},{"not_picked":["StuffTheSpire:Plugnplay+1","jedi:pocketpoison+1","Dagger Spray"],"picked":"jedi:blockon+1","floor":21.0},{"not_picked":["FIFO Queue+1","Coolheaded","StuffTheSpire:ClusterCrunch+1"],"picked":"White Noise+1","floor":22.0},{"not_picked":["FIFO Queue","Poisoned Stab","Compile Driver"],"picked":"Corpse Explosion","floor":24.0},{"not_picked":["Backflip","StuffTheSpire:ForEach","Gash+1","Tactician"],"picked":"SKIP","floor":27},{"not_picked":["ShadowRift+1","hubris:Sniper+1","Aggregate"],"picked":"Dodge and Roll+1","floor":28},{"not_picked":["Stack","jedi:readyaimfire","Dagger Throw","StuffTheSpire:Fury"],"picked":"SKIP","floor":29},{"not_picked":["Ball Lightning","jedi:poisonivy","Bane+1"],"picked":"ICR:Cloudkill","floor":30}],"player_experience":1006071,"relics_obtained":[{"floor":6.0,"key":"Potion Belt"},{"floor":8.0,"key":"Replay:PocketPolymizer"},{"floor":9.0,"key":"jedi:shrinkray"},{"floor":11.0,"key":"SpikesRelics:DaevaFist"},{"floor":26,"key":"infinitespire:ShieldingShard"},{"floor":27,"key":"GiantMaggot"},{"floor":29,"key":"Geode"}],"event_choices":[{"cards_removed":["Defend_B"],"damage_healed":0.0,"max_hp_gain":0.0,"max_hp_loss":0.0,"gold_gain":0.0,"event_name":"Golden Wing","player_choice":"Card Removal","floor":5.0,"gold_loss":0.0,"damage_taken":7.0},{"damage_healed":0.0,"max_hp_gain":0.0,"max_hp_loss":0.0,"gold_gain":0.0,"event_name":"Upgrade Shrine","player_choice":"Upgraded","floor":14.0,"gold_loss":0.0,"damage_taken":0.0,"cards_upgraded":["BasicCrystalCard"]}],"is_beta":false,"boss_relics":[{"not_picked":["ReplayTheSpireMod:DimensionalGlitch","Snecko Eye"],"picked":"aspiration:BursterCore"}],"items_purged_floors":[],"is_endless":true,"potions_floor_spawned":[6,8,13,18,27,28,30],"killed_by":"Gremlin Leader","ascension_level":1}}