{"host":"7nm1ow5v9mg4ehcw","time":1612299305,"event":{"mods":["BaseMod","Minty Spire (QoL Compilation)","Relic Stats","StSLib"],"gold_per_floor":[117,130,130,55,75,108,108,108,108],"floor_reached":8,"language":"ENG","playtime":205,"items_purged":[],"score":112,"play_id":"f5577c17-70f0-4ebb-94ae-07a852d6b8a5","local_time":"20210202215505","is_ascension_mode":true,"campfire_choices":[{"floor":7,"key":"REST"}],"circlet_count":0,"master_deck":["AscendersBane","Strike_R","Strike_R","Strike_R","Strike_R","Defend_R","Defend_R","Defend_R","Defend_R","Bash+1","Cleave","Whirlwind","Armaments"],"relics":["Burning Blood","Ornamental Fan"],"acts_visited":["Exordium"],"potions_floor_usage":[],"damage_taken":[{"damage":10,"enemies":"Small Slimes","floor":1,"turns":4},{"damage":12,"enemies":"Jaw Worm","floor":2,"turns":2},{"damage":1,"enemies":"2 Louse","floor":5,"turns":3},{"damage":55,"enemies":"Lagavulin","floor":6,"turns":6},{"damage":51,"enemies":"Gremlin Nob","floor":8,"turns":4}],"seed_played":"3690867683039355848","potions_obtained":[{"floor":6,"key":"FearPotion"}],"is_trial":false,"path_per_floor":["M","M","?","?","M","E","R","E"],"character_chosen":"IRONCLAD","items_purchased":[],"campfire_rested":1,"item_purchase_floors":[],"current_hp_per_floor":[64,58,75,75,75,26,48,0,0],"gold":108,"neow_bonus":"UPGRADE_CARD","is_daily":false,"chose_seed":false,"campfire_upgraded":0,"win_rate":0.0,"timestamp":1612299305,"path_taken":["M","M","?","?","M","E","R","E"],"items_purchased_type":[],"build_version":"2020-12-22","purchased_purges":0,"victory":false,"max_hp_per_floor":[75,75,75,75,75,75,75,75,75],"relic_stats":{"counters":[5,19],"Ornamental Fan":[4],"obtain_stats":[{"Ornamental Fan":6,"Burning Blood":0},{"Ornamental Fan":4,"Burning Blood":0},{"Ornamental Fan":15,"Burning Blood":0}],"Burning Blood":19},"card_choices":[{"not_picked":["Pommel Strike","Clash"],"picked":"Cleave","floor":1},{"not_picked":["Twin Strike","Body Slam","Heavy Blade"],"picked":"SKIP","floor":2},{"not_picked":["Armaments","Burning Pact"],"picked":"Whirlwind","floor":5},{"not_picked":["Sword Boomerang","Thunderclap"],"picked":"Armaments","floor":6}],"player_experience":378017,"relics_obtained":[{"floor":6,"key":"Ornamental Fan"}],"event_choices":[{"damage_healed":25,"gold_gain":0,"player_choice":"Banana","damage_taken":0,"max_hp_gain":0,"max_hp_loss":0,"event_name":"Big Fish","floor":3,"gold_loss":0},{"cards_removed":["Strike_R"],"damage_healed":0,"gold_gain":0,"player_choice":"Card Removal","damage_taken":0,"max_hp_gain":0,"max_hp_loss":0,"event_name":"The Cleric","floor":4,"gold_loss":75}],"is_beta":false,"boss_relics":[],"items_purged_floors":[],"is_endless":false,"potions_floor_spawned":[6],"killed_by":"Gremlin Nob","ascension_level":20}}