{"host":"sum4dy402bbv9y4o","time":1612228483,"event":{"mods":["Aspiration","BaseMod","Conspire","Highlight Path","Minty Spire (QoL Compilation)","StSLib"],"gold_per_floor":[112,37,53,67,115,142,142,168,194,194,227,227,227,45,45,118,118,134,134,9,21,37,37,49,74,74,74,106,118,148,164,164,238,238,252,297,247,0,16,16,28,60,84,109,141,141,141,160,160,160,160],"floor_reached":52,"language":"ENG","playtime":1404,"items_purged":["Strike_P","Strike_P","Defend_P","Strike_P"],"score":2322,"play_id":"16a222c6-54ad-4fe0-a8aa-d2ec95708d28","local_time":"20210202041443","is_ascension_mode":true,"campfire_choices":[{"data":"Eruption","floor":7,"key":"SMITH"},{"data":"BowlingBash","floor":10,"key":"SMITH"},{"floor":13,"key":"REST"},{"data":"CrushJoints","floor":15,"key":"SMITH"},{"data":"Conclude","floor":23,"key":"SMITH"},{"data":"Berserk","floor":32,"key":"SMITH"},{"data":"Rage","floor":40,"key":"SMITH"},{"data":"TalkToTheHand","floor":46,"key":"SMITH"},{"data":"MentalFortress","floor":49,"key":"SMITH"}],"circlet_count":0,"master_deck":["AscendersBane","Strike_P+1","Defend_P","Defend_P","Defend_P","Eruption+1","Vigilance","SashWhip+1","FollowUp+1","Conclude+1","Vengeance+1","BowlingBash+1","CrushJoints+1","EmptyFist+1","Protect","Anger","FollowUp","Rage+1","Battle Trance","FollowUp","FlyingSleeves","Berserk+1","Limit Break","Perseverance+1","MentalFortress+1","FlurryOfBlows","Body Slam+1","TalkToTheHand+1","Tantrum+1"],"relics":["PureWater","aspiration:Nostalgia","Ring of the Snake","Strawberry","aspiration:Lifesprig","Vajra","Blood Vial","InkBottle","aspiration:IroncladSkillbook","Lantern","aspiration:StickyExplosives","MutagenicStrength","Centennial Puzzle","Meat on the Bone","conspire:SpecialSausage","Pocketwatch","Damaru","PreservedInsect","FossilizedHelix","aspiration:SeaSaltIceCream","Anchor"],"acts_visited":["Exordium","TheCity","TheBeyond"],"potions_floor_usage":[6,6,11,16,28,30,31,33,50,51],"damage_taken":[{"damage":0,"enemies":"Cultist","floor":1,"turns":2},{"damage":2,"enemies":"2 Louse","floor":3,"turns":2},{"damage":0,"enemies":"Small Slimes","floor":4,"turns":2},{"damage":3,"enemies":"Lagavulin","floor":6,"turns":3},{"damage":16,"enemies":"3 Sentries","floor":8,"turns":3},{"damage":6,"enemies":"Gremlin Nob","floor":11,"turns":3},{"damage":0,"enemies":"Slime Boss","floor":16,"turns":3},{"damage":12,"enemies":"2 Thieves","floor":18,"turns":2},{"damage":6,"enemies":"3 Byrds","floor":21,"turns":4},{"damage":6,"enemies":"Snake Plant","floor":22,"turns":3},{"damage":15,"enemies":"Centurion and Healer","floor":24,"turns":2},{"damage":21,"enemies":"Gremlin Leader","floor":25,"turns":3},{"damage":0,"enemies":"Book of Stabbing","floor":28,"turns":1},{"damage":0,"enemies":"Cultist and Chosen","floor":29,"turns":3},{"damage":0,"enemies":"Slavers","floor":30,"turns":3},{"damage":4,"enemies":"Snake Plant","floor":31,"turns":2},{"damage":0,"enemies":"Collector","floor":33,"turns":5},{"damage":0,"enemies":"3 Darklings","floor":35,"turns":2},{"damage":3,"enemies":"2 Orb Walkers","floor":36,"turns":3},{"damage":0,"enemies":"Orb Walker","floor":39,"turns":2},{"damage":0,"enemies":"Transient","floor":41,"turns":6},{"damage":0,"enemies":"Nemesis","floor":42,"turns":1},{"damage":0,"enemies":"Mind Bloom Boss Battle","floor":44,"turns":2},{"damage":0,"enemies":"Reptomancer","floor":45,"turns":2},{"damage":0,"enemies":"Writhing Mass","floor":48,"turns":1},{"damage":79,"enemies":"Time Eater","floor":50,"turns":6},{"damage":55,"enemies":"conspire:OrnateMirror","floor":51,"turns":4}],"seed_played":"-8214645208567265296","potions_obtained":[{"floor":1,"key":"PowerPotion"},{"floor":4,"key":"AttackPotion"},{"floor":8,"key":"BlessingOfTheForge"},{"floor":16,"key":"CultistPotion"},{"floor":21,"key":"ColorlessPotion"},{"floor":24,"key":"SteroidPotion"},{"floor":28,"key":"SpeedPotion"},{"floor":31,"key":"LiquidMemories"},{"floor":42,"key":"BlessingOfTheForge"},{"floor":44,"key":"conspire:TimeTravelPotion"}],"is_trial":false,"path_per_floor":["M","$","M","M","T","E","R","E","T","R","E","?","R","$","R","B",null,"M","?","$","M","M","R","M","E","T","?","E","M","E","M","R","B",null,"M","?","?","$","M","R","M","E","T","?","E","R","?","M","R","B","B",null],"character_chosen":"WATCHER","items_purchased":["EmptyFist","FearPotion","MentalFortress","FlurryOfBlows"],"campfire_rested":1,"item_purchase_floors":[14,14,38,38],"current_hp_per_floor":[61,61,59,59,66,63,63,47,47,47,43,20,42,42,42,44,67,61,61,61,61,61,61,52,37,37,37,43,49,55,57,57,63,72,75,75,75,75,75,75,75,75,75,75,75,75,75,75,75,62,25],"gold":160,"neow_bonus":"NOSTALGIA","is_daily":false,"chose_seed":false,"campfire_upgraded":8,"win_rate":0.0,"timestamp":1612228483,"path_taken":["M","$","M","M","?","E","R","E","T","R","E","?","R","$","R","BOSS","M","?","$","?","M","R","M","E","T","?","E","M","E","M","R","BOSS","M","?","?","$","M","R","?","E","T","?","E","R","?","M","R","BOSS","BOSS"],"items_purchased_type":["Card","Potion","Card","Card"],"build_version":"2020-12-22","purchased_purges":4,"victory":true,"max_hp_per_floor":[68,68,68,68,75,75,75,75,75,75,75,75,75,75,75,75,75,75,75,75,75,75,75,75,75,75,75,75,75,75,75,75,75,75,75,75,75,75,75,75,75,75,75,75,75,75,75,75,75,75,75],"card_choices":[{"not_picked":["InnerPeace","BattleHymn"],"picked":"SashWhip","floor":1},{"not_picked":["Wireheading","PathToVictory"],"picked":"FollowUp","floor":3},{"not_picked":["FlyingSleeves","ClearTheMind"],"picked":"Conclude","floor":4},{"not_picked":["CarveReality","CutThroughFate"],"picked":"Vengeance","floor":6},{"not_picked":["WreathOfFlame","InnerPeace"],"picked":"BowlingBash","floor":8},{"not_picked":["DevaForm","ClearTheMind"],"picked":"CrushJoints","floor":11},{"not_picked":["CutThroughFate","Clash","Meditate"],"picked":"Protect","floor":18},{"not_picked":["Clothesline","Entrench","Sentinel+1"],"picked":"Anger","floor":21},{"not_picked":["CutThroughFate+1","Protect","MasterReality"],"picked":"FollowUp","floor":22},{"not_picked":["Intimidate","Protect","ClearTheMind"],"picked":"Rage","floor":24},{"not_picked":["Sentinel","Feel No Pain","conspire:HitWhereItHurts"],"picked":"Battle Trance","floor":25},{"not_picked":["Rupture","SashWhip","JustLucky","Battle Trance"],"picked":"SKIP","floor":28},{"not_picked":["Perfected Strike","Weave","Consecrate"],"picked":"FollowUp","floor":29},{"not_picked":["Thunderclap","Warcry","PathToVictory"],"picked":"FlyingSleeves","floor":30},{"not_picked":["Vengeance","Body Slam","InnerPeace"],"picked":"Berserk","floor":31},{"not_picked":["Scrawl","Establishment","Corruption"],"picked":"Limit Break","floor":33},{"not_picked":["Spot Weakness","BowlingBash+1","PathToVictory+1","Headbutt"],"picked":"SKIP","floor":35},{"not_picked":["Anger","Vengeance+1","conspire:Charge"],"picked":"Perseverance+1","floor":36},{"not_picked":["Pommel Strike","Clothesline","FlyingSleeves+1","Headbutt"],"picked":"SKIP","floor":39},{"not_picked":["ThirdEye+1","SandsOfTime","Judgement"],"picked":"Body Slam+1","floor":41},{"not_picked":["Thunderclap","True Grit","Searing Blow","Flame Barrier+1"],"picked":"SKIP","floor":42},{"not_picked":["Shrug It Off+1","conspire:Charge+1","FollowUp"],"picked":"TalkToTheHand","floor":44},{"not_picked":["Shrug It Off+1","Armaments","Omniscience"],"picked":"Tantrum+1","floor":45},{"not_picked":["ForeignInfluence","Infernal Blade","Body Slam","Worship"],"picked":"SKIP","floor":48}],"player_experience":3029260,"relics_obtained":[{"floor":5,"key":"Strawberry"},{"floor":6,"key":"aspiration:Lifesprig"},{"floor":8,"key":"Vajra"},{"floor":9,"key":"Blood Vial"},{"floor":11,"key":"InkBottle"},{"floor":25,"key":"Lantern"},{"floor":26,"key":"aspiration:StickyExplosives"},{"floor":28,"key":"Centennial Puzzle"},{"floor":30,"key":"Meat on the Bone"},{"floor":36,"key":"Pocketwatch"},{"floor":42,"key":"Damaru"},{"floor":43,"key":"PreservedInsect"},{"floor":44,"key":"FossilizedHelix"},{"floor":45,"key":"aspiration:SeaSaltIceCream"}],"event_choices":[{"damage_healed":0,"gold_gain":0,"player_choice":"Entered Light","damage_taken":23,"max_hp_gain":0,"max_hp_loss":0,"event_name":"Shining Light","floor":12,"gold_loss":0,"cards_upgraded":["Vengeance","FollowUp"]},{"damage_healed":0,"gold_gain":0,"player_choice":"Forge","damage_taken":0,"max_hp_gain":0,"max_hp_loss":0,"event_name":"Accursed Blacksmith","floor":19,"gold_loss":0,"cards_upgraded":["SashWhip"]},{"damage_healed":0,"gold_gain":0,"player_choice":"Inject Mutagens","damage_taken":0,"relics_obtained":["MutagenicStrength"],"max_hp_gain":0,"max_hp_loss":0,"event_name":"Drug Dealer","floor":27,"gold_loss":0},{"damage_healed":0,"gold_gain":0,"player_choice":"Fight","damage_taken":0,"max_hp_gain":0,"max_hp_loss":0,"event_name":"Mysterious Sphere","floor":36,"gold_loss":0},{"damage_healed":0,"gold_gain":0,"player_choice":"Upgraded Two","damage_taken":0,"max_hp_gain":0,"max_hp_loss":0,"event_name":"Designer","floor":37,"gold_loss":50,"cards_upgraded":["Strike_P","EmptyFist"]},{"damage_healed":0,"gold_gain":0,"player_choice":"Fight","damage_taken":0,"max_hp_gain":0,"max_hp_loss":0,"event_name":"MindBloom","floor":44,"gold_loss":0}],"is_beta":false,"boss_relics":[{"not_picked":["aspiration:RandomNobGenerator","VioletLotus"],"picked":"aspiration:IroncladSkillbook"},{"not_picked":["aspiration:RunicSpoon","conspire:SlowCooker"],"picked":"conspire:SpecialSausage"}],"items_purged_floors":[2,14,20,38],"is_endless":false,"potions_floor_spawned":[1,4,8,16,21,24,28,31,42,44,48],"ascension_level":20}}