{"host":"0k696jvpnlqjk4gh","time":1612289888,"event":{"mods":["AchievementEnabler","BaseMod","Colored Map","Colored Powertips","Minty Spire (QoL Compilation)","Quick Restart"],"gold_per_floor":[115,115,115,27,42,42,71,86,86,86,113,33,33,33,33,129,129,142,142,162,162,87,121,121,140,214,232,232,232,232,3,3,108,108,126,137,137,137,137],"floor_reached":38,"language":"ENG","playtime":1603,"items_purged":["Writhe"],"score":511,"play_id":"0f634b82-e251-4d5e-a8c4-174580763172","local_time":"20210202181808","is_ascension_mode":true,"campfire_choices":[{"data":"Blade Dance","floor":6,"key":"SMITH"},{"floor":10,"key":"RECALL"},{"floor":15,"key":"REST"},{"floor":24,"key":"REST"},{"floor":28,"key":"REST"},{"floor":32,"key":"REST"}],"circlet_count":0,"master_deck":["Strike_G+1","Strike_G+1","Strike_G+1","Strike_G+1","Defend_G+1","Defend_G+1","Defend_G+1","Defend_G+1","Defend_G+1","Survivor","Neutralize","Cloak And Dagger+1","Blade Dance","Footwork","Blade Dance+1","Dodge and Roll","Blade Dance","Footwork","Accuracy","Envenom","Blade Dance+1","Deflect+1","Cloak And Dagger+1","Accuracy","Burst+1","Footwork","Good Instincts+1"],"relics":["Ring of the Serpent","NeowsBlessing","MawBank","Art of War","Toxic Egg 2","White Beast Statue","Question Card","Lantern","Meat on the Bone","Regal Pillow","SlaversCollar"],"acts_visited":["Exordium","TheCity","TheBeyond"],"potions_floor_usage":[11,11,18,20,23,27,33,33,36,38],"damage_taken":[{"damage":0,"enemies":"2 Louse","floor":1,"turns":1},{"damage":0,"enemies":"Jaw Worm","floor":5,"turns":1},{"damage":0,"enemies":"Gremlin Nob","floor":7,"turns":1},{"damage":0,"enemies":"Small Slimes","floor":8,"turns":1},{"damage":19,"enemies":"3 Sentries","floor":11,"turns":9},{"damage":15,"enemies":"Slime Boss","floor":16,"turns":13},{"damage":7,"enemies":"Shell Parasite","floor":18,"turns":5},{"damage":9,"enemies":"Spheric Guardian","floor":20,"turns":5},{"damage":47,"enemies":"Book of Stabbing","floor":23,"turns":6},{"damage":1,"enemies":"Snake Plant","floor":25,"turns":6},{"damage":4,"enemies":"Cultist and Chosen","floor":27,"turns":6},{"damage":53,"enemies":"Automaton","floor":33,"turns":8},{"damage":28,"enemies":"3 Shapes","floor":35,"turns":6},{"damage":21,"enemies":"3 Darklings","floor":36,"turns":5},{"damage":34,"enemies":"4 Shapes","floor":38,"turns":1}],"seed_played":"219225373776241573","potions_obtained":[{"floor":1,"key":"EssenceOfSteel"},{"floor":8,"key":"GamblersBrew"},{"floor":16,"key":"Fire Potion"},{"floor":18,"key":"LiquidMemories"},{"floor":20,"key":"ColorlessPotion"},{"floor":23,"key":"Swift Potion"},{"floor":25,"key":"LiquidMemories"},{"floor":27,"key":"Energy Potion"},{"floor":33,"key":"BlessingOfTheForge"},{"floor":35,"key":"EssenceOfSteel"},{"floor":36,"key":"AttackPotion"}],"is_trial":false,"path_per_floor":["M","?","?","$","M","R","E","M","T","R","E","$","?","?","R","B",null,"M","?","M","?","$","E","R","M","T","M","R","?","T","$","R","B",null,"M","M","?","M"],"character_chosen":"THE_SILENT","items_purchased":["Blade Dance","Footwork","Accuracy","Accuracy","Regal Pillow"],"campfire_rested":4,"item_purchase_floors":[4,4,12,31,31],"current_hp_per_floor":[70,70,70,70,70,70,70,70,70,70,51,51,44,44,65,50,70,63,63,54,54,54,7,28,27,27,35,56,56,56,56,70,29,70,42,33,33,0,0],"gold":137,"neow_bonus":"THREE_ENEMY_KILL","is_daily":false,"chose_seed":false,"campfire_upgraded":1,"win_rate":0.0,"timestamp":1612289888,"path_taken":["M","?","?","?","M","R","E","M","T","R","E","?","?","?","R","BOSS","M","?","M","?","?","E","R","M","T","?","R","?","?","$","R","BOSS","M","M","?","M"],"items_purchased_type":["Card","Card","Card","Card","Relic"],"build_version":"2020-12-22","purchased_purges":1,"victory":false,"max_hp_per_floor":[70,70,70,70,70,70,70,70,70,70,70,70,70,70,70,70,70,70,70,70,70,70,70,70,70,70,70,70,70,70,70,70,70,70,70,70,70,70,70],"card_choices":[{"not_picked":["Terror","Dodge and Roll"],"picked":"Cloak And Dagger","floor":1},{"not_picked":["Backflip","Prepared"],"picked":"Blade Dance","floor":5},{"not_picked":["Underhanded Strike","Venomology"],"picked":"Dodge and Roll","floor":7},{"not_picked":["Cloak And Dagger","Underhanded Strike"],"picked":"Blade Dance","floor":8},{"not_picked":["Endless Agony","Flechettes"],"picked":"Footwork","floor":11},{"not_picked":["Malaise+1","Doppelganger+1"],"picked":"Envenom","floor":16},{"not_picked":["Underhanded Strike","Backflip+1"],"picked":"Blade Dance+1","floor":18},{"not_picked":["Poisoned Stab","Dagger Throw+1","Reflex+1"],"picked":"SKIP","floor":20},{"not_picked":["Well Laid Plans+1","Quick Slash","Catalyst+1"],"picked":"Deflect+1","floor":23},{"not_picked":["Footwork","Outmaneuver+1","Skewer+1","Deflect+1"],"picked":"SKIP","floor":25},{"not_picked":["Blade Dance+1","Dodge and Roll+1","Skewer"],"picked":"Cloak And Dagger+1","floor":27},{"not_picked":["Venomology+1","Die Die Die","Unload"],"picked":"Burst+1","floor":33},{"not_picked":["Riddle With Holes","Reflex+1","Dagger Spray+1"],"picked":"Footwork","floor":35},{"not_picked":["Eviscerate","Dash","Backflip+1","Slice"],"picked":"SKIP","floor":36},{"not_picked":["Panache","Violence+1","Thinking Ahead+1"],"picked":"Good Instincts+1","floor":37}],"player_experience":108309,"relics_obtained":[{"floor":7,"key":"Art of War"},{"floor":9,"key":"Toxic Egg 2"},{"floor":11,"key":"White Beast Statue"},{"floor":23,"key":"Lantern"},{"floor":26,"key":"Meat on the Bone"}],"event_choices":[{"damage_healed":0,"gold_gain":0,"player_choice":"Grow","damage_taken":0,"max_hp_gain":0,"max_hp_loss":0,"event_name":"Living Wall","floor":2,"gold_loss":0,"cards_upgraded":["Cloak And Dagger"]},{"damage_healed":0,"gold_gain":0,"player_choice":"Box","damage_taken":0,"relics_obtained":["MawBank"],"max_hp_gain":0,"max_hp_loss":0,"event_name":"Big Fish","floor":3,"gold_loss":0,"cards_obtained":["Regret"]},{"cards_removed":["Regret"],"damage_healed":0,"gold_gain":0,"player_choice":"Card Removal","damage_taken":7,"max_hp_gain":0,"max_hp_loss":0,"event_name":"Golden Wing","floor":13,"gold_loss":0},{"cards_removed":["Strike_G"],"damage_healed":0,"gold_gain":0,"player_choice":"Purged","damage_taken":0,"max_hp_gain":0,"max_hp_loss":0,"event_name":"Purifier","floor":14,"gold_loss":0},{"damage_healed":0,"gold_gain":0,"player_choice":"Simplicity","damage_taken":0,"max_hp_gain":0,"max_hp_loss":0,"event_name":"Back to Basics","floor":19,"gold_loss":0,"cards_upgraded":["Strike_G","Strike_G","Strike_G","Strike_G","Defend_G","Defend_G","Defend_G","Defend_G","Defend_G"]},{"damage_healed":0,"gold_gain":0,"player_choice":"Opened","damage_taken":0,"relics_obtained":["Question Card"],"max_hp_gain":0,"max_hp_loss":0,"event_name":"The Mausoleum","floor":21,"gold_loss":0,"cards_obtained":["Writhe"]},{"damage_healed":0,"gold_gain":0,"player_choice":"Ignored","damage_taken":0,"max_hp_gain":0,"max_hp_loss":0,"event_name":"Ghosts","floor":29,"gold_loss":0},{"damage_healed":0,"gold_gain":0,"player_choice":"Memory 1","damage_taken":0,"max_hp_gain":0,"max_hp_loss":0,"event_name":"SensoryStone","floor":37,"gold_loss":0}],"is_beta":false,"boss_relics":[{"not_picked":["Coffee Dripper","Runic Pyramid"],"picked":"Ring of the Serpent"},{"not_picked":["Runic Dome","Velvet Choker"],"picked":"SlaversCollar"}],"items_purged_floors":[22],"is_endless":false,"potions_floor_spawned":[1,8,16,18,20,23,25,27,33,35,36],"killed_by":"4 Shapes","ascension_level":3}}