{"host":"idjwbq71yrpkph1r","time":1612309243,"event":{"mods":["AchievementEnabler","Alarm Clock","BaseMod","Block Reminder","Colored Powertips","FTL Soundtrack","Minty Spire (QoL Compilation)","Morshu Shopkeeper - ENHANCED","Rare Cards Sparkle","StSLib","everything is the same but u backflip on backflip"],"gold_per_floor":[115,115,115,138,157,157,4,4,4,4,37,37,80,113,125,257,269,304,316,352,439,467,518,530,566,627,639,639],"floor_reached":27,"language":"ENG","playtime":906,"items_purged":["Strike_B"],"score":289,"play_id":"d914fb56-3ec8-41f1-8031-41684f6679c0","local_time":"20210203004043","is_ascension_mode":true,"campfire_choices":[{"floor":6,"key":"REST"},{"data":"Self Repair","floor":8,"key":"SMITH"},{"floor":12,"key":"REST"},{"floor":15,"key":"REST"},{"floor":24,"key":"REST"}],"circlet_count":0,"master_deck":["Strike_B","Strike_B+1","Strike_B","Defend_B","Defend_B","Defend_B","Defend_B+1","Zap","Dualcast","Go for the Eyes","Self Repair+1","Gash","FTL","Steam","Gash","Echo Form","Melter","Beam Cell","Loop","Skim","Steam"],"relics":["SacredBark","Golden Idol","DataDisk","Bottled Flame","Symbiotic Virus","MawBank","Nuclear Battery","Mummified Hand","Blue Candle","Blood Vial"],"acts_visited":["Exordium","TheCity"],"potions_floor_usage":[23,25],"damage_taken":[{"damage":13,"enemies":"2 Louse","floor":1,"turns":3},{"damage":4,"enemies":"Jaw Worm","floor":4,"turns":2},{"damage":3,"enemies":"Small Slimes","floor":5,"turns":3},{"damage":37,"enemies":"3 Sentries","floor":11,"turns":7},{"damage":17,"enemies":"Lagavulin","floor":13,"turns":6},{"damage":4,"enemies":"3 Louse","floor":14,"turns":2},{"damage":15,"enemies":"Slime Boss","floor":16,"turns":7},{"damage":12,"enemies":"3 Byrds","floor":18,"turns":6},{"damage":21,"enemies":"Shell Parasite","floor":20,"turns":5},{"damage":10,"enemies":"Sentry and Sphere","floor":22,"turns":4},{"damage":55,"enemies":"Book of Stabbing","floor":23,"turns":6},{"damage":30,"enemies":"Snake Plant","floor":25,"turns":3},{"damage":14,"enemies":"Cultist and Chosen","floor":27,"turns":4}],"seed_played":"-5181588100263556703","potions_obtained":[{"floor":1,"key":"Energy Potion"},{"floor":11,"key":"DistilledChaos"},{"floor":22,"key":"BlessingOfTheForge"},{"floor":23,"key":"Weak Potion"}],"is_trial":false,"path_per_floor":["M","?","?","M","M","R","$","R","T","T","E","R","E","M","R","B",null,"M","?","M","T","M","E","R","M","T","M"],"character_chosen":"DEFECT","items_purchased":["FTL"],"campfire_rested":4,"item_purchase_floors":[7],"current_hp_per_floor":[62,47,29,25,29,51,51,51,51,51,24,46,39,45,67,62,75,73,73,62,62,62,17,39,9,9,0,0],"gold":639,"neow_bonus":"BOSS_RELIC","is_daily":false,"chose_seed":false,"campfire_upgraded":1,"win_rate":0.0,"timestamp":1612309243,"path_taken":["M","?","?","M","M","R","$","R","T","?","E","R","E","M","R","BOSS","M","?","M","?","M","E","R","M","T","?"],"items_purchased_type":["Card"],"build_version":"2020-12-22","purchased_purges":1,"victory":false,"max_hp_per_floor":[75,75,75,75,75,75,75,75,75,75,75,75,75,75,75,75,75,75,75,75,75,75,75,75,75,75,75,75],"card_choices":[{"not_picked":["Reinforced Body","Stack"],"picked":"Go for the Eyes","floor":1},{"not_picked":["Compile Driver","Capacitor"],"picked":"Self Repair","floor":4},{"not_picked":["Hologram","Streamline"],"picked":"Gash","floor":5},{"not_picked":["Melter","Hologram","Lockon"],"picked":"SKIP","floor":11},{"not_picked":["Streamline","Sweeping Beam"],"picked":"Steam","floor":13},{"not_picked":["Streamline","Aggregate"],"picked":"Gash","floor":14},{"not_picked":["Seek","Fission"],"picked":"Echo Form","floor":16},{"not_picked":["Tempest","Cold Snap+1"],"picked":"Melter","floor":18},{"not_picked":["Darkness","Turbo"],"picked":"Beam Cell","floor":20},{"not_picked":["Fusion","Streamline+1"],"picked":"Loop","floor":22},{"not_picked":["Echo Form","Cold Snap+1"],"picked":"Skim","floor":23},{"not_picked":["Tempest","Heatsinks"],"picked":"Steam","floor":25}],"player_experience":314822,"relics_obtained":[{"floor":9,"key":"DataDisk"},{"floor":10,"key":"Bottled Flame"},{"floor":11,"key":"Symbiotic Virus"},{"floor":13,"key":"MawBank"},{"floor":21,"key":"Mummified Hand"},{"floor":23,"key":"Blue Candle"},{"floor":26,"key":"Blood Vial"}],"event_choices":[{"damage_healed":0,"gold_gain":0,"player_choice":"Entered Light","damage_taken":15,"max_hp_gain":0,"max_hp_loss":0,"event_name":"Shining Light","floor":2,"gold_loss":0,"cards_upgraded":["Defend_B","Strike_B"]},{"damage_healed":0,"gold_gain":0,"player_choice":"Take Damage","damage_taken":18,"relics_obtained":["Golden Idol"],"max_hp_gain":0,"max_hp_loss":0,"event_name":"Golden Idol","floor":3,"gold_loss":0},{"damage_healed":0,"gold_gain":0,"player_choice":"Ignored","damage_taken":0,"max_hp_gain":0,"max_hp_loss":0,"event_name":"Ghosts","floor":19,"gold_loss":0}],"is_beta":false,"boss_relics":[{"not_picked":["Tiny House","Black Star"],"picked":"Nuclear Battery"}],"items_purged_floors":[7],"is_endless":false,"potions_floor_spawned":[1,11,22,23],"killed_by":"Cultist and Chosen","ascension_level":4}}