{"host":"9j472d1lqxyi8fmj","time":1612295152,"event":{"mods":["AchievementEnabler","Aspiration","BaseMod","Better Note","BetterRewards","Block Reminder","Colored Powertips","Downfall","Hermit","Hubris","Infinite Spire","Minty Spire (QoL Compilation)","Potion Indicator Mod","Rare Cards Sparkle","Relic Filter","Reliquary","Replay The Spire","Spicy Shops","StSLib","The Runesmith","Virulent Crown"],"gold_per_floor":[110,130,187,207,207,232,232,252,302,302,325,353,378,399,399,512,512,541,578,578,608,617,617,656,656,679,711,176,176,176,176,176,290,290,324,324,346,346,346,346,386,386,438,478,496,526,555,583,583,583,583],"floor_reached":50,"language":"ENG","playtime":1968,"items_purged":[],"score":674,"play_id":"07b68654-f9c3-402d-a485-e85522d6788d","local_time":"20210202144552","is_ascension_mode":false,"campfire_choices":[{"floor":7,"key":"DIG"},{"floor":10,"key":"DIG"},{"data":"Sunder","floor":15,"key":"SMITH"},{"floor":25,"key":"REST"},{"data":"Redo","floor":30,"key":"SMITH"},{"data":"aspiration:Polymerization","floor":30,"key":"SMITH"},{"floor":32,"key":"REST"},{"data":"hubris:SpecializedCircuitry","floor":40,"key":"SMITH"},{"data":"Echo Form","floor":40,"key":"SMITH"},{"data":"Dualcast","floor":42,"key":"SMITH"},{"data":"Static Discharge","floor":42,"key":"SMITH"},{"floor":49,"key":"REST"}],"circlet_count":0,"master_deck":["Strike_B","Strike_B","Defend_B","Defend_B","Defend_B","Zap+1","Dualcast+1","Sunder+1","Leap","aspiration:Polymerization+1","Static Discharge+1","Coolheaded","Beam Cell","Core Surge+1","Crystallizer+1","Barrage+1","Ball Lightning+1","Chaos+1","Cold Snap+1","Ball Lightning+1","Ball Lightning","Undo+1","Core Surge","Undo","ReplaySort+1","Redo+1","Panic Button","Gash+1","Echo Form+1","Conserve Battery+1","hubris:Ukulele+1","hubris:SpecializedCircuitry+1","Parasite","Cold Snap+1","BasicCrystalCard+1","Time Bomb+1","downfall:Haunted","downfall:Haunted","Gash","Mirror Shield","Gash","Ball Lightning"],"relics":["Cracked Core","Replay:Multitool","Pear","Guardian:PocketSentry","CeramicFish","Nuclear Battery","Prayer Wheel","aspiration:FrozenJewel","Bronze Scales","Replay:Arrowhead","Whetstone","Sundial","Anchor","aspiration:SecretTechniqueScroll","infinitespire:Lucky Rock","champ:DuelingGlove","Du-Vu Doll","reliquary:Buckler"],"acts_visited":["Exordium","TheCity","TheBeyond"],"potions_floor_usage":[33,44,44,50],"damage_taken":[{"damage":12,"enemies":"Small Slimes","floor":1,"turns":3},{"damage":0,"enemies":"2 Louse","floor":2,"turns":2},{"damage":0,"enemies":"infinitespire:Voidling","floor":4,"turns":3},{"damage":0,"enemies":"3 Sentries","floor":6,"turns":6},{"damage":0,"enemies":"2 Fungi Beasts","floor":8,"turns":2},{"damage":16,"enemies":"Large Slime","floor":11,"turns":4},{"damage":0,"enemies":"3 Louse","floor":12,"turns":2},{"damage":0,"enemies":"Blue Slaver","floor":13,"turns":3},{"damage":0,"enemies":"Lots of Slimes","floor":14,"turns":4},{"damage":0,"enemies":"Slime Boss","floor":16,"turns":9},{"damage":10,"enemies":"Spheric Guardian","floor":18,"turns":3},{"damage":8,"enemies":"Chosen","floor":19,"turns":4},{"damage":33,"enemies":"3 Cultists","floor":21,"turns":5},{"damage":54,"enemies":"Gremlin Leader","floor":24,"turns":7},{"damage":0,"enemies":"Chosen and Byrds","floor":27,"turns":3},{"damage":32,"enemies":"Collector","floor":33,"turns":10},{"damage":9,"enemies":"Orb Walker","floor":35,"turns":2},{"damage":0,"enemies":"3 Shapes","floor":37,"turns":4},{"damage":0,"enemies":"Writhing Mass","floor":41,"turns":8},{"damage":14,"enemies":"Reptomancer","floor":44,"turns":6},{"damage":35,"enemies":"Nemesis","floor":46,"turns":11},{"damage":4,"enemies":"Maw","floor":47,"turns":6},{"damage":12,"enemies":"Sphere and 2 Shapes","floor":48,"turns":6},{"damage":54,"enemies":"hubris:GrandSnecko","floor":50,"turns":7}],"seed_played":"-7323445355586165165","potions_obtained":[{"floor":6,"key":"Slimebound:ThreeZeroPotion"},{"floor":8,"key":"SneckoOil"},{"floor":11,"key":"GamblersBrew"},{"floor":14,"key":"Toxic Potion"},{"floor":18,"key":"Energy Potion"},{"floor":33,"key":"GamblersBrew"},{"floor":37,"key":"Block Potion"},{"floor":48,"key":"EssenceOfSteel"}],"is_trial":false,"path_per_floor":["M","M","?","M","?","E","R","M","T","R","M","M","M","M","R","B",null,"M","M","?","M","?","R","E","R","T","M","$","?","R","T","R","B",null,"M","?","M","AVR","?","R","M","R","T","E","?","E","M","M","R","B"],"character_chosen":"DEFECT","items_purchased":["Replay:Arrowhead","Whetstone","Panic Button","Gash"],"campfire_rested":3,"item_purchase_floors":[28,28,28,28],"current_hp_per_floor":[63,63,63,63,63,63,73,73,73,73,57,57,57,57,57,57,85,75,67,67,34,34,59,5,30,30,30,30,30,30,30,55,23,85,76,76,76,76,76,76,76,76,76,62,62,27,23,11,36,0,0],"gold":583,"neow_bonus":"UPGRADE_CARD","is_daily":false,"chose_seed":false,"campfire_upgraded":7,"win_rate":0.0,"timestamp":1612295152,"path_taken":["M","M","?","M","?","E","R","M","T","R","M","M","?","M","R","BOSS","M","M","?","M","?","R","E","R","T","M","$","?","R","?","R","BOSS","M","?","M","AVR","?","R","M","R","T","E","?","E","M","M","R","BOSS"],"items_purchased_type":["Relic","Relic","Card","Card"],"build_version":"2020-12-22","purchased_purges":0,"victory":false,"max_hp_per_floor":[75,75,75,75,75,75,85,85,85,85,85,85,85,85,85,85,85,85,85,85,85,85,85,85,85,85,85,85,85,85,85,85,85,85,85,85,85,85,85,85,85,85,85,85,85,85,85,85,85,85,85],"card_choices":[{"not_picked":["Barrage","Steam"],"picked":"Sunder","floor":1},{"not_picked":["Steam","Compile Driver"],"picked":"Leap","floor":2},{"not_picked":["Conserve Battery","Hologram"],"picked":"aspiration:Polymerization","floor":4},{"not_picked":["Sunder","ReplayTheSpireMod:Omega Cannon"],"picked":"Static Discharge","floor":6},{"not_picked":["Reinforced Body","Conserve Battery"],"picked":"Coolheaded","floor":8},{"not_picked":["Stack","Hologram"],"picked":"Beam Cell","floor":11},{"not_picked":["Turbo","ReplayTheSpireMod:Reroute Power"],"picked":"Core Surge","floor":12},{"not_picked":["Auto Shields","Go for the Eyes"],"picked":"Crystallizer","floor":13},{"not_picked":["ReplayTheSpireMod:Reroute Power","Rebound"],"picked":"Barrage","floor":14},{"not_picked":["Hyperbeam","ReplayRNGCard"],"picked":"ReplayTheSpireMod:Fabricate Wheel","floor":16},{"not_picked":["Stack","Self Repair"],"picked":"Ball Lightning","floor":18},{"not_picked":["Stack","Genetic Algorithm"],"picked":"Chaos+1","floor":18},{"not_picked":["Rebound","Recycle"],"picked":"Cold Snap+1","floor":19},{"not_picked":["Scrape","Hyperbeam"],"picked":"Ball Lightning","floor":19},{"not_picked":["Steam","Static Discharge+1"],"picked":"Ball Lightning","floor":21},{"not_picked":["Leap","Go for the Eyes+1"],"picked":"Undo+1","floor":21},{"not_picked":["Fusion","Amplify"],"picked":"Undo","floor":24},{"not_picked":["Tempest","Beam Cell"],"picked":"ReplaySort+1","floor":27},{"not_picked":["Force Field+1","Steam+1"],"picked":"Redo","floor":27},{"not_picked":["hubris:DoWhile","All For One"],"picked":"Echo Form","floor":33},{"not_picked":["Steam Power","Turbo"],"picked":"Conserve Battery+1","floor":35},{"not_picked":["Steam","Hologram"],"picked":"hubris:Ukulele+1","floor":35},{"not_picked":["ReplayTheSpireMod:Repulse+1","Rebound"],"picked":"hubris:SpecializedCircuitry","floor":37},{"not_picked":["Lockon+1","Fusion+1","Rebound"],"picked":"SKIP","floor":37},{"not_picked":["Panic Button+1","Gash"],"picked":"Cold Snap+1","floor":41},{"not_picked":["Static Discharge+1","Steam+1"],"picked":"BasicCrystalCard+1","floor":41},{"not_picked":["Hologram","Panic Button+1"],"picked":"Time Bomb+1","floor":44},{"not_picked":["Force Field","Turbo","ReplayTheSpireMod:GoodbyeWorld+1"],"picked":"SKIP","floor":46},{"not_picked":["Hello World+1","Compile Driver+1"],"picked":"Gash","floor":47},{"not_picked":["Genetic Algorithm+1","aspiration:Polymerization+1"],"picked":"Mirror Shield","floor":47},{"not_picked":["Redo","Sweeping Beam"],"picked":"Gash","floor":48},{"not_picked":["Chill","Streamline+1"],"picked":"Ball Lightning","floor":48}],"player_experience":381388,"relics_obtained":[{"floor":6,"key":"Replay:Multitool"},{"floor":7,"key":"Pear"},{"floor":9,"key":"Guardian:PocketSentry"},{"floor":10,"key":"CeramicFish"},{"floor":24,"key":"aspiration:FrozenJewel"},{"floor":26,"key":"Bronze Scales"},{"floor":31,"key":"Sundial"},{"floor":43,"key":"infinitespire:Lucky Rock"},{"floor":44,"key":"champ:DuelingGlove"},{"floor":46,"key":"reliquary:Buckler"}],"event_choices":[{"damage_healed":0,"gold_gain":57,"player_choice":"Gained Gold","damage_taken":0,"max_hp_gain":0,"max_hp_loss":0,"event_name":"Golden Wing","floor":3,"gold_loss":0},{"cards_removed":["Strike_B"],"damage_healed":0,"gold_gain":0,"player_choice":"Purged","damage_taken":0,"max_hp_gain":0,"max_hp_loss":0,"event_name":"Purifier","floor":5,"gold_loss":0},{"damage_healed":0,"gold_gain":0,"player_choice":"Upgraded","damage_taken":0,"max_hp_gain":0,"max_hp_loss":0,"event_name":"Upgrade Shrine","floor":20,"gold_loss":0,"cards_upgraded":["Crystallizer"]},{"damage_healed":0,"gold_gain":0,"cards_transformed":["Strike_B"],"player_choice":"Transformed","damage_taken":0,"max_hp_gain":0,"max_hp_loss":0,"event_name":"Transmorgrifier","floor":22,"gold_loss":0,"cards_obtained":["Core Surge"]},{"cards_removed":["Strike_B"],"damage_healed":0,"gold_gain":0,"player_choice":"Give","damage_taken":0,"max_hp_gain":0,"max_hp_loss":0,"event_name":"betterNote:BetterNote","floor":29,"gold_loss":0,"cards_obtained":["hermit:Strike_Hermit"]},{"cards_removed":["Defend_B"],"damage_healed":0,"gold_gain":0,"player_choice":"Removed Skill","damage_taken":0,"max_hp_gain":0,"max_hp_loss":0,"event_name":"Falling","floor":36,"gold_loss":0},{"damage_healed":0,"gold_gain":0,"player_choice":"Memory 1","damage_taken":0,"max_hp_gain":0,"max_hp_loss":0,"event_name":"SensoryStone","floor":39,"gold_loss":0}],"is_beta":false,"boss_relics":[{"not_picked":["reliquary:Ember","SacredBark"],"picked":"Nuclear Battery"},{"not_picked":[]}],"items_purged_floors":[],"is_endless":false,"potions_floor_spawned":[6,8,11,13,14,16,18,21,24,33,35,37,48],"killed_by":"hubris:GrandSnecko","ascension_level":0}}