{"host":"rb2p2z6v6vieend5","time":1612280442,"event":{"mods":["BaseMod","Block Reminder","Colored Map","DeckTracker","Highlight Path","Minty Spire (QoL Compilation)","Random Character Button","Relic Stats"],"gold_per_floor":[119,66,66,66,80,115,115,145,219,232,260,260,280,280,280],"floor_reached":14,"language":"ENG","playtime":669,"items_purged":[],"score":157,"play_id":"7dfd8083-879e-437f-a051-82eda78b5bfe","local_time":"20210202164042","is_ascension_mode":true,"campfire_choices":[{"data":"Wraith Form v2","floor":7,"key":"SMITH"},{"floor":12,"key":"REST"}],"circlet_count":0,"master_deck":["AscendersBane","Strike_G","Strike_G","Strike_G","Strike_G","Defend_G","Defend_G","Defend_G","Defend_G","Defend_G","Survivor","Neutralize","Terror","Blade Dance","Leg Sweep","Wraith Form v2+1","Deflect"],"relics":["Ring of the Snake","Potion Belt","Blood Vial","HornCleat","Sundial","Odd Mushroom"],"acts_visited":["Exordium"],"potions_floor_usage":[8,11],"damage_taken":[{"damage":1,"enemies":"Small Slimes","floor":1,"turns":4},{"damage":0,"enemies":"2 Louse","floor":5,"turns":2},{"damage":39,"enemies":"Gremlin Nob","floor":6,"turns":5},{"damage":10,"enemies":"Lagavulin","floor":8,"turns":10},{"damage":0,"enemies":"Jaw Worm","floor":10,"turns":4},{"damage":2,"enemies":"The Mushroom Lair","floor":11,"turns":8},{"damage":1,"enemies":"Exordium Thugs","floor":13,"turns":6},{"damage":44,"enemies":"3 Sentries","floor":14,"turns":11}],"seed_played":"3370054684040312655","potions_obtained":[{"floor":1,"key":"SteroidPotion"},{"floor":8,"key":"SpeedPotion"},{"floor":10,"key":"SpeedPotion"}],"is_trial":false,"path_per_floor":["M","$","?","?","M","E","R","E","T","M","?","R","M","E"],"character_chosen":"THE_SILENT","items_purchased":["Blade Dance"],"campfire_rested":1,"item_purchase_floors":[2],"current_hp_per_floor":[62,62,55,60,60,21,21,13,13,15,15,37,38,0,0],"gold":280,"neow_bonus":"RANDOM_COMMON_RELIC","is_daily":false,"chose_seed":false,"campfire_upgraded":1,"win_rate":0.0,"timestamp":1612280442,"path_taken":["M","$","?","?","M","E","R","E","T","M","?","R","M","E"],"items_purchased_type":["Card"],"build_version":"2020-12-22","purchased_purges":0,"victory":false,"max_hp_per_floor":[70,70,70,75,75,75,75,75,75,75,75,75,75,75,75],"relic_stats":{"Blood Vial":10,"counters":[8,50],"Sundial":[4],"obtain_stats":[{"Potion Belt":0,"Blood Vial":6,"HornCleat":8,"Sundial":9,"Odd Mushroom":11,"Ring of the Snake":0},{"Potion Belt":0,"Blood Vial":3,"HornCleat":4,"Sundial":4,"Odd Mushroom":6,"Ring of the Snake":0},{"Potion Belt":0,"Blood Vial":11,"HornCleat":21,"Sundial":21,"Odd Mushroom":33,"Ring of the Snake":0}],"Ring of the Snake":[16]},"card_choices":[{"not_picked":["Dagger Throw","Outmaneuver"],"picked":"Terror","floor":1},{"not_picked":["All Out Attack","Underhanded Strike"],"picked":"Leg Sweep","floor":5},{"not_picked":["Acrobatics","Night Terror"],"picked":"Wraith Form v2","floor":6},{"not_picked":["Prepared","Choke","Dagger Throw"],"picked":"SKIP","floor":8},{"not_picked":["Leg Sweep","Calculated Gamble"],"picked":"Deflect","floor":10},{"not_picked":["PiercingWail","Endless Agony","Prepared"],"picked":"SKIP","floor":13}],"player_experience":672526,"relics_obtained":[{"floor":6,"key":"Blood Vial"},{"floor":8,"key":"HornCleat"},{"floor":9,"key":"Sundial"},{"floor":11,"key":"Odd Mushroom"}],"event_choices":[{"cards_removed":["Strike_G"],"damage_healed":0,"gold_gain":0,"player_choice":"Card Removal","damage_taken":7,"max_hp_gain":0,"max_hp_loss":0,"event_name":"Golden Wing","floor":3,"gold_loss":0},{"damage_healed":0,"gold_gain":0,"player_choice":"Donut","damage_taken":0,"max_hp_gain":5,"max_hp_loss":0,"event_name":"Big Fish","floor":4,"gold_loss":0},{"damage_healed":0,"gold_gain":0,"player_choice":"Fought Mushrooms","damage_taken":0,"max_hp_gain":0,"max_hp_loss":0,"event_name":"Mushrooms","floor":11,"gold_loss":0}],"is_beta":false,"boss_relics":[],"items_purged_floors":[],"is_endless":false,"potions_floor_spawned":[1,8,10],"killed_by":"3 Sentries","ascension_level":12}}