{"host":"ac6e1xz8pi3qqstb","time":1612272126,"event":{"mods":["BaseMod","Minty Spire (QoL Compilation)","MostiFishMod","Relic Stats","Replay The Spire","StSLib","[IsaacMod]ÒÔÈö¼âËþ"],"gold_per_floor":[114,164,177,102,122,147,147,161,187,212,232,232,232,264,264,359,359,371,244,343,360,87,116,116,136,136,76,94,113,113,113,113,213,213,223,223,223],"floor_reached":36,"language":"ZHS","playtime":1402,"items_purged":["Strike_B","Strike_B"],"score":567,"play_id":"d0fe1480-b1be-441b-a111-c99749668df7","local_time":"20210202212206","is_ascension_mode":false,"campfire_choices":[{"data":"Gash","floor":7.0,"key":"SMITH"},{"data":"Scrape","floor":13.0,"key":"SMITH"},{"data":"Hologram","floor":15.0,"key":"SMITH"},{"data":"MostiFishMod:InterfaceCompatibility","floor":24.0,"key":"SMITH"},{"data":"MostiFishMod:IntelligentEquipment","floor":30.0,"key":"SMITH"},{"data":"Turbo","floor":32,"key":"SMITH"}],"circlet_count":0,"master_deck":["Strike_B","Defend_B","Defend_B","Defend_B","Zap","Dualcast","Go for the Eyes","Beam Cell","Genetic Algorithm","Gash+1","Turbo+1","Chill","Scrape+1","Hologram+1","Conserve Battery","MostiFishMod:InterfaceCompatibility+1","Scrape+1","Go for the Eyes","Stack","Beam Cell","Steam","Doubt","FTL+1","MostiFishMod:IntelligentEquipment+1","Decay","Stack+1"],"relics":["Cracked Core","DaveBox","HushsDoor","GuppysHead","OneHitWonderSystem","SynthV:TestCard","Mercury Hourglass","Regal Pillow","SalivaCoin","Happy Flower","Odd Mushroom","Nunchaku","Cursed Key","Oddly Smooth Stone","Pondfish Scales","Gremlin Food","White Beast Statue","Replay:Grab Bag"],"acts_visited":["Exordium","TheCity","TheBeyond"],"potions_floor_usage":[33],"damage_taken":[{"damage":0.0,"enemies":"Jaw Worm","floor":1.0,"turns":2.0},{"damage":0.0,"enemies":"Hiden Room Battle","floor":2.0,"turns":5.0},{"damage":0.0,"enemies":"Cultist","floor":3.0,"turns":2.0},{"damage":0.0,"enemies":"Small Slimes","floor":5.0,"turns":3.0},{"damage":0.0,"enemies":"Lagavulin","floor":6.0,"turns":5.0},{"damage":0.0,"enemies":"Looter","floor":8.0,"turns":3.0},{"damage":0.0,"enemies":"The Mushroom Lair","floor":10.0,"turns":4.0},{"damage":0.0,"enemies":"Large Slime","floor":11.0,"turns":3.0},{"damage":0.0,"enemies":"3 Sentries","floor":14.0,"turns":4.0},{"damage":0.0,"enemies":"The Guardian","floor":16.0,"turns":11.0},{"damage":0.0,"enemies":"Shell Parasite","floor":18.0,"turns":2.0},{"damage":0.0,"enemies":"3 Byrds","floor":21.0,"turns":3.0},{"damage":0.0,"enemies":"Book of Stabbing","floor":23.0,"turns":4.0},{"damage":0.0,"enemies":"3 Cultists","floor":25.0,"turns":2.0},{"damage":0.0,"enemies":"Chosen and Byrds","floor":28.0,"turns":2.0},{"damage":0.0,"enemies":"Shelled Parasite and Fungi","floor":29.0,"turns":3.0},{"damage":0,"enemies":"Automaton","floor":33,"turns":5},{"damage":0,"enemies":"3 Darklings","floor":35,"turns":3},{"damage":0,"enemies":"Orb Walker","floor":36,"turns":1}],"seed_played":"-6021964232175898335","potions_obtained":[{"floor":2.0,"key":"Strength Potion"},{"floor":3.0,"key":"Swift Potion"},{"floor":8.0,"key":"Cursed Concoction"},{"floor":10.0,"key":"Explosive Potion"},{"floor":33,"key":"PowerPotion"},{"floor":35,"key":"Venom Potion"}],"is_trial":false,"path_per_floor":["M","?","M","$","M","E","R","M","T","?","M","?","R","E","R","B",null,"M","$","?","M","$","E","R","M","T","$","M","M","R","T","R","B",null,"M","M"],"character_chosen":"DEFECT","items_purchased":["Gash","Turbo","Go for the Eyes","Beam Cell","Oddly Smooth Stone","FTL+1"],"campfire_rested":0,"item_purchase_floors":[4,4,19,22,22,27],"current_hp_per_floor":[1,1,1,1,1,1,1,1,1,1,1,6,1,1,1,1,1,1,1,1,1,1,1,1,1,1,1,1,1,1,1,1,1,1,1,1,1],"gold":223,"neow_bonus":"REMOVE_TWO","is_daily":false,"chose_seed":false,"campfire_upgraded":6,"win_rate":0.0,"timestamp":1612272126,"path_taken":["M","?","?","$","M","E","R","M","T","?","M","?","R","E","R","BOSS","M","$","?","M","$","E","R","M","T","$","M","M","R","?","R","BOSS","M","M"],"items_purchased_type":["Card","Card","Card","Card","Relic","Card"],"build_version":"2020-12-22","purchased_purges":2,"victory":false,"max_hp_per_floor":[1,1,1,1,1,1,1,1,1,1,1,6,1,1,1,1,1,1,1,1,1,1,1,1,1,1,1,1,1,1,1,1,1,1,1,1,1],"relic_stats":{"Regal Pillow":0,"Nunchaku":[16],"Happy Flower":[15],"counters":[19,66],"Cursed Key":2,"obtain_stats":[{"KeepersGift":0,"Gremlin Food":26,"Regal Pillow":2,"DaveBox":0,"Happy Flower":9,"Replay:Grab Bag":34,"Oddly Smooth Stone":22,"Odd Mushroom":10,"Cursed Key":17,"White Beast Statue":31,"Mercury Hourglass":2,"Nunchaku":14,"Pondfish Scales":23,"SynthV:TestCard":1,"SalivaCoin":6,"GuppysHead":0,"OneHitWonderSystem":0,"Cracked Core":0,"HushsDoor":0},{"KeepersGift":0,"Gremlin Food":14,"Regal Pillow":2,"DaveBox":0,"Happy Flower":6,"Replay:Grab Bag":17,"Oddly Smooth Stone":12,"Odd Mushroom":7,"Cursed Key":10,"White Beast Statue":16,"Mercury Hourglass":2,"Nunchaku":9,"Pondfish Scales":13,"SynthV:TestCard":1,"SalivaCoin":5,"GuppysHead":0,"OneHitWonderSystem":0,"Cracked Core":0,"HushsDoor":0},{"KeepersGift":0,"Gremlin Food":52,"Regal Pillow":7,"DaveBox":0,"Happy Flower":20,"Replay:Grab Bag":62,"Oddly Smooth Stone":46,"Odd Mushroom":23,"Cursed Key":41,"White Beast Statue":57,"Mercury Hourglass":7,"Nunchaku":30,"Pondfish Scales":50,"SynthV:TestCard":2,"SalivaCoin":17,"GuppysHead":0,"OneHitWonderSystem":0,"Cracked Core":0,"HushsDoor":0}],"Mercury Hourglass":[258]},"card_choices":[{"not_picked":[],"picked":"Bomb","floor":0.0},{"not_picked":["ReplayTheSpireMod:Reroute Power","Streamline"],"picked":"Go for the Eyes","floor":1.0},{"not_picked":["Reinforced Body","Conserve Battery","Turbo","Barrage"],"picked":"Beam Cell","floor":2.0},{"not_picked":["Streamline","Reinforced Body","Consume","Conserve Battery"],"picked":"Genetic Algorithm","floor":3.0},{"not_picked":["Hologram","Compile Driver","Redo","Ball Lightning"],"picked":"Chill","floor":5.0},{"not_picked":["Rebound","Reprogram","ReplayTheSpireMod:Reroute Power","MostiFishMod:StrandedSiren","MostiFishMod:PushDownKick"],"picked":"SKIP","floor":6.0},{"not_picked":["Reprogram","FIFO Queue","Tempest","White Noise"],"picked":"Scrape","floor":8.0},{"not_picked":["ReplayTheSpireMod:Reroute Power","Time Bomb","Aggregate","Leap"],"picked":"Hologram","floor":10.0},{"not_picked":["Time Bomb","Bomb","Barrage","Genetic Algorithm","Force Field"],"picked":"SKIP","floor":11.0},{"not_picked":["Hologram","Redo","Compile Driver","Glacier"],"picked":"Conserve Battery","floor":14.0},{"not_picked":["ElectricPowerLearning","MostiFishMod:Distribution","MostiFishMod:Overload","Hyperbeam"],"picked":"MostiFishMod:InterfaceCompatibility","floor":16.0},{"not_picked":["Force Field","Cold Snap","Conserve Battery","MostiFishMod:PushDownKick+1"],"picked":"Scrape+1","floor":18.0},{"not_picked":["Redo","MostiFishMod:ATRI","Barrage","Leap+1"],"picked":"Stack","floor":21.0},{"not_picked":["Coolheaded","Hologram","Turbo","ReplayTheSpireMod:GoodbyeWorld"],"picked":"Steam","floor":23.0},{"not_picked":["Stack+1","Skim","Static Discharge+1","Blizzard","BasicCrystalCard"],"picked":"SKIP","floor":25.0},{"not_picked":["ReplayTheSpireMod:System Scan+1","ReplaySort+1","Skim","Stack"],"picked":"MostiFishMod:IntelligentEquipment","floor":28.0},{"not_picked":["Darkness","ReplayTheSpireMod:System Scan","Defragment","Streamline+1","Conserve Battery"],"picked":"SKIP","floor":29.0},{"not_picked":["Doom and Gloom","Skim+1","Barrage","Loop+1"],"picked":"Stack+1","floor":35}],"player_experience":431298,"relics_obtained":[{"floor":1.0,"key":"SynthV:TestCard"},{"floor":2.0,"key":"Mercury Hourglass"},{"floor":2.0,"key":"Regal Pillow"},{"floor":6.0,"key":"SalivaCoin"},{"floor":9.0,"key":"Happy Flower"},{"floor":10.0,"key":"Odd Mushroom"},{"floor":14.0,"key":"Nunchaku"},{"floor":23.0,"key":"Pondfish Scales"},{"floor":26.0,"key":"Gremlin Food"},{"floor":31.0,"key":"White Beast Statue"}],"event_choices":[{"damage_healed":0.0,"max_hp_gain":0.0,"max_hp_loss":0.0,"gold_gain":0.0,"event_name":"HidenRoomEvent","player_choice":"Fight","floor":2.0,"gold_loss":0.0,"damage_taken":0.0},{"damage_healed":0.0,"max_hp_gain":0.0,"max_hp_loss":0.0,"gold_gain":0.0,"event_name":"Mushrooms","player_choice":"Fought Mushrooms","floor":10.0,"gold_loss":0.0,"damage_taken":0.0},{"damage_healed":0.0,"max_hp_gain":5.0,"max_hp_loss":0.0,"gold_gain":0.0,"event_name":"Big Fish","player_choice":"Donut","floor":12.0,"gold_loss":0.0,"damage_taken":0.0},{"damage_healed":0.0,"max_hp_gain":0.0,"max_hp_loss":0.0,"gold_gain":99.0,"event_name":"Nest","player_choice":"Stole From Cult","floor":20.0,"gold_loss":0.0,"damage_taken":0.0}],"is_beta":false,"boss_relics":[{"not_picked":["Sozu","Astrolabe"],"picked":"Cursed Key"},{"not_picked":[]},{"not_picked":["Replay:Bronze Core","Calling Bell"],"picked":"Replay:Grab Bag"},{"not_picked":[]}],"items_purged_floors":[19,22],"is_endless":false,"potions_floor_spawned":[2,3,8,10,21,25,29,33,35],"killed_by":"Orb Walker","ascension_level":0}}