{"host":"11728qvdvolffudn","time":1612279260,"event":{"mods":["BaseMod","Block Reminder","Colored Powertips","Curses Come First","Custom Start","Displayed Cursed Tome","Filter the Spire","Highlight Path","Minty Spire (QoL Compilation)","Permanent Neow","Quick Restart","Rare Cards Sparkle","Relic Stats","StSLib","Weighted Paths"],"gold_per_floor":[110,130,130,130,148,148,148,73,73,90,101,129,129,160,160,255,255,271,282,295,295,313,313,313,313],"floor_reached":24,"language":"ENG","playtime":940,"items_purged":[],"score":254,"play_id":"0af79a17-b224-4315-bd24-bb893a363c10","local_time":"20210202152100","is_ascension_mode":true,"campfire_choices":[{"data":"Shrug It Off","floor":6,"key":"SMITH"},{"data":"Inflame","floor":13,"key":"SMITH"},{"data":"Flex","floor":15,"key":"SMITH"},{"floor":23,"key":"REST"}],"circlet_count":0,"master_deck":["Strike_R","Strike_R","Strike_R","Strike_R","Defend_R","Defend_R","Defend_R","Defend_R+1","Bash","Shrug It Off+1","Inflame+1","Flex+1","Demon Form","Cleave","Ghostly","Ghostly","Ghostly","Ghostly","Ghostly","Shrug It Off+1"],"relics":["Burning Blood","Vajra","Orichalcum","Shuriken","Meat on the Bone","Paper Frog"],"acts_visited":["Exordium","TheCity"],"potions_floor_usage":[12,12,16,19,20],"damage_taken":[{"damage":7,"enemies":"2 Louse","floor":1,"turns":2},{"damage":6,"enemies":"Cultist","floor":2,"turns":4},{"damage":0,"enemies":"Small Slimes","floor":5,"turns":3},{"damage":2,"enemies":"2 Fungi Beasts","floor":10,"turns":3},{"damage":8,"enemies":"Exordium Wildlife","floor":11,"turns":6},{"damage":3,"enemies":"Gremlin Nob","floor":12,"turns":4},{"damage":17,"enemies":"3 Sentries","floor":14,"turns":9},{"damage":22,"enemies":"Slime Boss","floor":16,"turns":7},{"damage":31,"enemies":"Spheric Guardian","floor":18,"turns":7},{"damage":36,"enemies":"3 Byrds","floor":19,"turns":7},{"damage":33,"enemies":"Snake Plant","floor":20,"turns":4},{"damage":18,"enemies":"Shelled Parasite and Fungi","floor":22,"turns":8},{"damage":36,"enemies":"Gremlin Leader","floor":24,"turns":2}],"seed_played":"7704835430234492751","potions_obtained":[{"floor":5,"key":"DistilledChaos"},{"floor":11,"key":"Weak Potion"},{"floor":14,"key":"DistilledChaos"},{"floor":18,"key":"ColorlessPotion"},{"floor":19,"key":"FearPotion"}],"is_trial":false,"path_per_floor":["M","M","?","?","M","R","?","$","T","M","M","E","R","E","R","B",null,"M","M","M","?","M","R","E"],"character_chosen":"IRONCLAD","items_purchased":["Inflame"],"campfire_rested":1,"item_purchase_floors":[8],"current_hp_per_floor":[79,79,79,67,73,73,66,66,66,70,68,71,71,60,60,56,80,55,37,22,22,22,34,0,0],"gold":313,"neow_bonus":"RANDOM_COMMON_RELIC","is_daily":false,"chose_seed":false,"campfire_upgraded":3,"win_rate":0.0,"timestamp":1612279260,"path_taken":["M","M","?","?","M","R","?","$","T","M","M","E","R","E","R","BOSS","M","M","M","?","M","R","E"],"items_purchased_type":["Card"],"build_version":"2020-12-22","purchased_purges":0,"victory":false,"max_hp_per_floor":[80,80,80,80,80,80,80,80,80,80,80,80,80,80,80,80,80,80,80,80,40,40,40,40,40],"relic_stats":{"counters":[13,66],"Shuriken":[8],"Orichalcum":[114],"obtain_stats":[{"Shuriken":9,"Vajra":0,"Orichalcum":4,"Burning Blood":0,"Meat on the Bone":12,"Paper Frog":14},{"Shuriken":3,"Vajra":0,"Orichalcum":2,"Burning Blood":0,"Meat on the Bone":6,"Paper Frog":7},{"Shuriken":9,"Vajra":0,"Orichalcum":6,"Burning Blood":0,"Meat on the Bone":22,"Paper Frog":31}],"Burning Blood":72,"Meat on the Bone":48},"card_choices":[{"not_picked":["Wild Strike","Searing Blow","True Grit"],"picked":"SKIP","floor":1},{"not_picked":["Clothesline","Sword Boomerang","Heavy Blade"],"picked":"SKIP","floor":2},{"not_picked":["Metallicize","Combust"],"picked":"Shrug It Off","floor":5},{"not_picked":["Shrug It Off","Fire Breathing","Armaments"],"picked":"SKIP","floor":10},{"not_picked":["Infernal Blade","Rampage"],"picked":"Flex","floor":11},{"not_picked":["Thunderclap","Shrug It Off","Metallicize"],"picked":"SKIP","floor":12},{"not_picked":["Armaments","Second Wind","Bludgeon"],"picked":"SKIP","floor":14},{"not_picked":["Brutality","Fiend Fire"],"picked":"Demon Form","floor":16},{"not_picked":["Anger+1","Iron Wave+1","Headbutt"],"picked":"SKIP","floor":18},{"not_picked":["Twin Strike","Thunderclap"],"picked":"Cleave","floor":19},{"not_picked":["Warcry","Demon Form","Anger"],"picked":"SKIP","floor":20},{"not_picked":["Heavy Blade","Cleave"],"picked":"Shrug It Off+1","floor":22}],"player_experience":170666,"relics_obtained":[{"floor":9,"key":"Shuriken"},{"floor":12,"key":"Meat on the Bone"},{"floor":14,"key":"Paper Frog"}],"event_choices":[{"damage_healed":0,"gold_gain":0,"player_choice":"Grow","damage_taken":0,"max_hp_gain":0,"max_hp_loss":0,"event_name":"Living Wall","floor":3,"gold_loss":0,"cards_upgraded":["Defend_R"]},{"damage_healed":0,"gold_gain":0,"player_choice":"Success","damage_taken":12,"relics_obtained":["Orichalcum"],"max_hp_gain":0,"max_hp_loss":0,"event_name":"Scrap Ooze","floor":4,"gold_loss":0},{"cards_removed":["Strike_R"],"damage_healed":0,"gold_gain":0,"player_choice":"Card Removal","damage_taken":7,"max_hp_gain":0,"max_hp_loss":0,"event_name":"Golden Wing","floor":7,"gold_loss":0},{"damage_healed":0,"gold_gain":0,"player_choice":"Became a Ghost","damage_taken":0,"max_hp_gain":0,"max_hp_loss":40,"event_name":"Ghosts","floor":21,"gold_loss":0,"cards_obtained":["Ghostly","Ghostly","Ghostly","Ghostly","Ghostly"]}],"is_beta":false,"boss_relics":[{"not_picked":["Pandora\u0027s Box","Astrolabe","Fusion Hammer"]}],"items_purged_floors":[],"is_endless":false,"potions_floor_spawned":[5,11,14,18,19],"killed_by":"Gremlin Leader","ascension_level":2}}