{"host":"erjc6dqs793djrmy","time":1612294878,"event":{"mods":["BaseMod","Minty Spire (QoL Compilation)","StSLib","The Animator"],"gold_per_floor":[124,124,199,199,374,412,412,423,477,477,506,525,525,549,549,652,652,681,681,681,691,691,691,691,703,785,795,134,134,134],"floor_reached":29,"language":"ENG","playtime":2341,"items_purged":["Doubt"],"score":355,"play_id":"62e1b2b1-218d-4bb5-b5f2-d415d8f608f5","local_time":"20210202144118","is_ascension_mode":true,"campfire_choices":[{"floor":7,"key":"REST"},{"data":"animator:GazelDwargon","floor":10,"key":"SMITH"},{"floor":15,"key":"REST"},{"data":"animator:Kaijin","floor":23,"key":"SMITH"}],"circlet_count":0,"master_deck":["AscendersBane","animator:Strike_TenSura+1","animator:Defend_TenSura","animator:Defend+1","animator:Defend","animator:Benimaru","animator:Shuna+1","animator:Kaijin+1","animator:GazelDwargon+1","animator:Kaijin","animator:Layla","animator:ElricAlphonse+1","animator:ElricAlphonse","animator:ElricAlphonse","animator:LeleiLaLalena","animator:Saber","animator:Millim+1","animator:Benimaru","animator:Arpeggio","animator:LeleiLaLalena","animator:Aqua","animator:PinaCoLada","animator:Hibiki"],"relics":["animator:TheMissingPiece","animator:RacePiece","Darkstone Periapt","animator:Buoy","Bag of Preparation","Orichalcum","Anchor","Black Star","Enchiridion","CloakClasp","MutagenicStrength","Bottled Tornado","Shuriken"],"acts_visited":["Exordium","TheCity"],"potions_floor_usage":[18,21,21,29],"damage_taken":[{"damage":0,"enemies":"Cultist","floor":1,"turns":5},{"damage":38,"enemies":"Gremlin Nob","floor":6,"turns":6},{"damage":2,"enemies":"Small Slimes","floor":8,"turns":5},{"damage":1,"enemies":"Lagavulin","floor":11,"turns":8},{"damage":6,"enemies":"Jaw Worm","floor":12,"turns":5},{"damage":6,"enemies":"The Guardian","floor":16,"turns":11},{"damage":0,"enemies":"Spheric Guardian","floor":18,"turns":5},{"damage":21,"enemies":"2 Thieves","floor":21,"turns":4},{"damage":0,"enemies":"Chosen and Byrds","floor":25,"turns":5},{"damage":10,"enemies":"Snake Plant","floor":27,"turns":5},{"damage":13,"enemies":"Gremlin Leader","floor":29,"turns":2}],"seed_played":"-5704740327686684494","potions_obtained":[{"floor":6,"key":"DistilledChaos"},{"floor":11,"key":"Swift Potion"},{"floor":16,"key":"Explosive Potion"},{"floor":18,"key":"animator:FalseLifePotion"},{"floor":27,"key":"Weak Potion"}],"is_trial":false,"path_per_floor":["M","?","?","?","?","E","R","M","T","R","E","M","?","T","R","B",null,"M","?","?","M","?","R","?","M","T","M","$","E"],"character_chosen":"THE_ANIMATOR","items_purchased":["Shuriken","animator:PinaCoLada","animator:Hibiki"],"campfire_rested":2,"item_purchase_floors":[28,28,28],"current_hp_per_floor":[59,56,45,38,44,6,27,25,25,25,24,18,4,4,25,19,59,59,43,43,22,22,22,22,22,22,12,12,0,0],"gold":134,"neow_bonus":"BOSS_RELIC","is_daily":false,"chose_seed":false,"campfire_upgraded":2,"win_rate":0.0,"timestamp":1612294878,"path_taken":["M","?","?","?","?","E","R","M","T","R","E","M","?","?","R","BOSS","M","?","?","M","?","R","?","M","T","M","$","E"],"items_purchased_type":["Relic","Card","Card"],"build_version":"2020-12-22","purchased_purges":1,"victory":false,"max_hp_per_floor":[66,66,66,66,72,72,72,72,72,72,72,72,72,72,72,72,72,72,72,72,72,72,72,72,72,72,72,72,72,72],"card_choices":[{"not_picked":["animator:Shion","animator:Vanir"],"picked":"animator:Layla","floor":1},{"not_picked":["animator:Hans","animator:IrohaTamaki"],"picked":"animator:ElricAlphonse","floor":6},{"not_picked":["animator:Layla","animator:Chris"],"picked":"animator:ElricAlphonse","floor":8},{"not_picked":["animator:ElricEdward","animator:Gluttony"],"picked":"animator:ElricAlphonse","floor":11},{"not_picked":["animator:Kaijin","animator:Sloth"],"picked":"animator:LeleiLaLalena","floor":12},{"not_picked":["animator:Father","animator:Wiz"],"picked":"animator:Saber","floor":16},{"not_picked":["animator:Gillette","animator:Lancer+1"],"picked":"animator:Millim+1","floor":18},{"not_picked":["animator:AcuraAkari","animator:Rider+1"],"picked":"animator:Arpeggio","floor":21},{"not_picked":["animator:TukaLunaMarceau","animator:Kuribayashi"],"picked":"animator:LeleiLaLalena","floor":25},{"not_picked":["animator:Chris","animator:AcuraAkari"],"picked":"animator:Aqua","floor":27}],"player_experience":383262,"relics_obtained":[{"floor":6,"key":"animator:Buoy"},{"floor":9,"key":"Bag of Preparation"},{"floor":11,"key":"Orichalcum"},{"floor":14,"key":"Anchor"},{"floor":19,"key":"Enchiridion"},{"floor":26,"key":"Bottled Tornado"}],"event_choices":[{"damage_healed":0,"gold_gain":0,"player_choice":"Success","damage_taken":3,"relics_obtained":["Darkstone Periapt"],"max_hp_gain":0,"max_hp_loss":0,"event_name":"Scrap Ooze","floor":2,"gold_loss":0},{"damage_healed":0,"gold_gain":75,"player_choice":"Gather Gold","damage_taken":11,"max_hp_gain":0,"max_hp_loss":0,"event_name":"World of Goop","floor":3,"gold_loss":0},{"cards_removed":["animator:Defend"],"damage_healed":0,"gold_gain":0,"player_choice":"Card Removal","damage_taken":7,"max_hp_gain":0,"max_hp_loss":0,"event_name":"Golden Wing","floor":4,"gold_loss":0},{"damage_healed":0,"gold_gain":175,"player_choice":"AGREE","damage_taken":0,"max_hp_gain":0,"max_hp_loss":0,"event_name":"Liars Game","floor":5,"gold_loss":0,"cards_obtained":["Doubt"]},{"damage_healed":0,"gold_gain":0,"player_choice":"Entered Light","damage_taken":14,"max_hp_gain":0,"max_hp_loss":0,"event_name":"Shining Light","floor":13,"gold_loss":0,"cards_upgraded":["animator:ElricAlphonse","animator:Shuna"]},{"damage_healed":0,"gold_gain":0,"player_choice":"Obtained Book","damage_taken":16,"max_hp_gain":0,"max_hp_loss":0,"event_name":"Cursed Tome","floor":19,"gold_loss":0},{"damage_healed":0,"gold_gain":0,"player_choice":"Read","damage_taken":0,"max_hp_gain":0,"max_hp_loss":0,"event_name":"The Library","floor":20,"gold_loss":0,"cards_obtained":["animator:Benimaru"]},{"damage_healed":0,"gold_gain":0,"player_choice":"Opened","damage_taken":0,"relics_obtained":["CloakClasp"],"max_hp_gain":0,"max_hp_loss":0,"event_name":"The Mausoleum","floor":22,"gold_loss":0},{"damage_healed":0,"gold_gain":0,"player_choice":"Inject Mutagens","damage_taken":0,"relics_obtained":["MutagenicStrength"],"max_hp_gain":0,"max_hp_loss":0,"event_name":"Drug Dealer","floor":24,"gold_loss":0}],"is_beta":false,"boss_relics":[{"not_picked":["animator:HolyGrailRelic","Mark of Pain"],"picked":"Black Star"}],"items_purged_floors":[28],"is_endless":false,"potions_floor_spawned":[6,11,16,18,27],"killed_by":"Gremlin Leader","ascension_level":11}}