{"host":"bgyhjzqafgkxdxsh","time":1612255644,"event":{"mods":["BaseMod","Colored Map","Downfall","Minty Spire (QoL Compilation)","Relic Stats","StSLib","everything is the same but u backflip on backflip"],"gold_per_floor":[99,99,112,130,40,50,77,77,106,116,151,36,50,50,64,64,64,64],"floor_reached":16,"language":"ENG","playtime":929,"items_purged":["downfall:Malfunctioning","sneckomod:Strike"],"score":112,"play_id":"4d780ace-054e-43a1-961a-ea8768fff3c3","local_time":"20210202184724","is_ascension_mode":false,"campfire_choices":[{"data":"sneckomod:SnekBite","floor":1,"key":"SMITH"},{"data":"sneckomod:DiceBoulder","floor":8,"key":"SMITH"}],"circlet_count":0,"master_deck":["sneckomod:Strike","sneckomod:Strike+1","sneckomod:Defend","sneckomod:Defend+1","sneckomod:Defend","sneckomod:TailWhip","sneckomod:SnekBite+1","sneckomod:Unknown","sneckomod:Unknown","sneckomod:Mudshield+1","sneckomod:TrashToTreasure","sneckomod:DefensiveFlair","sneckomod:DiceBoulder+1","sneckomod:SnakeSap","sneckomod:QuickBite","sneckomod:Unknown2Cost","sneckomod:UnknownBlock","sneckomod:UnknownRarePower","sneckomod:UnknownExhaust","sneckomod:DiceBlock"],"relics":["sneckomod:SneckoSoul","PreservedInsect","Mummified Hand","Eternal Feather"],"acts_visited":["Exordium"],"potions_floor_usage":[16,16],"damage_taken":[{"damage":2,"enemies":"Small Slimes","floor":3,"turns":2},{"damage":3,"enemies":"Jaw Worm","floor":4,"turns":2},{"damage":0,"enemies":"downfall:FleeingMerchant","floor":5,"turns":4},{"damage":4,"enemies":"Cultist","floor":6,"turns":3},{"damage":16,"enemies":"Gremlin Nob","floor":9,"turns":3},{"damage":13,"enemies":"Large Slime","floor":10,"turns":7},{"damage":22,"enemies":"3 Sentries","floor":11,"turns":5},{"damage":5,"enemies":"downfall:FleeingMerchant","floor":12,"turns":4},{"damage":4,"enemies":"2 Fungi Beasts","floor":13,"turns":3},{"damage":14,"enemies":"Red Slaver","floor":15,"turns":4},{"damage":8,"enemies":"SI_SHIV_ARCHETYPE","floor":16,"turns":3}],"seed_played":"-8947229307166536","potions_obtained":[{"floor":9,"key":"champ:CounterPotion"},{"floor":11,"key":"FearPotion"},{"floor":13,"key":"BlessingOfTheForge"},{"floor":15,"key":"PowerPotion"}],"is_trial":false,"path_per_floor":["R","?","M","M","$","M","T","R","E","M","E","$","M","?","M","B"],"character_chosen":"THE_SNECKO","items_purchased":[],"campfire_rested":0,"item_purchase_floors":[],"current_hp_per_floor":[90,90,88,85,85,81,81,81,65,52,30,25,21,21,7,0,0,0],"gold":64,"neow_bonus":"ONE_RANDOM_RARE_CARD","is_daily":false,"chose_seed":false,"campfire_upgraded":2,"win_rate":0.0,"timestamp":1612255644,"path_taken":["R","?","M","M","$","M","T","R","E","M","E","?","?","?","M","BOSS"],"items_purchased_type":[],"build_version":"2020-12-22","purchased_purges":2,"victory":false,"max_hp_per_floor":[90,90,90,90,90,90,90,90,90,90,90,90,90,90,90,90,90,90],"relic_stats":{"counters":[11,40],"Mummified Hand":[6],"Eternal Feather":0,"PreservedInsect":101,"obtain_stats":[{"Mummified Hand":9,"Eternal Feather":11,"PreservedInsect":7,"sneckomod:SneckoSoul":0},{"Mummified Hand":5,"Eternal Feather":7,"PreservedInsect":4,"sneckomod:SneckoSoul":0},{"Mummified Hand":14,"Eternal Feather":26,"PreservedInsect":11,"sneckomod:SneckoSoul":0}]},"card_choices":[{"not_picked":["sneckomod:Memorize","sneckomod:Nope"],"picked":"sneckomod:TrashToTreasure","floor":3},{"not_picked":["sneckomod:QuickBite","sneckomod:UnendingSupply"],"picked":"sneckomod:DefensiveFlair","floor":4},{"not_picked":["sneckomod:Memorize","sneckomod:RainOfDice"],"picked":"sneckomod:DiceBoulder","floor":5},{"not_picked":["sneckomod:TrashToTreasure","sneckomod:ImprovisedAttack"],"picked":"sneckomod:SnakeSap","floor":6},{"not_picked":["sneckomod:CheapStock","sneckomod:ImprovisedGuard"],"picked":"sneckomod:QuickBite","floor":9},{"not_picked":["sneckomod:Memorize","sneckomod:SnekBeam"],"picked":"sneckomod:Unknown2Cost","floor":10},{"not_picked":["sneckomod:UnknownCommonSkill","sneckomod:DiceBoulder"],"picked":"sneckomod:UnknownBlock","floor":11},{"not_picked":["sneckomod:UnknownBlock","sneckomod:UnknownDraw"],"picked":"sneckomod:UnknownRarePower","floor":12},{"not_picked":["sneckomod:UnknownBlock","sneckomod:DiceBoulder"],"picked":"sneckomod:UnknownExhaust","floor":13},{"not_picked":["sneckomod:SnekBeam","sneckomod:UnknownBlock"],"picked":"sneckomod:DiceBlock","floor":15}],"player_experience":508174,"relics_obtained":[{"floor":7,"key":"PreservedInsect"},{"floor":9,"key":"Mummified Hand"},{"floor":11,"key":"Eternal Feather"}],"event_choices":[],"is_beta":false,"boss_relics":[],"items_purged_floors":[5,12],"is_endless":false,"potions_floor_spawned":[9,11,13,15],"killed_by":"SI_SHIV_ARCHETYPE","ascension_level":0}}