{"host":"5ezk7t18wcb10u1o","time":1612292315,"event":{"mods":["BaseMod","Bestiary","Colored Powertips","Minty Spire (QoL Compilation)","Relic Sorter"],"gold_per_floor":[113,113,127,127,144,144,164,164,164,184,196,208,208,222,222,326,326,340,340,540,553,553,553],"floor_reached":22,"language":"ENG","playtime":1192,"items_purged":[],"score":270,"play_id":"ce54cc9f-1968-4b1b-8321-6c58b3545148","local_time":"20210202185835","is_ascension_mode":true,"campfire_choices":[{"data":"Neutralize","floor":6.0,"key":"SMITH"},{"data":"Defend_G","floor":8.0,"key":"SMITH"},{"floor":13.0,"key":"REST"},{"floor":15.0,"key":"REST"}],"circlet_count":0,"master_deck":["AscendersBane","Strike_G","Strike_G","Strike_G","Defend_G","Defend_G","Defend_G+1","Survivor","Neutralize+1","Deadly Poison","Riddle With Holes","Deadly Poison","Bouncing Flask","Dagger Spray","Crippling Poison","Bane","Burst","Backflip","Corpse Explosion","Expertise","Deadly Poison+1"],"relics":["Ring of the Serpent","StrikeDummy"],"acts_visited":["Exordium","TheCity"],"potions_floor_usage":[22],"damage_taken":[{"damage":3.0,"enemies":"2 Louse","floor":1.0,"turns":4.0},{"damage":9.0,"enemies":"Cultist","floor":3.0,"turns":5.0},{"damage":3.0,"enemies":"Jaw Worm","floor":5.0,"turns":3.0},{"damage":1.0,"enemies":"2 Fungi Beasts","floor":7.0,"turns":3.0},{"damage":1.0,"enemies":"Blue Slaver","floor":10.0,"turns":3.0},{"damage":19.0,"enemies":"Large Slime","floor":11.0,"turns":5.0},{"damage":8.0,"enemies":"Gremlin Gang","floor":12.0,"turns":4.0},{"damage":7.0,"enemies":"Exordium Wildlife","floor":14.0,"turns":4.0},{"damage":9.0,"enemies":"The Guardian","floor":16.0,"turns":8.0},{"damage":13.0,"enemies":"Shell Parasite","floor":18.0,"turns":5.0},{"damage":24,"enemies":"Spheric Guardian","floor":21,"turns":5},{"damage":36,"enemies":"Shelled Parasite and Fungi","floor":22,"turns":4}],"seed_played":"-1871100933182042951","potions_obtained":[{"floor":1.0,"key":"BlessingOfTheForge"},{"floor":3.0,"key":"SkillPotion"},{"floor":5.0,"key":"SkillPotion"},{"floor":11.0,"key":"Strength Potion"},{"floor":12.0,"key":"Poison Potion"},{"floor":21,"key":"Strength Potion"}],"is_trial":false,"path_per_floor":["M","?","M","?","M","R","M","R","T","M","M","M","R","M","R","B",null,"M","?","?","M","M"],"character_chosen":"THE_SILENT","items_purchased":[],"campfire_rested":2,"item_purchase_floors":[],"current_hp_per_floor":[67,60,51,51,48,48,47,47,47,46,27,19,42,35,58,49,70,57,57,57,33,0,0],"gold":553,"neow_bonus":"TEN_PERCENT_HP_BONUS","is_daily":false,"chose_seed":false,"campfire_upgraded":2,"win_rate":0.0,"timestamp":1612292315,"path_taken":["M","?","M","?","M","R","M","R","T","M","?","M","R","M","R","BOSS","M","?","?","?","M"],"items_purchased_type":[],"build_version":"2020-12-22","purchased_purges":0,"victory":false,"max_hp_per_floor":[77,77,77,77,77,77,77,77,77,77,77,77,77,77,77,77,77,77,77,77,77,77,77],"card_choices":[{"not_picked":["Well Laid Plans","Outmaneuver","Acrobatics"],"picked":"SKIP","floor":1.0},{"not_picked":["Flechettes","Accuracy"],"picked":"Deadly Poison","floor":3.0},{"not_picked":["Backflip","Setup"],"picked":"Deadly Poison","floor":5.0},{"not_picked":["Quick Slash","Finisher"],"picked":"Bouncing Flask","floor":7.0},{"not_picked":["Deadly Poison","Flechettes"],"picked":"Dagger Spray","floor":10.0},{"not_picked":["Prepared","Finisher"],"picked":"Crippling Poison","floor":11.0},{"not_picked":["Flying Knee","Heel Hook"],"picked":"Bane","floor":12.0},{"not_picked":["Deadly Poison","Acrobatics","Skewer"],"picked":"SKIP","floor":14.0},{"not_picked":["Malaise","Bullet Time"],"picked":"Burst","floor":16.0},{"not_picked":["Dagger Throw","Deflect"],"picked":"Backflip","floor":18.0},{"not_picked":["Underhanded Strike","Blade Dance"],"picked":"Deadly Poison+1","floor":21}],"player_experience":1191189,"relics_obtained":[{"floor":9.0,"key":"StrikeDummy"}],"event_choices":[{"cards_removed":["Defend_G"],"damage_healed":0.0,"max_hp_gain":0.0,"max_hp_loss":0.0,"gold_gain":0.0,"event_name":"Golden Wing","player_choice":"Card Removal","floor":2.0,"gold_loss":0.0,"damage_taken":7.0},{"damage_healed":0.0,"max_hp_gain":0.0,"max_hp_loss":0.0,"gold_gain":0.0,"cards_transformed":["Strike_G"],"event_name":"Transmorgrifier","player_choice":"Transformed","floor":4.0,"gold_loss":0.0,"damage_taken":0.0,"cards_obtained":["Riddle With Holes"]},{"damage_healed":0.0,"max_hp_gain":0.0,"max_hp_loss":0.0,"gold_gain":0.0,"cards_transformed":["Defend_G","Strike_G"],"event_name":"Drug Dealer","player_choice":"Became Test Subject","floor":19.0,"gold_loss":0.0,"damage_taken":0.0,"cards_obtained":["Corpse Explosion","Expertise"]},{"damage_healed":0.0,"max_hp_gain":0.0,"max_hp_loss":0.0,"gold_gain":250.0,"event_name":"The Joust","player_choice":"Bet on Owner","floor":20.0,"gold_loss":50.0,"damage_taken":0.0}],"is_beta":false,"boss_relics":[{"not_picked":["Astrolabe","Sozu"],"picked":"Ring of the Serpent"}],"items_purged_floors":[],"is_endless":false,"potions_floor_spawned":[1,3,5,11,12,21],"killed_by":"Shelled Parasite and Fungi","ascension_level":10}}