{"host":"oehe2dxjvdgux73m","time":1612273649,"event":{"mods":["AchievementEnabler","BaseMod","Colored Map","Colored Powertips","DeckTracker","Keyboard Shortcuts","Minty Spire (QoL Compilation)","Permanent Neow","Quick Restart","StSLib","SuperFastMode"],"gold_per_floor":[109,184,204,204,220,220,245,245],"floor_reached":7,"language":"KOR","playtime":191,"items_purged":[],"score":102,"play_id":"c4fb52a3-bb91-47fa-857e-aec1dd93bb97","local_time":"20210202224729","is_ascension_mode":true,"campfire_choices":[{"floor":6,"key":"REST"}],"circlet_count":0,"master_deck":["AscendersBane","Strike_G","Strike_G","Strike_G","Strike_G","Strike_G","Defend_G","Defend_G","Defend_G","Defend_G","Defend_G","Survivor","Neutralize","Chrysalis","Predator","Backflip","Dagger Spray","Crippling Poison"],"relics":["Ring of the Snake","Tiny Chest"],"acts_visited":["Exordium"],"potions_floor_usage":[7],"damage_taken":[{"damage":7,"enemies":"Jaw Worm","floor":1,"turns":5},{"damage":4,"enemies":"Small Slimes","floor":3,"turns":4},{"damage":6,"enemies":"2 Louse","floor":5,"turns":3},{"damage":34,"enemies":"Lagavulin","floor":7,"turns":9}],"seed_played":"-838537510788009516","potions_obtained":[{"floor":3,"key":"Poison Potion"},{"floor":7,"key":"EntropicBrew"}],"is_trial":false,"path_per_floor":["M","?","M","?","M","R","E"],"character_chosen":"THE_SILENT","items_purchased":[],"campfire_rested":1,"item_purchase_floors":[],"current_hp_per_floor":[37,26,22,22,16,35,1,1],"gold":245,"neow_bonus":"RANDOM_COLORLESS_2","is_daily":false,"chose_seed":false,"campfire_upgraded":0,"win_rate":0.0,"timestamp":1612273649,"path_taken":["M","?","M","?","M","R","E"],"items_purchased_type":[],"build_version":"2020-12-22","purchased_purges":0,"victory":false,"max_hp_per_floor":[66,66,66,66,66,66,66,66],"card_choices":[{"not_picked":["Secret Technique","Violence"],"picked":"Chrysalis","floor":0},{"not_picked":["Footwork","Sucker Punch"],"picked":"Predator","floor":1},{"not_picked":["Dagger Throw","Dash"],"picked":"Backflip","floor":3},{"not_picked":["Accuracy","Choke"],"picked":"Dagger Spray","floor":5},{"not_picked":["Tactician","Dodge and Roll"],"picked":"Crippling Poison","floor":7}],"player_experience":353416,"relics_obtained":[{"floor":7,"key":"Tiny Chest"}],"event_choices":[{"damage_healed":0,"gold_gain":75,"player_choice":"Gather Gold","damage_taken":11,"max_hp_gain":0,"max_hp_loss":0,"event_name":"World of Goop","floor":2,"gold_loss":0},{"damage_healed":0,"gold_gain":0,"player_choice":"Fled","damage_taken":0,"max_hp_gain":0,"max_hp_loss":0,"event_name":"Scrap Ooze","floor":4,"gold_loss":0}],"is_beta":false,"boss_relics":[],"items_purged_floors":[],"is_endless":false,"potions_floor_spawned":[3,7],"killed_by":"Lagavulin","ascension_level":20}}