{"host":"Kdaddybrian","time":1612300483,"event":{"mods":["AchievementEnabler","BaseMod","Bestiary","Colored Powertips","Minty Spire (QoL Compilation)","Potion Indicator Mod","Quick Restart","Rare Cards Sparkle","Relic Stats","StSLib","Uncapped"],"gold_per_floor":[111,127,142,142,162,162,201,201,201,201,201,224,224,242,242,242,242],"floor_reached":16,"language":"ENG","playtime":502,"items_purged":[],"score":133,"play_id":"6e0ae224-b0c7-445b-b78e-9fb781be0fed","local_time":"20210202161443","is_ascension_mode":true,"campfire_choices":[{"data":"CrushJoints","floor":6,"key":"SMITH"},{"floor":8,"key":"REST"},{"floor":11,"key":"REST"},{"data":"Eruption","floor":15,"key":"SMITH"}],"circlet_count":0,"master_deck":["Strike_P","Strike_P","Strike_P","Strike_P","Defend_P","Defend_P","Defend_P","Defend_P","Eruption+1","Vigilance","CarveReality","MentalFortress","CrushJoints+1","Protect","SashWhip","Wallop","BowlingBash"],"relics":["PureWater","Tiny Chest","Golden Idol","Ornamental Fan","Mummified Hand","NlothsMask"],"acts_visited":["Exordium"],"potions_floor_usage":[7,12,16,16],"damage_taken":[{"damage":0,"enemies":"Jaw Worm","floor":1,"turns":5},{"damage":16,"enemies":"2 Louse","floor":2,"turns":2},{"damage":0,"enemies":"Cultist","floor":3,"turns":2},{"damage":0,"enemies":"2 Fungi Beasts","floor":5,"turns":4},{"damage":30,"enemies":"Gremlin Nob","floor":7,"turns":5},{"damage":22,"enemies":"Gremlin Gang","floor":12,"turns":6},{"damage":11,"enemies":"3 Louse","floor":14,"turns":4},{"damage":45,"enemies":"Slime Boss","floor":16,"turns":3}],"seed_played":"-6740047632723544612","potions_obtained":[{"floor":1,"key":"EntropicBrew"},{"floor":3,"key":"Explosive Potion"},{"floor":7,"key":"EssenceOfSteel"},{"floor":14,"key":"Energy Potion"}],"is_trial":false,"path_per_floor":["M","M","M","?","M","R","E","R","T","?","R","M","T","M","R","B"],"character_chosen":"WATCHER","items_purchased":[],"campfire_rested":2,"item_purchase_floors":[],"current_hp_per_floor":[65,49,49,49,49,49,19,39,39,39,59,37,37,26,26,0,0],"gold":242,"neow_bonus":"RANDOM_COMMON_RELIC","is_daily":false,"chose_seed":false,"campfire_upgraded":2,"win_rate":0.0,"timestamp":1612300483,"path_taken":["M","M","M","?","M","R","E","R","T","?","R","?","?","?","R","BOSS"],"items_purchased_type":[],"build_version":"2020-12-18","purchased_purges":0,"victory":false,"max_hp_per_floor":[72,72,72,67,67,67,67,67,67,67,67,67,67,67,67,67,67],"relic_stats":{"counters":[8,31],"Golden Idol":21,"Ornamental Fan":[12],"Mummified Hand":[0],"Tiny Chest":1,"obtain_stats":[{"Golden Idol":4,"Ornamental Fan":7,"Mummified Hand":9,"Tiny Chest":0,"PureWater":0,"NlothsMask":10},{"Golden Idol":3,"Ornamental Fan":5,"Mummified Hand":5,"Tiny Chest":0,"PureWater":0,"NlothsMask":5},{"Golden Idol":9,"Ornamental Fan":18,"Mummified Hand":18,"Tiny Chest":0,"PureWater":0,"NlothsMask":18}]},"card_choices":[{"not_picked":["Indignation","WreathOfFlame"],"picked":"CarveReality","floor":1},{"not_picked":["SashWhip","CutThroughFate"],"picked":"MentalFortress","floor":2},{"not_picked":["Protect","Nirvana"],"picked":"CrushJoints","floor":3},{"not_picked":["Crescendo","Perseverance"],"picked":"Protect","floor":5},{"not_picked":["Prostrate","CrushJoints"],"picked":"SashWhip","floor":7},{"not_picked":["Establishment","EmptyBody"],"picked":"Wallop","floor":12},{"not_picked":["FlurryOfBlows","Protect"],"picked":"BowlingBash","floor":14}],"player_experience":2999480,"relics_obtained":[{"floor":7,"key":"Ornamental Fan"},{"floor":9,"key":"Mummified Hand"}],"event_choices":[{"damage_healed":0,"gold_gain":0,"player_choice":"Lose Max HP","damage_taken":0,"relics_obtained":["Golden Idol"],"max_hp_gain":0,"max_hp_loss":5,"event_name":"Golden Idol","floor":4,"gold_loss":0},{"damage_healed":0,"gold_gain":0,"player_choice":"Trade","damage_taken":0,"relics_obtained":["NlothsMask"],"max_hp_gain":0,"max_hp_loss":0,"event_name":"FaceTrader","floor":10,"gold_loss":0}],"is_beta":true,"boss_relics":[],"items_purged_floors":[],"is_endless":false,"potions_floor_spawned":[1,3,7,14],"killed_by":"Slime Boss","ascension_level":6}}