{"host":"f76wcztdlwlduum6","time":1612252361,"event":{"mods":["BaseMod","BetterRewards","Colored Powertips","Minty Spire (QoL Compilation)","Quick Restart","Rare Cards Sparkle","Relic Stats","StSLib","SuperFastMode","everything is the same but u backflip on backflip"],"gold_per_floor":[118,118,133,151,53,53,79,154,154,172,191,201,228,242,242,344,344,361,103,103,123,123,151,165,200,200,214,129,141,158,158,158,253,253,267,283,0,15,26,54,65,65,88,188,554,317,344,362,362,362,362,362,9,37,37],"floor_reached":56,"language":"ENG","playtime":2472,"items_purged":["Strike_P","LessonLearned+1"],"score":2560,"play_id":"84bc13c6-f88b-469e-876d-7b35b0d80d2b","local_time":"20210202015241","is_ascension_mode":true,"campfire_choices":[{"data":"Crescendo","floor":6,"key":"SMITH"},{"data":"Adaptation","floor":15,"key":"SMITH"},{"floor":32,"key":"RECALL"},{"floor":42,"key":"REST"},{"floor":49,"key":"REST"},{"data":"Omniscience","floor":52,"key":"SMITH"}],"circlet_count":0,"master_deck":["TalkToTheHand+1","FearNoEvil+1","Crescendo+1","TalkToTheHand+1","MentalFortress+1","ClearTheMind+1","LikeWater+1","ClearTheMind+1","MentalFortress+1","Wallop+1","Wallop+1","ClearTheMind+1","Crescendo+1","Adaptation+1","FlurryOfBlows+1","Tantrum+1","Vault+1","FlurryOfBlows+1","LikeWater+1","Adaptation+1","Wallop","FlurryOfBlows+1","Omniscience+1","MentalFortress+1","MentalFortress","Meditate+1"],"relics":["PureWater","Question Card","Singing Bowl","Orrery","Shuriken","Anchor","Medical Kit","Oddly Smooth Stone","ClockworkSouvenir","Omamori","TeardropLocket","StoneCalendar","Bottled Flame","Odd Mushroom","Philosopher\u0027s Stone","Kunai","Akabeko","Pen Nib","Sozu","Membership Card","Art of War","Regal Pillow","Strawberry","MutagenicStrength","Mummified Hand","Ancient Tea Set","Ornamental Fan","Lizard Tail","Letter Opener","Strange Spoon","Blue Candle"],"acts_visited":["Exordium","TheCity","TheBeyond","TheEnding"],"potions_floor_usage":[13,40,55,55],"damage_taken":[{"damage":6,"enemies":"Small Slimes","floor":1,"turns":4},{"damage":1,"enemies":"2 Louse","floor":3,"turns":3},{"damage":0,"enemies":"Jaw Worm","floor":4,"turns":2},{"damage":0,"enemies":"3 Sentries","floor":7,"turns":4},{"damage":0,"enemies":"Exordium Wildlife","floor":10,"turns":3},{"damage":1,"enemies":"Exordium Thugs","floor":11,"turns":3},{"damage":1,"enemies":"Blue Slaver","floor":12,"turns":2},{"damage":0,"enemies":"The Mushroom Lair","floor":13,"turns":3},{"damage":3,"enemies":"Lots of Slimes","floor":14,"turns":2},{"damage":0,"enemies":"Slime Boss","floor":16,"turns":3},{"damage":12,"enemies":"Spheric Guardian","floor":18,"turns":3},{"damage":39,"enemies":"3 Byrds","floor":21,"turns":4},{"damage":0,"enemies":"Book of Stabbing","floor":23,"turns":5},{"damage":0,"enemies":"3 Cultists","floor":24,"turns":3},{"damage":6,"enemies":"Slavers","floor":25,"turns":3},{"damage":0,"enemies":"Snecko","floor":27,"turns":5},{"damage":0,"enemies":"Snake Plant","floor":29,"turns":4},{"damage":0,"enemies":"Chosen and Byrds","floor":30,"turns":3},{"damage":0,"enemies":"Automaton","floor":33,"turns":4},{"damage":4,"enemies":"Orb Walker","floor":35,"turns":5},{"damage":11,"enemies":"3 Shapes","floor":36,"turns":3},{"damage":0,"enemies":"Spire Growth","floor":38,"turns":2},{"damage":28,"enemies":"4 Shapes","floor":39,"turns":3},{"damage":23,"enemies":"Reptomancer","floor":40,"turns":4},{"damage":14,"enemies":"Transient","floor":41,"turns":6},{"damage":8,"enemies":"Jaw Worm Horde","floor":45,"turns":3},{"damage":0,"enemies":"Nemesis","floor":47,"turns":3},{"damage":0,"enemies":"Maw","floor":48,"turns":4},{"damage":0,"enemies":"Donu and Deca","floor":50,"turns":5},{"damage":40,"enemies":"Shield and Spear","floor":54,"turns":4},{"damage":12,"enemies":"The Heart","floor":55,"turns":6}],"seed_played":"2424206575388605493","potions_obtained":[{"floor":3,"key":"DistilledChaos"},{"floor":4,"key":"FearPotion"},{"floor":10,"key":"Strength Potion"},{"floor":16,"key":"BlessingOfTheForge"},{"floor":21,"key":"Block Potion"}],"is_trial":false,"path_per_floor":["M","?","M","M","$","R","E","?","T","M","M","M","?","M","R","B",null,"M","$","?","M","?","E","M","E","T","M","?","M","M","?","R","B",null,"M","M","$","M","M","E","M","R","T","?","M","$","E","M","R","B",null,"R","$","E","B",null],"character_chosen":"WATCHER","items_purchased":["Orrery","Shuriken","Anchor","Medical Kit","MentalFortress","ClearTheMind","Oddly Smooth Stone","LikeWater","ClearTheMind","MentalFortress","ClockworkSouvenir","Omamori","Adaptation","FlurryOfBlows","Kunai","Membership Card","Art of War","Wallop","Mummified Hand","MentalFortress","Ancient Tea Set","Lizard Tail","Letter Opener","Strange Spoon"],"campfire_rested":2,"item_purchase_floors":[0,0,0,0,0,0,0,0,0,0,0,0,5,5,19,37,37,37,46,46,46,53,53,53],"current_hp_per_floor":[61,66,67,69,69,69,71,60,60,62,63,62,64,63,63,63,86,76,76,76,39,39,41,43,39,39,41,41,41,43,43,43,43,91,87,78,78,80,52,29,17,65,72,72,66,66,68,68,120,120,123,123,123,85,73],"gold":37,"neow_bonus":"","is_daily":false,"chose_seed":false,"campfire_upgraded":3,"win_rate":0.0,"timestamp":1612252361,"path_taken":["M","?","M","M","$","R","E","?","T","M","M","M","?","M","R","BOSS","M","$","?","M","?","E","?","E","T","M","?","M","M","?","R","BOSS","M","M","?","M","M","E","M","R","T","?","M","$","E","M","R","BOSS","R","$","E","BOSS"],"items_purchased_type":["Relic","Relic","Relic","Relic","Card","Card","Relic","Card","Card","Card","Relic","Relic","Card","Card","Relic","Relic","Relic","Card","Relic","Card","Relic","Relic","Relic","Relic"],"build_version":"2020-12-22","purchased_purges":2,"victory":true,"max_hp_per_floor":[74,79,81,83,83,83,85,85,85,87,89,89,91,93,93,93,93,95,95,95,97,97,99,101,103,103,105,105,105,107,107,107,107,107,107,109,109,111,111,111,113,113,120,120,122,122,124,124,124,124,124,124,124,126,126],"relic_stats":{"Regal Pillow":30,"Singing Bowl":62,"counters":[116,454],"Blue Candle":[0],"StoneCalendar":[0],"Pen Nib":[48],"Letter Opener":[0],"Question Card":34,"Medical Kit":[12],"Sozu":4,"Strange Spoon":[14],"Lizard Tail":0,"Shuriken":[85],"Mummified Hand":[104],"Ornamental Fan":[80],"Art of War":[1],"Kunai":[112],"obtain_stats":[{"Ice Cream":0,"CeramicFish":11,"Vajra":23,"Whetstone":9,"Ginger":53,"Sling":37,"Boot":27,"Blood Vial":40,"Sozu":34,"Lizard Tail":53,"HornCleat":53,"DollysMirror":0,"Strawberry":3,"MealTicket":14,"Prayer Wheel":22,"Philosopher\u0027s Stone":34,"VioletLotus":1,"Kunai":9,"Toxic Egg 2":3,"Girya":43,"Pear":0,"Happy Flower":0,"Blue Candle":48,"Dead Branch":41,"Oddly Smooth Stone":0,"Pen Nib":0,"Guardian:PocketSentry":0,"Letter Opener":26,"War Paint":37,"sneckomod:SneckoTalon":34,"Question Card":0,"Akabeko":37,"Du-Vu Doll":8,"SlaversCollar":17,"OrangePellets":0,"Bottled Flame":54,"Shuriken":0,"Bronze Scales":0,"Bird Faced Urn":0,"MutagenicStrength":45,"Slimebound:PreparedRelic":37,"Nloth\u0027s Gift":22,"Meat on the Bone":2,"Pocketwatch":47,"Lantern":38,"Regal Pillow":40,"Singing Bowl":31,"Mango":19,"StoneCalendar":53,"CloakClasp":1,"Juzu Bracelet":6,"Bag of Preparation":0,"TeardropLocket":0,"PrismaticShard":25,"Ancient Tea Set":30,"ClockworkSouvenir":0,"TheAbacus":0,"Slimebound:StickyStick":2,"Mummified Hand":23,"Pantograph":53,"Red Mask":36,"Chemical X":53,"Potion Belt":44,"Lee\u0027s Waffle":19,"Damaru":0,"The Courier":31,"Omamori":0,"Frozen Egg 2":0,"Orichalcum":21,"Odd Mushroom":13,"Medical Kit":38,"bronze:BronzeIdol":28,"Mercury Hourglass":21,"Strange Spoon":53,"Anchor":0,"Ornamental Fan":45,"Orrery":31,"Turnip":54,"Coffee Dripper":34,"Bag of Marbles":0,"Art of War":38,"Bottled Lightning":8,"Membership Card":0,"PureWater":0,"hexamod:BolsterEngine":40,"Toy Ornithopter":11,"FossilizedHelix":27},{"Ice Cream":29,"CeramicFish":35,"Vajra":14,"Whetstone":33,"Ginger":51,"Sling":21,"Boot":41,"Blood Vial":77,"Sozu":104,"Lizard Tail":114,"HornCleat":27,"DollysMirror":29,"Strawberry":30,"MealTicket":36,"Prayer Wheel":67,"Philosopher\u0027s Stone":73,"VioletLotus":1,"Kunai":58,"Toxic Egg 2":1,"Girya":23,"Pear":29,"Happy Flower":29,"Blue Candle":50,"Dead Branch":78,"Oddly Smooth Stone":85,"Pen Nib":29,"Guardian:PocketSentry":29,"Letter Opener":15,"War Paint":21,"sneckomod:SneckoTalon":45,"Question Card":85,"Akabeko":21,"Du-Vu Doll":5,"SlaversCollar":9,"OrangePellets":53,"Bottled Flame":28,"Shuriken":85,"Bronze Scales":29,"Bird Faced Urn":53,"MutagenicStrength":111,"Slimebound:PreparedRelic":21,"Nloth\u0027s Gift":67,"Meat on the Bone":1,"Pocketwatch":26,"Lantern":21,"Regal Pillow":109,"Singing Bowl":72,"Mango":10,"StoneCalendar":27,"CloakClasp":1,"Juzu Bracelet":4,"Bag of Preparation":29,"TeardropLocket":0,"PrismaticShard":40,"Ancient Tea Set":43,"ClockworkSouvenir":53,"TheAbacus":29,"Slimebound:StickyStick":1,"Mummified Hand":14,"Pantograph":27,"Red Mask":74,"Chemical X":27,"Potion Belt":24,"Lee\u0027s Waffle":10,"Damaru":29,"The Courier":18,"Omamori":29,"Frozen Egg 2":29,"Orichalcum":39,"Odd Mushroom":93,"Medical Kit":46,"bronze:BronzeIdol":16,"Mercury Hourglass":39,"Strange Spoon":114,"Anchor":29,"Ornamental Fan":49,"Orrery":72,"Turnip":52,"Coffee Dripper":19,"Bag of Marbles":29,"Art of War":46,"Bottled Lightning":5,"Membership Card":29,"PureWater":0,"hexamod:BolsterEngine":23,"Toy Ornithopter":6,"FossilizedHelix":71},{"Ice Cream":149,"CeramicFish":163,"Vajra":72,"Whetstone":157,"Ginger":214,"Sling":100,"Boot":180,"Blood Vial":306,"Sozu":406,"Lizard Tail":444,"HornCleat":136,"DollysMirror":149,"Strawberry":150,"MealTicket":166,"Prayer Wheel":264,"Philosopher\u0027s Stone":291,"VioletLotus":3,"Kunai":239,"Toxic Egg 2":8,"Girya":113,"Pear":149,"Happy Flower":149,"Blue Candle":209,"Dead Branch":309,"Oddly Smooth Stone":343,"Pen Nib":149,"Guardian:PocketSentry":149,"Letter Opener":74,"War Paint":100,"sneckomod:SneckoTalon":193,"Question Card":343,"Akabeko":100,"Du-Vu Doll":27,"SlaversCollar":44,"OrangePellets":225,"Bottled Flame":141,"Shuriken":343,"Bronze Scales":149,"Bird Faced Urn":225,"MutagenicStrength":431,"Slimebound:PreparedRelic":100,"Nloth\u0027s Gift":264,"Meat on the Bone":8,"Pocketwatch":129,"Lantern":100,"Regal Pillow":423,"Singing Bowl":283,"Mango":48,"StoneCalendar":136,"CloakClasp":3,"Juzu Bracelet":23,"Bag of Preparation":149,"TeardropLocket":0,"PrismaticShard":177,"Ancient Tea Set":185,"ClockworkSouvenir":225,"TheAbacus":149,"Slimebound:StickyStick":8,"Mummified Hand":70,"Pantograph":136,"Red Mask":294,"Chemical X":136,"Potion Belt":120,"Lee\u0027s Waffle":48,"Damaru":149,"The Courier":85,"Omamori":149,"Frozen Egg 2":149,"Orichalcum":175,"Odd Mushroom":367,"Medical Kit":196,"bronze:BronzeIdol":77,"Mercury Hourglass":175,"Strange Spoon":444,"Anchor":149,"Ornamental Fan":206,"Orrery":283,"Turnip":219,"Coffee Dripper":92,"Bag of Marbles":149,"Art of War":196,"Bottled Lightning":27,"Membership Card":149,"PureWater":0,"hexamod:BolsterEngine":113,"Toy Ornithopter":31,"FossilizedHelix":279}]},"card_choices":[{"not_picked":["BowlingBash","CrushJoints","Consecrate","ForeignInfluence"],"picked":"Singing Bowl","floor":0},{"not_picked":["WreathOfFlame","JustLucky","Conclude"],"picked":"TalkToTheHand","floor":0},{"not_picked":["Protect","SignatureMove","SandsOfTime"],"picked":"FearNoEvil","floor":0},{"not_picked":["Halt","Tantrum","Study"],"picked":"Crescendo","floor":0},{"not_picked":["Omniscience","EmptyFist","ReachHeaven"],"picked":"TalkToTheHand","floor":0},{"not_picked":["SandsOfTime","Collect","Pray"],"picked":"ClearTheMind","floor":1},{"not_picked":["Fasting2","Consecrate","Protect","CrushJoints"],"picked":"Singing Bowl","floor":3},{"not_picked":["PathToVictory","Crescendo","SashWhip","FearNoEvil"],"picked":"Singing Bowl","floor":4},{"not_picked":["WreathOfFlame","Ragnarok","CutThroughFate","JustLucky"],"picked":"Singing Bowl","floor":7},{"not_picked":["DeceiveReality","CrushJoints","Halt","Prostrate"],"picked":"Singing Bowl","floor":10},{"not_picked":["ThirdEye","CrushJoints","CarveReality","Wireheading"],"picked":"Singing Bowl","floor":11},{"not_picked":["JustLucky","Consecrate","InnerPeace"],"picked":"LessonLearned","floor":12},{"not_picked":["Perseverance","EmptyBody","CutThroughFate","CrushJoints"],"picked":"Singing Bowl","floor":13},{"not_picked":["ClearTheMind","EmptyBody","Halt","BowlingBash"],"picked":"Singing Bowl","floor":14},{"not_picked":["ConjureBlade","Alpha","Judgement"],"picked":"Vault","floor":16},{"not_picked":["Wireheading","ClearTheMind","Prostrate","EmptyFist+1"],"picked":"Singing Bowl","floor":18},{"not_picked":["WaveOfTheHand","EmptyMind","CutThroughFate","FollowUp+1"],"picked":"Singing Bowl","floor":21},{"not_picked":["EmptyFist","Prostrate+1","BattleHymn+1","SashWhip"],"picked":"Singing Bowl","floor":23},{"not_picked":["Prostrate","Worship+1","Halt","CrushJoints"],"picked":"Singing Bowl","floor":24},{"not_picked":["FearNoEvil","BowlingBash+1","MasterReality","FollowUp+1"],"picked":"Singing Bowl","floor":25},{"not_picked":["Protect+1","Halt+1","Consecrate","Nirvana"],"picked":"Singing Bowl","floor":27},{"not_picked":["SignatureMove","CarveReality","EmptyFist"],"picked":"LikeWater+1","floor":29},{"not_picked":["ReachHeaven+1","CarveReality","Halt","ThirdEye+1"],"picked":"Singing Bowl","floor":30},{"not_picked":["ConjureBlade","LessonLearned","Brilliance"],"picked":"Establishment","floor":33},{"not_picked":["Consecrate","ForeignInfluence","Prostrate+1"],"picked":"Adaptation+1","floor":35},{"not_picked":["Prostrate+1","ThirdEye+1","ForeignInfluence","Wireheading"],"picked":"Singing Bowl","floor":36},{"not_picked":["CutThroughFate","Evaluate+1","ThirdEye+1","Protect"],"picked":"Singing Bowl","floor":38},{"not_picked":["Protect+1","Evaluate","ThirdEye"],"picked":"FlurryOfBlows+1","floor":39},{"not_picked":["ClearTheMind","Crescendo","Sanctity+1"],"picked":"Omniscience","floor":40},{"not_picked":["JustLucky","SashWhip","Sanctity+1","BowlingBash"],"picked":"Singing Bowl","floor":41},{"not_picked":["PathToVictory","BowlingBash","FollowUp+1","FlurryOfBlows"],"picked":"Singing Bowl","floor":45},{"not_picked":["Evaluate+1","DeceiveReality","ThirdEye","FlurryOfBlows"],"picked":"Singing Bowl","floor":47},{"not_picked":["Consecrate+1","Collect","ForeignInfluence"],"picked":"Meditate+1","floor":48},{"not_picked":["ThirdEye","Vengeance","FearNoEvil","Pray"],"picked":"Singing Bowl","floor":54}],"player_experience":246959,"relics_obtained":[{"floor":7,"key":"StoneCalendar"},{"floor":9,"key":"Bottled Flame"},{"floor":13,"key":"Odd Mushroom"},{"floor":23,"key":"Akabeko"},{"floor":25,"key":"Singing Bowl"},{"floor":40,"key":"Regal Pillow"},{"floor":43,"key":"Strawberry"},{"floor":47,"key":"Ornamental Fan"},{"floor":54,"key":"Blue Candle"}],"event_choices":[{"damage_healed":0,"gold_gain":0,"player_choice":"Donut","damage_taken":0,"max_hp_gain":5,"max_hp_loss":0,"event_name":"Big Fish","floor":2,"gold_loss":0},{"damage_healed":0,"gold_gain":75,"player_choice":"Gather Gold","damage_taken":11,"max_hp_gain":0,"max_hp_loss":0,"event_name":"World of Goop","floor":8,"gold_loss":0},{"damage_healed":0,"gold_gain":0,"player_choice":"Fought Mushrooms","damage_taken":0,"max_hp_gain":0,"max_hp_loss":0,"event_name":"Mushrooms","floor":13,"gold_loss":0},{"damage_healed":0,"gold_gain":0,"player_choice":"Ignored","damage_taken":0,"max_hp_gain":0,"max_hp_loss":0,"event_name":"Ghosts","floor":20,"gold_loss":0},{"damage_healed":0,"gold_gain":0,"player_choice":"Read","damage_taken":0,"max_hp_gain":0,"max_hp_loss":0,"event_name":"The Library","floor":22,"gold_loss":0,"cards_obtained":["FlurryOfBlows"]},{"damage_healed":0,"gold_gain":0,"player_choice":"Obtained Relic","damage_taken":0,"relics_obtained":["Pen Nib"],"max_hp_gain":0,"max_hp_loss":0,"event_name":"Addict","floor":28,"gold_loss":85},{"damage_healed":0,"gold_gain":0,"player_choice":"Ignored","damage_taken":0,"max_hp_gain":0,"max_hp_loss":0,"event_name":"Accursed Blacksmith","floor":31,"gold_loss":0},{"damage_healed":0,"gold_gain":100,"player_choice":"Pray","damage_taken":0,"max_hp_gain":0,"max_hp_loss":0,"event_name":"Golden Shrine","floor":44,"gold_loss":0}],"is_beta":false,"boss_relics":[{"not_picked":["Coffee Dripper","SacredBark"],"picked":"Philosopher\u0027s Stone"},{"not_picked":["Runic Pyramid","SlaversCollar"],"picked":"Sozu"}],"items_purged_floors":[0,37],"is_endless":false,"potions_floor_spawned":[3,4,10,11,16,21,23,30,36,38,39,45],"ascension_level":9}}