{"host":"t8facflq355xg1wc","time":1612249700,"event":{"mods":["AchievementEnabler","BaseMod","DeckTracker","Minty Spire (QoL Compilation)","StSLib","SuperFastMode"],"gold_per_floor":[115,65,65,65,81,109,109,119,145,176,176,190,222,397,397,499,499,516,516,516,543,560,587,587,618,618,618,568,568,587,118,118,217,217,235,284,0,0,19,19,53,53,79,110,31,31,42,76,76,76],"floor_reached":51,"language":"KOR","playtime":5884,"items_purged":["Strike_G","Strike_G"],"score":1147,"play_id":"d54fa00c-90bb-4ae9-8d1e-9ac8b2f0973d","local_time":"20210202160820","is_ascension_mode":true,"campfire_choices":[{"data":"Dash","floor":7,"key":"SMITH"},{"data":"Acrobatics","floor":11,"key":"SMITH"},{"floor":15,"key":"REST"},{"floor":24,"key":"REST"},{"floor":27,"key":"REST"},{"floor":29,"key":"REST"},{"data":"Phantasmal Killer","floor":32,"key":"SMITH"},{"data":"Burst","floor":40,"key":"SMITH"},{"data":"Noxious Fumes","floor":46,"key":"SMITH"},{"data":"Outmaneuver","floor":49,"key":"SMITH"}],"circlet_count":0,"master_deck":["Strike_G","Strike_G","Strike_G","Defend_G+1","Defend_G","Defend_G+1","Defend_G","Survivor","Neutralize+1","Dagger Throw+1","Backstab","Dash+1","Outmaneuver+1","Acrobatics+1","Corpse Explosion","Caltrops","Phantasmal Killer+1","Quick Slash+1","Tactician+1","Crippling Poison","Noxious Fumes+1","Burst+1","PiercingWail+1","Catalyst+1","Infinite Blades+1","Terror+1","Distraction+1","Blur","Leg Sweep+1"],"relics":["Ring of the Snake","Mummified Hand","Oddly Smooth Stone","Pen Nib","MealTicket","Juzu Bracelet","SlaversCollar","Nilry\u0027s Codex","Red Mask","Tiny Chest","InkBottle","Thread and Needle","Blood Vial","HoveringKite","Dead Branch","Art of War","Bag of Preparation","Ninja Scroll","War Paint","Happy Flower","Incense Burner"],"acts_visited":["Exordium","TheCity","TheBeyond"],"potions_floor_usage":[13,16,16,16,21,33,33,36,36,36,39,50],"damage_taken":[{"damage":3,"enemies":"2 Louse","floor":1,"turns":4},{"damage":0,"enemies":"Jaw Worm","floor":5,"turns":4},{"damage":20,"enemies":"Lagavulin","floor":6,"turns":8},{"damage":0,"enemies":"Cultist","floor":8,"turns":3},{"damage":5,"enemies":"3 Sentries","floor":10,"turns":7},{"damage":0,"enemies":"2 Fungi Beasts","floor":12,"turns":3},{"damage":4,"enemies":"Gremlin Nob","floor":13,"turns":3},{"damage":0,"enemies":"Slime Boss","floor":16,"turns":8},{"damage":3,"enemies":"3 Byrds","floor":18,"turns":2},{"damage":27,"enemies":"Masked Bandits","floor":21,"turns":4},{"damage":17,"enemies":"2 Thieves","floor":22,"turns":4},{"damage":6,"enemies":"Slavers","floor":23,"turns":3},{"damage":15,"enemies":"Book of Stabbing","floor":25,"turns":5},{"damage":2,"enemies":"Centurion and Healer","floor":30,"turns":4},{"damage":32,"enemies":"Champ","floor":33,"turns":8},{"damage":0,"enemies":"3 Darklings","floor":35,"turns":2},{"damage":43,"enemies":"2 Orb Walkers","floor":36,"turns":5},{"damage":4,"enemies":"Orb Walker","floor":39,"turns":3},{"damage":0,"enemies":"Giant Head","floor":41,"turns":5},{"damage":0,"enemies":"Nemesis","floor":44,"turns":3},{"damage":2,"enemies":"Sphere and 2 Shapes","floor":47,"turns":3},{"damage":0,"enemies":"Giant Head","floor":48,"turns":5},{"damage":20,"enemies":"Time Eater","floor":50,"turns":10}],"seed_played":"-7251562335763423899","potions_obtained":[{"floor":6,"key":"Poison Potion"},{"floor":8,"key":"AttackPotion"},{"floor":12,"key":"Fire Potion"},{"floor":13,"key":"Swift Potion"},{"floor":18,"key":"LiquidMemories"},{"floor":25,"key":"LiquidMemories"},{"floor":33,"key":"Ancient Potion"},{"floor":36,"key":"CunningPotion"},{"floor":39,"key":"Fruit Juice"},{"floor":44,"key":"LiquidMemories"},{"floor":47,"key":"Weak Potion"}],"is_trial":false,"path_per_floor":["M","?","T","?","M","E","R","M","T","E","R","M","E","?","R","B",null,"M","?","?","?","M","E","R","E","T","R","?","R","M","$","R","B",null,"M","?","$","?","M","R","E","T","T","E","$","R","M","E","R","B",null],"character_chosen":"THE_SILENT","items_purchased":["EntropicBrew","LiquidMemories","Noxious Fumes","Blood Vial","Catalyst","Art of War","Blur"],"campfire_rested":4,"item_purchase_floors":[31,31,31,31,37,37,45],"current_hp_per_floor":[67,67,67,67,67,47,47,47,47,42,42,42,38,38,59,59,70,67,51,51,24,7,1,22,7,7,28,28,49,47,62,62,32,70,70,27,42,42,45,45,47,47,47,49,64,64,64,66,66,48],"gold":76,"neow_bonus":"UPGRADE_CARD","is_daily":false,"chose_seed":false,"campfire_upgraded":6,"win_rate":0.0,"timestamp":1612249700,"path_taken":["M","?","?","?","?","E","R","M","T","E","R","M","E","?","R","BOSS","M","?","?","?","M","E","R","E","T","R","?","R","M","$","R","BOSS","M","?","$","?","M","R","E","?","T","E","?","R","M","E","R","BOSS"],"items_purchased_type":["Potion","Potion","Card","Relic","Card","Relic","Card"],"build_version":"2020-12-22","purchased_purges":2,"victory":true,"max_hp_per_floor":[70,70,70,70,70,70,70,70,70,70,70,70,70,70,70,70,70,70,70,70,70,70,70,70,70,70,70,70,70,70,70,70,70,70,70,70,70,70,75,75,75,75,75,75,75,75,75,75,75,75],"card_choices":[{"not_picked":["Sucker Punch","Dodge and Roll"],"picked":"Dagger Throw","floor":1},{"not_picked":["Acrobatics","Riddle With Holes"],"picked":"Backstab","floor":5},{"not_picked":["Poisoned Stab","Endless Agony"],"picked":"Dash","floor":6},{"not_picked":["Wraith Form v2","Dodge and Roll"],"picked":"Outmaneuver","floor":8},{"not_picked":["Deflect","Infinite Blades"],"picked":"Acrobatics","floor":10},{"not_picked":["Quick Slash","Blade Dance"],"picked":"Corpse Explosion","floor":12},{"not_picked":["Masterful Stab","Infinite Blades"],"picked":"Caltrops","floor":13},{"not_picked":["Night Terror","Venomology"],"picked":"Phantasmal Killer","floor":16},{"not_picked":["Prepared","Underhanded Strike"],"picked":"Quick Slash+1","floor":18},{"not_picked":["Dagger Spray","Masterful Stab"],"picked":"Tactician+1","floor":22},{"not_picked":["Acrobatics","Night Terror","Dash"],"picked":"SKIP","floor":23},{"not_picked":["Slice","Dodge and Roll"],"picked":"Crippling Poison","floor":25},{"not_picked":["Deflect","Sucker Punch","Underhanded Strike"],"picked":"SKIP","floor":30},{"not_picked":["Glass Knife","Corpse Explosion"],"picked":"Burst","floor":33},{"not_picked":["Accuracy+1","Infinite Blades+1"],"picked":"PiercingWail+1","floor":35},{"not_picked":["Sucker Punch+1","Quick Slash"],"picked":"Infinite Blades+1","floor":39},{"not_picked":["Quick Slash+1","Reflex"],"picked":"Terror+1","floor":41},{"not_picked":["Acrobatics+1","Prepared+1"],"picked":"Distraction+1","floor":44},{"not_picked":["Prepared+1","Corpse Explosion","Dodge and Roll+1"],"picked":"SKIP","floor":47},{"not_picked":["Dodge and Roll+1","Poisoned Stab"],"picked":"Leg Sweep+1","floor":48}],"player_experience":93054,"relics_obtained":[{"floor":3,"key":"Mummified Hand"},{"floor":6,"key":"Oddly Smooth Stone"},{"floor":9,"key":"Pen Nib"},{"floor":10,"key":"MealTicket"},{"floor":13,"key":"Juzu Bracelet"},{"floor":19,"key":"Nilry\u0027s Codex"},{"floor":21,"key":"Red Mask"},{"floor":23,"key":"Tiny Chest"},{"floor":25,"key":"InkBottle"},{"floor":26,"key":"Thread and Needle"},{"floor":36,"key":"Dead Branch"},{"floor":41,"key":"Bag of Preparation"},{"floor":42,"key":"Ninja Scroll"},{"floor":43,"key":"War Paint"},{"floor":44,"key":"Happy Flower"},{"floor":48,"key":"Incense Burner"}],"event_choices":[{"cards_removed":["Defend_G"],"damage_healed":0,"gold_gain":0,"player_choice":"Card Removal","damage_taken":0,"max_hp_gain":0,"max_hp_loss":0,"event_name":"The Cleric","floor":2,"gold_loss":50},{"damage_healed":0,"gold_gain":0,"player_choice":"Upgraded","damage_taken":0,"max_hp_gain":0,"max_hp_loss":0,"event_name":"Upgrade Shrine","floor":4,"gold_loss":0,"cards_upgraded":["Dagger Throw"]},{"damage_healed":0,"gold_gain":175,"player_choice":"AGREE","damage_taken":0,"max_hp_gain":0,"max_hp_loss":0,"event_name":"Liars Game","floor":14,"gold_loss":0,"cards_obtained":["Doubt"]},{"damage_healed":0,"gold_gain":0,"player_choice":"Obtained Book","damage_taken":16,"max_hp_gain":0,"max_hp_loss":0,"event_name":"Cursed Tome","floor":19,"gold_loss":0},{"cards_removed":["Doubt"],"damage_healed":0,"gold_gain":0,"player_choice":"Elegance","damage_taken":0,"max_hp_gain":0,"max_hp_loss":0,"event_name":"Back to Basics","floor":20,"gold_loss":0},{"damage_healed":0,"gold_gain":0,"player_choice":"Fought Bandits","damage_taken":0,"max_hp_gain":0,"max_hp_loss":0,"event_name":"Masked Bandits","floor":21,"gold_loss":0},{"damage_healed":0,"gold_gain":0,"player_choice":"Bet on Owner","damage_taken":0,"max_hp_gain":0,"max_hp_loss":0,"event_name":"The Joust","floor":28,"gold_loss":50},{"damage_healed":0,"gold_gain":0,"player_choice":"Fight","damage_taken":0,"max_hp_gain":0,"max_hp_loss":0,"event_name":"Mysterious Sphere","floor":36,"gold_loss":0},{"damage_healed":0,"gold_gain":0,"player_choice":"Upgraded","damage_taken":0,"max_hp_gain":0,"max_hp_loss":0,"event_name":"Upgrade Shrine","floor":38,"gold_loss":0,"cards_upgraded":["Catalyst"]}],"is_beta":false,"boss_relics":[{"not_picked":["Ectoplasm","Fusion Hammer"],"picked":"SlaversCollar"},{"not_picked":["Black Star","Runic Dome"],"picked":"HoveringKite"}],"items_purged_floors":[31,37],"is_endless":false,"potions_floor_spawned":[6,8,12,13,18,25,33,36,39,44,47],"ascension_level":3}}