{"host":"g7mkzn6qfoxkk5sz","time":1612250731,"event":{"mods":["BaseMod","Colored Map","Colored Powertips","Downfall","Minty Spire (QoL Compilation)","StSLib"],"gold_per_floor":[99,119,129,129,579,579,579,579,599,378,378,393,568,579,590,590,590,590],"floor_reached":16,"language":"ENG","playtime":785,"items_purged":["downfall:Icky"],"score":92,"play_id":"16b8ec66-86ca-4ae0-a067-adef39e4af98","local_time":"20210202092531","is_ascension_mode":false,"campfire_choices":[{"data":"Guardian:TwinSlam","floor":1,"key":"SMITH"},{"data":"Guardian:Suspension","floor":6,"key":"SMITH"},{"data":"Guardian:DecasProtection","floor":11,"key":"SMITH"}],"circlet_count":0,"master_deck":["Guardian:Strike_Guardian","Guardian:Strike_Guardian","Guardian:Defend_Guardian","Guardian:Defend_Guardian","Guardian:Defend_Guardian","Guardian:Defend_Guardian","Guardian:CurlUp","Guardian:TwinSlam+1","Guardian:Suspension+1","Guardian:Incinerate","downfall:Icky","downfall:Icky","Guardian:Gem_Blue","Guardian:Recover","Guardian:DecasProtection+1","Guardian:SpikerProtocol","Guardian:ArmoredProtocol","Doubt","Guardian:Repulse","Guardian:StasisField"],"relics":["Guardian:ModeShifter","Guardian:PickAxe","Bottled Lightning"],"acts_visited":["Exordium"],"potions_floor_usage":[15,16,16],"damage_taken":[{"damage":0,"enemies":"Small Slimes","floor":2,"turns":4},{"damage":3,"enemies":"Jaw Worm","floor":3,"turns":3},{"damage":8,"enemies":"Jaw Worm","floor":4,"turns":5},{"damage":1,"enemies":"2 Louse","floor":9,"turns":4},{"damage":5,"enemies":"downfall:FleeingMerchant","floor":10,"turns":4},{"damage":0,"enemies":"2 Fungi Beasts","floor":12,"turns":4},{"damage":16,"enemies":"Large Slime","floor":14,"turns":7},{"damage":23,"enemies":"Gremlin Gang","floor":15,"turns":5},{"damage":33,"enemies":"IC_STATUS_ARCHETYPE","floor":16,"turns":8}],"seed_played":"6261737394606065867","potions_obtained":[{"floor":2,"key":"Energy Potion"},{"floor":12,"key":"Fire Potion"}],"is_trial":false,"path_per_floor":["R","M","M","?","?","R","T","?","M","$","R","M","?","M","M","B"],"character_chosen":"GUARDIAN","items_purchased":["Guardian:SpikerProtocol","Explosive Potion"],"campfire_rested":0,"item_purchase_floors":[10,10],"current_hp_per_floor":[80,80,77,69,69,69,69,69,68,63,63,63,63,47,24,0,0,0],"gold":590,"neow_bonus":"TRANSFORM_CARD","is_daily":false,"chose_seed":false,"campfire_upgraded":3,"win_rate":0.0,"timestamp":1612250731,"path_taken":["R","M","M","?","?","R","T","?","M","?","R","M","?","?","M","BOSS"],"items_purchased_type":["Card","Potion"],"build_version":"2020-12-22","purchased_purges":1,"victory":false,"max_hp_per_floor":[80,80,80,80,80,80,80,80,80,80,80,80,80,80,80,80,80,80],"card_choices":[{"not_picked":["Guardian:ChargeUp","Guardian:MultiBeam"],"picked":"Guardian:Gem_Crimson","floor":2},{"not_picked":["Guardian:ChargeCore","Guardian:Planning"],"picked":"Guardian:Incinerate","floor":3},{"not_picked":["Guardian:ChargeUp","Guardian:Harden"],"picked":"Guardian:Recover","floor":9},{"not_picked":["Guardian:TemporalStrike","Guardian:VentSteam"],"picked":"Guardian:DecasProtection","floor":10},{"not_picked":["Guardian:Gem_Cyan","Guardian:Gem_Lightblue"],"picked":"Guardian:ArmoredProtocol","floor":12},{"not_picked":["Guardian:RollAttack","Guardian:TemporalShield"],"picked":"Guardian:Repulse","floor":14},{"not_picked":["Guardian:ShieldCharger","Guardian:PiercingHide"],"picked":"Guardian:StasisField","floor":15}],"player_experience":467164,"relics_obtained":[{"floor":7,"key":"Bottled Lightning"}],"event_choices":[],"is_beta":false,"boss_relics":[],"items_purged_floors":[10],"is_endless":false,"potions_floor_spawned":[2,4,12],"killed_by":"IC_STATUS_ARCHETYPE","ascension_level":0}}