{"host":"at5b10nm0iti0w4x","time":1612226456,"event":{"mods":["AchievementEnabler","BaseMod","Bestiary","Block Reminder","Colored Map","Colored Powertips","Highlight Path","Keyboard Shortcuts","Minty Spire (QoL Compilation)","Relic Stats","StSLib","SuperFastMode"],"gold_per_floor":[112,131,81,98,109,144,144,144,144,159,187,187,199,216,216,315,315,305,315,6,6,22,49,49,60,83,83,99,112,112,112,112,112,112],"floor_reached":33,"language":"ENG","playtime":1289,"items_purged":["Strike_G"],"score":281,"play_id":"197f199c-5eed-4bf8-9d71-a43ded5bdd74","local_time":"20210201194056","is_ascension_mode":false,"campfire_choices":[{"data":"Deadly Poison","floor":8,"key":"SMITH"},{"data":"Dash","floor":12,"key":"SMITH"},{"floor":15,"key":"REST"},{"data":"Envenom","floor":24,"key":"SMITH"},{"data":"Sadistic Nature","floor":30,"key":"SMITH"},{"data":"Infinite Blades","floor":32,"key":"SMITH"}],"circlet_count":0,"master_deck":["Strike_G","Strike_G","Defend_G","Defend_G","Defend_G","Defend_G","Defend_G+1","Survivor","Neutralize+1","Backflip","Backflip+1","Flying Knee+1","Deadly Poison+1","Dash+1","Burst","Blade Dance","Envenom+1","Infinite Blades+1","Footwork","Sadistic Nature+1","Terror","PiercingWail","Caltrops","Choke"],"relics":["Ring of the Snake","NeowsBlessing","Whetstone","NlothsMask","Torii","SacredBark","TungstenRod","War Paint"],"acts_visited":["Exordium","TheCity"],"potions_floor_usage":[23,25],"damage_taken":[{"damage":0,"enemies":"Jaw Worm","floor":1,"turns":1},{"damage":0,"enemies":"Small Slimes","floor":2,"turns":1},{"damage":0,"enemies":"Cultist","floor":4,"turns":1},{"damage":3,"enemies":"Red Slaver","floor":5,"turns":4},{"damage":34,"enemies":"Lagavulin","floor":6,"turns":9},{"damage":5,"enemies":"Lots of Slimes","floor":10,"turns":4},{"damage":9,"enemies":"3 Sentries","floor":11,"turns":8},{"damage":1,"enemies":"Looter","floor":13,"turns":3},{"damage":0,"enemies":"Red Slaver","floor":14,"turns":3},{"damage":12,"enemies":"Hexaghost","floor":16,"turns":9},{"damage":9,"enemies":"2 Thieves","floor":18,"turns":4},{"damage":20,"enemies":"Shell Parasite","floor":19,"turns":5},{"damage":10,"enemies":"Snake Plant","floor":22,"turns":4},{"damage":42,"enemies":"Gremlin Leader","floor":23,"turns":7},{"damage":13,"enemies":"3 Cultists","floor":25,"turns":5},{"damage":19,"enemies":"Centurion and Healer","floor":28,"turns":6},{"damage":0,"enemies":"Snecko","floor":29,"turns":6},{"damage":46,"enemies":"Collector","floor":33,"turns":6}],"seed_played":"-7282351434998955586","potions_obtained":[{"floor":4,"key":"Regen Potion"},{"floor":6,"key":"Weak Potion"},{"floor":10,"key":"AttackPotion"},{"floor":13,"key":"FairyPotion"},{"floor":25,"key":"Swift Potion"},{"floor":27,"key":"Poison Potion"}],"is_trial":false,"path_per_floor":["M","M","?","M","M","E","?","R","T","M","E","R","M","M","R","B",null,"M","M","$","?","M","E","R","M","T","?","M","M","R","?","R","B"],"character_chosen":"THE_SILENT","items_purchased":["Sadistic Nature","Terror"],"campfire_rested":1,"item_purchase_floors":[20,20],"current_hp_per_floor":[70,70,70,70,67,33,33,33,33,28,19,19,18,18,39,27,70,61,41,41,41,31,29,29,16,16,16,42,42,42,42,42,0,0],"gold":112,"neow_bonus":"THREE_ENEMY_KILL","is_daily":false,"chose_seed":false,"campfire_upgraded":5,"win_rate":0.0,"timestamp":1612226456,"path_taken":["M","M","?","M","M","E","?","R","T","?","E","R","M","M","R","BOSS","M","M","$","?","M","E","R","?","T","?","?","M","R","?","R","BOSS"],"items_purchased_type":["Card","Card"],"build_version":"2020-12-22","purchased_purges":1,"victory":false,"max_hp_per_floor":[70,70,70,70,70,70,70,70,70,70,70,70,70,70,70,70,70,70,70,70,70,70,70,70,70,70,70,70,70,70,70,70,70,70],"relic_stats":{"Torii":41,"counters":[18,86],"Whetstone":["Neutralize","Flying Knee"],"War Paint":["Defend_G","Backflip"],"obtain_stats":[{"NeowsBlessing":0,"Torii":11,"SacredBark":17,"Whetstone":6,"War Paint":26,"TungstenRod":23,"Ring of the Snake":0,"NlothsMask":7},{"NeowsBlessing":0,"Torii":7,"SacredBark":10,"Whetstone":5,"War Paint":15,"TungstenRod":14,"Ring of the Snake":0,"NlothsMask":5},{"NeowsBlessing":0,"Torii":28,"SacredBark":43,"Whetstone":16,"War Paint":68,"TungstenRod":63,"Ring of the Snake":0,"NlothsMask":16}],"TungstenRod":15,"Ring of the Snake":[36]},"card_choices":[{"not_picked":["Sucker Punch","Dagger Throw"],"picked":"Masterful Stab","floor":1},{"not_picked":["Eviscerate","Distraction"],"picked":"Backflip","floor":2},{"not_picked":["Underhanded Strike","Quick Slash"],"picked":"Backflip","floor":4},{"not_picked":["Burst","Calculated Gamble"],"picked":"Flying Knee","floor":5},{"not_picked":["Heel Hook","PiercingWail"],"picked":"Deadly Poison","floor":6},{"not_picked":["Skewer","Prepared"],"picked":"Dash","floor":10},{"not_picked":["Endless Agony","Slice","Backflip"],"picked":"SKIP","floor":11},{"not_picked":["Deflect","Tactician"],"picked":"Burst","floor":13},{"not_picked":["Outmaneuver","Predator"],"picked":"Blade Dance","floor":14},{"not_picked":["Doppelganger","Unload"],"picked":"Envenom","floor":16},{"not_picked":["Dodge and Roll","Leg Sweep"],"picked":"Infinite Blades","floor":18},{"not_picked":["Escape Plan","Poisoned Stab"],"picked":"Footwork","floor":19},{"not_picked":["Dodge and Roll","Quick Slash+1","Endless Agony+1"],"picked":"SKIP","floor":22},{"not_picked":["Backflip","Flying Knee","Dagger Throw+1"],"picked":"SKIP","floor":23},{"not_picked":["Leg Sweep+1","Flying Knee"],"picked":"PiercingWail","floor":25},{"not_picked":["Underhanded Strike+1","Slice","Quick Slash+1"],"picked":"SKIP","floor":28},{"not_picked":["Leg Sweep","Underhanded Strike","Terror+1"],"picked":"SKIP","floor":29}],"player_experience":20592,"relics_obtained":[{"floor":6,"key":"Whetstone"},{"floor":11,"key":"Torii"},{"floor":23,"key":"TungstenRod"},{"floor":26,"key":"War Paint"}],"event_choices":[{"cards_removed":["Strike_G"],"damage_healed":0,"gold_gain":0,"player_choice":"Card Removal","damage_taken":0,"max_hp_gain":0,"max_hp_loss":0,"event_name":"The Cleric","floor":3,"gold_loss":50},{"damage_healed":0,"gold_gain":0,"player_choice":"Trade","damage_taken":0,"relics_obtained":["NlothsMask"],"max_hp_gain":0,"max_hp_loss":0,"event_name":"FaceTrader","floor":7,"gold_loss":0},{"damage_healed":0,"gold_gain":0,"player_choice":"Ignored","damage_taken":0,"max_hp_gain":0,"max_hp_loss":0,"event_name":"NoteForYourself","floor":21,"gold_loss":0},{"damage_healed":0,"gold_gain":0,"player_choice":"Got Potions","damage_taken":0,"max_hp_gain":0,"max_hp_loss":0,"event_name":"Lab","floor":27,"gold_loss":0},{"damage_healed":0,"gold_gain":0,"cards_transformed":["Masterful Stab","Strike_G"],"player_choice":"Became Test Subject","damage_taken":0,"max_hp_gain":0,"max_hp_loss":0,"event_name":"Drug Dealer","floor":31,"gold_loss":0,"cards_obtained":["Caltrops","Choke"]}],"is_beta":false,"boss_relics":[{"not_picked":["Coffee Dripper","Ring of the Serpent"],"picked":"SacredBark"}],"items_purged_floors":[20],"is_endless":false,"potions_floor_spawned":[4,6,10,13,18,25],"killed_by":"Collector","ascension_level":0}}