{"host":"zsnmfqgcm92hlreo","time":1612243425,"event":{"mods":["AchievementEnabler","Act Like it!","BaseMod","Bestiary","Block Reminder","Colored Map","Colored Powertips","Gensokyo","Hermit","Jorbs\u0027s Wanderer Trilogy","Minty Spire (QoL Compilation)","Permanent Neow","Quick Restart","Relic Stats","StSLib","The Jungle","Weighted Paths"],"gold_per_floor":[118,131,131,142,317,342,342,367,436,436,470,470,488,102,102,233,233,247,247,31,131,152,152,176,207,231,270,288,628,628,628,628,754,754,767,620,685,131,154,154,177,215,215,229,268,178,178,201,201,201],"floor_reached":51,"language":"ENG","playtime":2688,"items_purged":["Doubt","Strike_P","Strike_P"],"score":1297,"play_id":"d39272c0-45f0-4d8c-a6b7-5bc322d5f45e","local_time":"20210201232345","is_ascension_mode":true,"campfire_choices":[{"floor":12.0,"key":"REST"},{"floor":15.0,"key":"REST"},{"floor":23.0,"key":"REST"},{"floor":30,"key":"REST"},{"floor":32,"key":"REST"},{"data":"Strike_P","floor":40,"key":"PURGE"},{"floor":47,"key":"REST"},{"data":"Defend_P","floor":49,"key":"PURGE"}],"circlet_count":0,"master_deck":["AscendersBane","Defend_P","Defend_P","Defend_P","Eruption","Vigilance","Tantrum","BowlingBash","Study","CutThroughFate","Consecrate","Vault","Fasting2","FearNoEvil+1","LessonLearned+1","Protect","Fasting2","Weave","ThirdEye","Adaptation+1","Tantrum","DeceiveReality+1","Halt+1","Wish","Fasting2","FlurryOfBlows","WheelKick+1","CutThroughFate","Nirvana","CrushJoints+1","Weave","TalkToTheHand","ClearTheMind+1"],"relics":["Fusion Hammer","CaptainsWheel","Golden Idol","Singing Bowl","Orichalcum","HornCleat","Orrery","Black Star","theJungle:BirthdayCake","OrangePellets","Juzu Bracelet","Yang","Happy Flower","Dream Catcher","Pocketwatch","Old Coin","White Beast Statue","Philosopher\u0027s Stone","Peace Pipe","Membership Card","Dead Branch","Eternal Feather","Potion Belt","Damaru","Ginger","Mercury Hourglass","Centennial Puzzle"],"acts_visited":["Exordium","Exordium","TheBeyond"],"potions_floor_usage":[29,29,50,50,50,50,50],"damage_taken":[{"damage":1.0,"enemies":"Cultist","floor":1.0,"turns":5.0},{"damage":0.0,"enemies":"2 Louse","floor":2.0,"turns":1.0},{"damage":0.0,"enemies":"Small Slimes","floor":4.0,"turns":2.0},{"damage":10.0,"enemies":"3 Sentries","floor":6.0,"turns":4.0},{"damage":19.0,"enemies":"Red Slaver","floor":8.0,"turns":6.0},{"damage":14.0,"enemies":"Lagavulin","floor":11.0,"turns":6.0},{"damage":0.0,"enemies":"Large Slime","floor":13.0,"turns":4.0},{"damage":21.0,"enemies":"The Guardian","floor":16.0,"turns":10.0},{"damage":4.0,"enemies":"theJungle:MUSHROOMGANG","floor":18.0,"turns":6.0},{"damage":6.0,"enemies":"Shell Parasite","floor":22.0,"turns":4.0},{"damage":15.0,"enemies":"theJungle:Lyon","floor":24.0,"turns":6.0},{"damage":13.0,"enemies":"theJungle:2_Phrogs","floor":25.0,"turns":5.0},{"damage":9.0,"enemies":"theJungle:Cassacara","floor":27.0,"turns":6.0},{"damage":9.0,"enemies":"theJungle:SlimyTreeVines","floor":28.0,"turns":3.0},{"damage":0,"enemies":"theJungle:MamaSnecko","floor":29,"turns":4},{"damage":14,"enemies":"theJungle:FunGuy","floor":33,"turns":6},{"damage":1,"enemies":"Orb Walker","floor":35,"turns":3},{"damage":14,"enemies":"2 Orb Walkers","floor":37,"turns":4},{"damage":14,"enemies":"3 Darklings","floor":39,"turns":3},{"damage":17,"enemies":"Transient","floor":41,"turns":5},{"damage":20,"enemies":"Nemesis","floor":42,"turns":12},{"damage":6,"enemies":"Jaw Worm Horde","floor":44,"turns":4},{"damage":14,"enemies":"Reptomancer","floor":45,"turns":4},{"damage":0,"enemies":"3 Darklings","floor":48,"turns":4},{"damage":64,"enemies":"Awakened One","floor":50,"turns":10}],"seed_played":"8902120403314870460","potions_obtained":[{"floor":1.0,"key":"BlessingOfTheForge"},{"floor":11.0,"key":"EntropicBrew"},{"floor":22.0,"key":"ColorlessPotion"},{"floor":25.0,"key":"AttackPotion"},{"floor":35,"key":"SteroidPotion"},{"floor":42,"key":"Swift Potion"},{"floor":44,"key":"SpeedPotion"}],"is_trial":false,"path_per_floor":["M","M","$","M","?","E","?","M","T","?","E","R","M","$","R","B",null,"M","?","$","?","M","R","M","E","T","E","M","E","R","?","R","B",null,"M","$","?","$","M","R","M","E","T","M","E","?","R","M","R","B",null],"character_chosen":"WATCHER","items_purchased":["Orrery","Fasting2","FearNoEvil","OrangePellets","Fasting2","FlurryOfBlows","Membership Card","Dead Branch","Eternal Feather","CutThroughFate","Nirvana"],"campfire_rested":6,"item_purchase_floors":[14,14,14,20,20,36,38,38,38,38,38],"current_hp_per_floor":[64,64,64,64,64,54,36,17,17,17,3,24,26,32,56,35,69,65,85,85,85,79,100,85,74,74,65,56,56,88,80,104,90,101,100,100,86,86,72,90,75,57,57,51,39,39,90,90,108,44],"gold":201,"neow_bonus":"BOSS_RELIC","is_daily":false,"chose_seed":false,"campfire_upgraded":0,"win_rate":0.0,"timestamp":1612243425,"path_taken":["M","M","?","M","?","E","?","M","T","?","E","R","?","$","R","BOSS","M","?","$","?","?","R","M","E","T","E","M","E","R","?","R","BOSS","M","$","?","$","M","R","M","E","T","M","E","?","R","M","R","BOSS"],"items_purchased_type":["Relic","Card","Card","Relic","Card","Card","Relic","Relic","Relic","Card","Card"],"build_version":"2020-12-22","purchased_purges":3,"victory":true,"max_hp_per_floor":[72,72,72,72,72,72,72,72,72,72,72,72,74,80,80,80,80,80,100,100,100,100,100,100,102,102,102,102,102,104,104,104,104,104,104,104,104,104,104,104,106,108,108,108,110,110,110,110,110,110],"relic_stats":{"Singing Bowl":18,"Happy Flower":[22],"counters":[25,127],"Golden Idol":179,"Dead Branch":[34],"Yang":[174],"Eternal Feather":54,"Juzu Bracelet":1,"Ginger":[0],"Orichalcum":[102],"Mercury Hourglass":[72],"Peace Pipe":2,"OrangePellets":[63],"Dream Catcher":3,"Centennial Puzzle":[3],"Black Star":5,"obtain_stats":[{"Singing Bowl":9,"Yang":25,"Juzu Bracelet":25,"Ginger":43,"Old Coin":29,"Dream Catcher":27,"Centennial Puzzle":45,"HornCleat":11,"Philosopher\u0027s Stone":34,"Fusion Hammer":0,"theJungle:BirthdayCake":19,"Potion Belt":42,"Happy Flower":26,"Golden Idol":7,"Dead Branch":38,"Damaru":42,"Eternal Feather":38,"Orichalcum":10,"White Beast Statue":29,"Mercury Hourglass":45,"Peace Pipe":37,"OrangePellets":20,"CaptainsWheel":6,"Orrery":14,"Black Star":17,"Membership Card":38,"PureWater":0,"Pocketwatch":27},{"Singing Bowl":5,"Yang":12,"Juzu Bracelet":12,"Ginger":21,"Old Coin":15,"Dream Catcher":13,"Centennial Puzzle":23,"HornCleat":6,"Philosopher\u0027s Stone":16,"Fusion Hammer":0,"theJungle:BirthdayCake":9,"Potion Belt":21,"Happy Flower":12,"Golden Idol":4,"Dead Branch":18,"Damaru":21,"Eternal Feather":18,"Orichalcum":5,"White Beast Statue":15,"Mercury Hourglass":23,"Peace Pipe":18,"OrangePellets":9,"CaptainsWheel":4,"Orrery":7,"Black Star":8,"Membership Card":18,"PureWater":0,"Pocketwatch":13},{"Singing Bowl":18,"Yang":59,"Juzu Bracelet":59,"Ginger":105,"Old Coin":72,"Dream Catcher":65,"Centennial Puzzle":113,"HornCleat":24,"Philosopher\u0027s Stone":78,"Fusion Hammer":0,"theJungle:BirthdayCake":44,"Potion Belt":105,"Happy Flower":59,"Golden Idol":12,"Dead Branch":85,"Damaru":105,"Eternal Feather":85,"Orichalcum":18,"White Beast Statue":72,"Mercury Hourglass":113,"Peace Pipe":85,"OrangePellets":44,"CaptainsWheel":12,"Orrery":28,"Black Star":38,"Membership Card":85,"PureWater":0,"Pocketwatch":65}],"Pocketwatch":[35]},"card_choices":[{"not_picked":["JustLucky","ClearTheMind"],"picked":"Tantrum","floor":1.0},{"not_picked":["SashWhip","FollowUp"],"picked":"BowlingBash","floor":2.0},{"not_picked":["FollowUp","EmptyBody"],"picked":"BowlingBash","floor":4.0},{"not_picked":["FlyingSleeves","MasterReality"],"picked":"Study","floor":6.0},{"not_picked":["CrushJoints","SashWhip","ForeignInfluence"],"picked":"SKIP","floor":8.0},{"not_picked":["FlurryOfBlows","SandsOfTime"],"picked":"CutThroughFate","floor":11.0},{"not_picked":["PathToVictory","EmptyMind","CrushJoints"],"picked":"Singing Bowl","floor":13.0},{"not_picked":["EmptyBody","SashWhip","Prostrate"],"picked":"Singing Bowl","floor":14.0},{"not_picked":["EmptyFist","Scrawl"],"picked":"Consecrate","floor":14.0},{"not_picked":["SashWhip","Tantrum","SandsOfTime"],"picked":"Singing Bowl","floor":14.0},{"not_picked":["Pray","SashWhip","ClearTheMind"],"picked":"Singing Bowl","floor":14.0},{"not_picked":["ThirdEye","Prostrate"],"picked":"Vault","floor":14.0},{"not_picked":["Judgement","Vault"],"picked":"LessonLearned","floor":16.0},{"not_picked":["Indignation","FlyingSleeves"],"picked":"Protect","floor":18.0},{"not_picked":["FollowUp+1","PathToVictory+1"],"picked":"Weave","floor":22.0},{"not_picked":["EmptyBody+1","Evaluate"],"picked":"ThirdEye","floor":24.0},{"not_picked":["ThirdEye+1","Protect","CarveReality"],"picked":"Singing Bowl","floor":25.0},{"not_picked":["SandsOfTime","WreathOfFlame"],"picked":"Adaptation+1","floor":27.0},{"not_picked":["Fasting2","Crescendo"],"picked":"Tantrum","floor":28.0},{"not_picked":["Devotion","Meditate"],"picked":"DeceiveReality","floor":29},{"not_picked":["ThirdEye","FlyingSleeves","FollowUp+1"],"picked":"Singing Bowl","floor":30},{"not_picked":["EmptyBody","MentalFortress"],"picked":"Halt+1","floor":32},{"not_picked":["Establishment","ConjureBlade"],"picked":"Wish","floor":33},{"not_picked":["Crescendo+1","Consecrate"],"picked":"Fasting2","floor":35},{"not_picked":["Study","InnerPeace+1"],"picked":"WheelKick+1","floor":37},{"not_picked":["ThirdEye+1","Evaluate+1"],"picked":"CrushJoints+1","floor":39},{"not_picked":["FlyingSleeves+1","ReachHeaven+1","Indignation+1"],"picked":"Singing Bowl","floor":41},{"not_picked":["CrushJoints","Evaluate+1","DeceiveReality+1"],"picked":"Singing Bowl","floor":42},{"not_picked":["CrushJoints+1","Halt+1"],"picked":"Weave","floor":44},{"not_picked":["FlyingSleeves","FlurryOfBlows","SashWhip"],"picked":"Singing Bowl","floor":45},{"not_picked":["Omniscience","Conclude"],"picked":"TalkToTheHand","floor":47},{"not_picked":["CrushJoints","Conclude+1"],"picked":"ClearTheMind+1","floor":48}],"player_experience":984959,"relics_obtained":[{"floor":6.0,"key":"CaptainsWheel"},{"floor":9.0,"key":"Singing Bowl"},{"floor":11.0,"key":"HornCleat"},{"floor":25.0,"key":"Juzu Bracelet"},{"floor":25.0,"key":"Yang"},{"floor":26.0,"key":"Happy Flower"},{"floor":27.0,"key":"Dream Catcher"},{"floor":27.0,"key":"Pocketwatch"},{"floor":29,"key":"Old Coin"},{"floor":29,"key":"White Beast Statue"},{"floor":37,"key":"Peace Pipe"},{"floor":42,"key":"Potion Belt"},{"floor":42,"key":"Damaru"},{"floor":43,"key":"Ginger"},{"floor":45,"key":"Mercury Hourglass"},{"floor":45,"key":"Centennial Puzzle"}],"event_choices":[{"damage_healed":0.0,"max_hp_gain":0.0,"max_hp_loss":0.0,"gold_gain":175.0,"event_name":"Liars Game","player_choice":"AGREE","floor":5.0,"gold_loss":0.0,"damage_taken":0.0,"cards_obtained":["Doubt"]},{"damage_healed":0.0,"max_hp_gain":0.0,"max_hp_loss":0.0,"gold_gain":0.0,"event_name":"Golden Idol","player_choice":"Take Damage","floor":7.0,"gold_loss":0.0,"damage_taken":18.0,"relics_obtained":["Golden Idol"]},{"cards_removed":["BowlingBash"],"damage_healed":0.0,"max_hp_gain":0.0,"max_hp_loss":0.0,"gold_gain":0.0,"event_name":"WeMeetAgain","player_choice":"Gave Card","floor":10.0,"gold_loss":0.0,"damage_taken":0.0,"relics_obtained":["Orichalcum"]},{"damage_healed":0.0,"max_hp_gain":0.0,"max_hp_loss":0.0,"gold_gain":100.0,"event_name":"Golden Shrine","player_choice":"Pray","floor":21.0,"gold_loss":0.0,"damage_taken":0.0},{"damage_healed":0,"gold_gain":0,"player_choice":"Fight","damage_taken":0,"max_hp_gain":0,"max_hp_loss":0,"event_name":"Mysterious Sphere","floor":37,"gold_loss":0},{"cards_removed":["Strike_P"],"damage_healed":0,"gold_gain":0,"player_choice":"Upgrade and Remove","damage_taken":0,"max_hp_gain":0,"max_hp_loss":0,"event_name":"Designer","floor":46,"gold_loss":90,"cards_upgraded":["DeceiveReality"]}],"is_beta":false,"boss_relics":[{"not_picked":["SacredBark","VioletLotus"],"picked":"Black Star"},{"not_picked":["Runic Pyramid","Runic Dome"],"picked":"Philosopher\u0027s Stone"}],"items_purged_floors":[14,36,38],"is_endless":false,"potions_floor_spawned":[1,11,13,22,25,33,35,37,39,41,42,44,45,48],"ascension_level":10}}