{"host":"g76swmzai3i25uo4","time":1612234431,"event":{"mods":["AchievementEnabler","BaseMod","Card Forge","Colored Map","Colored Powertips","Minty Spire (QoL Compilation)","Permanent Neow","Quick Restart","StSLib","SuperFastMode","UnlockEverythingMod"],"gold_per_floor":[109,185,185,203,216,247,267,297,297,328,328,389,400,416,416,515,515,530,530,530,383,399,430,446,460,460,480,498,530,530,543,543,640,640,660,660,672,683,683,712,728,758,758,773,805,818,829,829,829,829,829,829,829,856,856],"floor_reached":56,"language":"ZHS","playtime":2191,"items_purged":[],"score":1775,"play_id":"dfbbdbaa-b0ae-4893-afdf-fa82f0e7adf5","local_time":"20210202105351","is_ascension_mode":true,"campfire_choices":[{"floor":15,"key":"RECALL"}],"circlet_count":0,"master_deck":["Adrenaline+1","Sunder+1","Double Energy+1","Skim+1","Adrenaline+1","Adrenaline+1","Skim+1","Reinforced Body+1","Meteor Strike+1"],"relics":["Hammer of Thor","Seething Fire","Anvil of the Gods","Sozu","Ginger","PreservedInsect","Bag of Marbles","StrikeDummy","Mercury Hourglass","Coffee Dripper","Lantern","Kunai","Oddly Smooth Stone","Runic Pyramid","Omamori","HornCleat","Singing Bowl","Frozen Egg 2","Pen Nib"],"acts_visited":["Exordium","TheCity","TheBeyond","TheEnding"],"potions_floor_usage":[],"damage_taken":[{"damage":0,"enemies":"Cultist","floor":1,"turns":2},{"damage":0,"enemies":"Small Slimes","floor":4,"turns":1},{"damage":0,"enemies":"Jaw Worm","floor":5,"turns":1},{"damage":26,"enemies":"Gremlin Nob","floor":6,"turns":3},{"damage":0,"enemies":"Large Slime","floor":7,"turns":2},{"damage":0,"enemies":"Lagavulin","floor":8,"turns":2},{"damage":9,"enemies":"3 Sentries","floor":10,"turns":4},{"damage":0,"enemies":"Gremlin Nob","floor":12,"turns":8},{"damage":0,"enemies":"Blue Slaver","floor":13,"turns":1},{"damage":0,"enemies":"3 Louse","floor":14,"turns":1},{"damage":0,"enemies":"Slime Boss","floor":16,"turns":1},{"damage":0,"enemies":"Chosen","floor":18,"turns":1},{"damage":0,"enemies":"Spheric Guardian","floor":22,"turns":1},{"damage":0,"enemies":"Book of Stabbing","floor":23,"turns":1},{"damage":0,"enemies":"Snake Plant","floor":24,"turns":1},{"damage":0,"enemies":"Shelled Parasite and Fungi","floor":25,"turns":1},{"damage":0,"enemies":"Cultist and Chosen","floor":27,"turns":1},{"damage":0,"enemies":"Sentry and Sphere","floor":28,"turns":1},{"damage":0,"enemies":"Gremlin Leader","floor":29,"turns":1},{"damage":0,"enemies":"Centurion and Healer","floor":31,"turns":1},{"damage":0,"enemies":"Automaton","floor":33,"turns":1},{"damage":0,"enemies":"3 Darklings","floor":35,"turns":1},{"damage":3,"enemies":"3 Shapes","floor":37,"turns":1},{"damage":0,"enemies":"Spire Growth","floor":38,"turns":1},{"damage":0,"enemies":"Nemesis","floor":40,"turns":1},{"damage":0,"enemies":"Sphere and 2 Shapes","floor":41,"turns":1},{"damage":0,"enemies":"Giant Head","floor":42,"turns":1},{"damage":0,"enemies":"Transient","floor":44,"turns":1},{"damage":0,"enemies":"Nemesis","floor":45,"turns":1},{"damage":0,"enemies":"Maw","floor":46,"turns":1},{"damage":0,"enemies":"Writhing Mass","floor":47,"turns":1},{"damage":0,"enemies":"Awakened One","floor":50,"turns":2},{"damage":0,"enemies":"Shield and Spear","floor":54,"turns":1},{"damage":29,"enemies":"The Heart","floor":55,"turns":3}],"seed_played":"-1771206237216381908","potions_obtained":[],"is_trial":false,"path_per_floor":["M","?","?","M","M","E","M","E","T","E","$","?","M","M","R","B",null,"M","?","?","$","M","E","M","M","T","M","M","E","?","M","R","B",null,"M","?","M","M","$","E","M","E","T","M","E","M","M","?","R","B",null,"R","$","E","B",null],"character_chosen":"DEFECT","items_purchased":["Lantern"],"campfire_rested":0,"item_purchase_floors":[21],"current_hp_per_floor":[75,75,75,75,75,49,49,49,49,40,40,40,40,40,40,40,75,75,61,61,61,61,61,61,61,61,61,61,61,61,61,61,61,80,80,76,73,73,73,73,73,73,73,75,75,75,77,77,77,77,80,80,80,80,51],"gold":856,"neow_bonus":"BOSS_RELIC","is_daily":false,"chose_seed":false,"campfire_upgraded":0,"win_rate":0.0,"timestamp":1612234431,"path_taken":["M","?","?","M","M","E","M","E","T","E","?","?","M","M","R","BOSS","M","?","?","?","?","E","M","M","T","M","M","E","?","M","R","BOSS","M","?","M","M","$","E","M","E","T","M","E","M","M","?","R","BOSS","R","$","E","BOSS"],"items_purchased_type":["Relic"],"build_version":"2020-12-22","purchased_purges":0,"victory":true,"max_hp_per_floor":[75,75,75,75,75,75,75,75,75,75,75,75,75,75,75,75,75,75,80,80,80,80,80,80,80,80,80,80,80,80,80,80,80,80,80,76,76,76,76,76,76,76,76,78,78,78,80,80,80,80,80,80,80,80,80],"card_choices":[{"not_picked":["Ball Lightning","Conserve Battery","Scrape"],"picked":"SKIP","floor":1},{"not_picked":["Barrage","Skim","Turbo"],"picked":"SKIP","floor":4},{"not_picked":["Heatsinks","Self Repair","Tempest"],"picked":"SKIP","floor":5},{"not_picked":["Reinforced Body","Sweeping Beam","Heatsinks"],"picked":"SKIP","floor":6},{"not_picked":["Self Repair","BootSequence","Redo"],"picked":"SKIP","floor":7},{"not_picked":["Force Field","Ball Lightning","Storm"],"picked":"SKIP","floor":8},{"not_picked":["Redo","Go for the Eyes","Beam Cell"],"picked":"SKIP","floor":10},{"not_picked":["Go for the Eyes","Beam Cell","Sweeping Beam"],"picked":"SKIP","floor":13},{"not_picked":["Compile Driver","Genetic Algorithm","Static Discharge"],"picked":"SKIP","floor":14},{"not_picked":["Conserve Battery","Redo","Defragment"],"picked":"SKIP","floor":18},{"not_picked":["Barrage","Force Field","BootSequence+1"],"picked":"SKIP","floor":22},{"not_picked":["Steam","Chill","Self Repair+1"],"picked":"SKIP","floor":23},{"not_picked":["Rip and Tear","Hologram","Barrage"],"picked":"SKIP","floor":24},{"not_picked":["Go for the Eyes","Barrage","Compile Driver+1"],"picked":"SKIP","floor":25},{"not_picked":["Streamline","Darkness","Hologram"],"picked":"SKIP","floor":27},{"not_picked":["Static Discharge","Glacier","Stack"],"picked":"SKIP","floor":28},{"not_picked":["FTL","Compile Driver","BootSequence"],"picked":"SKIP","floor":29},{"not_picked":["Echo Form","Redo","Stack"],"picked":"SKIP","floor":31},{"not_picked":["Hologram","Coolheaded","Gash+1"],"picked":"SKIP","floor":35},{"not_picked":["Undo+1","Redo","Ball Lightning+1"],"picked":"SKIP","floor":37},{"not_picked":["Darkness+1","Streamline+1","Sweeping Beam"],"picked":"SKIP","floor":38},{"not_picked":["Turbo+1","Skim+1","Gash"],"picked":"SKIP","floor":40},{"not_picked":["Streamline","Lockon","Fusion+1"],"picked":"SKIP","floor":41},{"not_picked":["Cold Snap","Multi-Cast","Compile Driver"],"picked":"SKIP","floor":42},{"not_picked":["Steam","Leap+1","Redo+1"],"picked":"Singing Bowl","floor":44},{"not_picked":["Reboot","Barrage+1","Turbo"],"picked":"SKIP","floor":45},{"not_picked":["Beam Cell","Tempest+1","Force Field"],"picked":"SKIP","floor":46},{"not_picked":["Stack+1","Scrape+1","Streamline"],"picked":"Singing Bowl","floor":47},{"not_picked":["Steam","Chill","Gash"],"picked":"SKIP","floor":54}],"player_experience":28618,"relics_obtained":[{"floor":6,"key":"Ginger"},{"floor":8,"key":"PreservedInsect"},{"floor":9,"key":"Bag of Marbles"},{"floor":10,"key":"StrikeDummy"},{"floor":12,"key":"Mercury Hourglass"},{"floor":23,"key":"Kunai"},{"floor":29,"key":"Oddly Smooth Stone"},{"floor":40,"key":"Omamori"},{"floor":42,"key":"HornCleat"},{"floor":43,"key":"Singing Bowl"},{"floor":45,"key":"Frozen Egg 2"},{"floor":54,"key":"Pen Nib"}],"event_choices":[{"damage_healed":0,"gold_gain":76,"player_choice":"Gained Gold","damage_taken":0,"max_hp_gain":0,"max_hp_loss":0,"event_name":"Golden Wing","floor":2,"gold_loss":0},{"damage_healed":0,"gold_gain":0,"player_choice":"Ignored","damage_taken":0,"max_hp_gain":0,"max_hp_loss":0,"event_name":"Liars Game","floor":3,"gold_loss":0},{"damage_healed":0,"gold_gain":0,"player_choice":"Searched \u00271\u0027 times","damage_taken":0,"max_hp_gain":0,"max_hp_loss":0,"event_name":"Dead Adventurer","floor":12,"gold_loss":0},{"damage_healed":0,"gold_gain":0,"player_choice":"Shed Blood","damage_taken":19,"max_hp_gain":5,"max_hp_loss":0,"event_name":"Forgotten Altar","floor":19,"gold_loss":0},{"damage_healed":0,"gold_gain":0,"player_choice":"Ignored","damage_taken":0,"max_hp_gain":0,"max_hp_loss":0,"event_name":"Vampires","floor":20,"gold_loss":0},{"damage_healed":0,"gold_gain":0,"player_choice":"Ignored","damage_taken":0,"max_hp_gain":0,"max_hp_loss":0,"event_name":"Ghosts","floor":30,"gold_loss":0},{"damage_healed":0,"gold_gain":0,"player_choice":"Max HP","damage_taken":0,"max_hp_gain":0,"max_hp_loss":4,"event_name":"Winding Halls","floor":36,"gold_loss":0},{"cards_removed":["Meteor Strike"],"damage_healed":0,"gold_gain":0,"player_choice":"Removed Attack","damage_taken":0,"max_hp_gain":0,"max_hp_loss":0,"event_name":"Falling","floor":48,"gold_loss":0}],"is_beta":false,"boss_relics":[{"not_picked":["SacredBark","Velvet Choker"],"picked":"Coffee Dripper"},{"not_picked":["SlaversCollar","Runic Dome"],"picked":"Runic Pyramid"}],"items_purged_floors":[],"is_endless":false,"potions_floor_spawned":[5,7,8,16,18,28,31,35,40,42,45,46],"ascension_level":1}}