{"host":"kgj3hkp928synzkd","time":1612299459,"event":{"mods":["2.2 Compatiblity","A Magickal Journey","AchievementEnabler","Act Like it!","AlwaysNeverKeys","Aspiration","BaseMod","Better Altar","Better Match","Better Note","Better Sensory Stone","Better Synergies","Better Third Choice","Better Vampires","Block Reminder","Colored Map","Colored Powertips","Conspire","Curses Come First","Disable Question Mark Monsters","Downfall","GifTheSpireLib","Googly Eyes","Gremlin Skip","GungeonMod","Hallownest","Infinite Spire","Luminous","Marisa????????","Marked Mod","Minty Spire (QoL Compilation)","Permanent Neow","Quick Restart","Random Character Button","Rare Cards Sparkle","Replay The Spire","Spicy Shops","StSLib","SuperFastMode","The Bug Knight","The Exalted","Uncapped"],"gold_per_floor":[112,129,59,9,73,116,116,149,172,191,229,229,77,133,133,252,252,267,305,305,336,336,377,302,302,302,316,316,349,403,438,438,438,438],"floor_reached":33,"language":"ENG","playtime":1391,"items_purged":[],"score":289,"play_id":"2aa1acff-1959-4488-97ee-6ebbd11c0981","local_time":"20210202155739","is_ascension_mode":true,"campfire_choices":[{"floor":7,"key":"REST"},{"floor":12,"key":"REST"},{"floor":25,"key":"REST"},{"floor":32,"key":"REST"}],"circlet_count":0,"master_deck":["Strike_G","Strike_G","Strike_G","Strike_G","Strike_G","Defend_G","Defend_G","Defend_G","Defend_G","Defend_G","Survivor","Neutralize","Poisoned Stab","conspire:DoublingDagger+1","conspire:SpireCoStock","Slice","Blade Dance","Blade Dance","Noxious Fumes","Quick Slash","Prepared","Venomology","Dagger Spray","Slice","Poisoned Stab","Hallownest:attackMasterCycloneSlash","infinitespire:Oblivion","Accuracy","Fluid Movement","conspire:Banana","Good Instincts","Dagger Spray","Blade Dance","Deadly Poison+1"],"relics":["Ring of the Snake","PreservedInsect","Hallownest:StagBellRelic1","Replay:Accelerometer","Anchor","Pen Nib","Nunchaku","Regal Pillow","Bromod:ArcaneMomentum","WristBlade","Red Mask","Bromod:ArcaneFury"],"acts_visited":["Exordium","Hallownest:Greenpath"],"potions_floor_usage":[16,21,27,31,31,33,33],"damage_taken":[{"damage":1,"enemies":"Hallownest:2_MossCreeps","floor":1,"turns":6},{"damage":4,"enemies":"Hallownest:monsterHuskWarrior","floor":2,"turns":4},{"damage":11,"enemies":"Hallownest:eliteVengeflyKing","floor":6,"turns":8},{"damage":14,"enemies":"Hallownest:eliteCrystalGuardian","floor":8,"turns":5},{"damage":0,"enemies":"Hallownest:monsterHuskGuard","floor":10,"turns":4},{"damage":8,"enemies":"Hallownest:Guard_and_Warrior","floor":11,"turns":6},{"damage":26,"enemies":"conspire:MimicChest","floor":14,"turns":7},{"damage":46,"enemies":"Hallownest:BossBrokenVessel","floor":16,"turns":11},{"damage":7,"enemies":"Hallownest:Guard_and_Sentry","floor":18,"turns":4},{"damage":0,"enemies":"Hallownest:3_Youths","floor":19,"turns":4},{"damage":4,"enemies":"Hallownest:2_Husk_Sentries","floor":21,"turns":4},{"damage":44,"enemies":"Nightmare","floor":23,"turns":6},{"damage":0,"enemies":"Hallownest:monsterShrumalOgre","floor":27,"turns":3},{"damage":16,"enemies":"Hallownest:2_Flukemon","floor":29,"turns":6},{"damage":0,"enemies":"Hallownest:Glutton_and_Coward","floor":30,"turns":2},{"damage":17,"enemies":"Hallownest:2_Husk_Sentries","floor":31,"turns":5},{"damage":56,"enemies":"Hallownest:BossGrimm","floor":33,"turns":8}],"seed_played":"-6101354156062437195","potions_obtained":[{"floor":5,"key":"Energy Potion"},{"floor":8,"key":"FearPotion"},{"floor":10,"key":"hexamod:SoulburnPotion"},{"floor":16,"key":"BlessingOfTheForge"},{"floor":31,"key":"Swift Potion"}],"is_trial":false,"path_per_floor":["M","M","?","?","?","E","R","E","T","M","M","R","$","?","R_BF","B",null,"M","M","?","M","?","NM","?","R","T","M","?","M","M","M","R","B"],"character_chosen":"THE_SILENT","items_purchased":["Regal Pillow"],"campfire_rested":4,"item_purchase_floors":[13],"current_hp_per_floor":[69,65,65,65,37,26,47,33,33,33,25,46,46,20,56,10,70,63,63,63,59,59,15,15,51,51,51,51,36,36,19,55,0,0],"gold":438,"neow_bonus":"RANDOM_COMMON_RELIC","is_daily":false,"chose_seed":false,"campfire_upgraded":0,"win_rate":0.0,"timestamp":1612299459,"path_taken":["M","M","?","?","?","E","R","E","T","?","M","R","$","?","R_BF","BOSS","M","M","?","M","?","NM","?","R","T","M","?","M","?","M","R","BOSS"],"items_purchased_type":["Relic"],"build_version":"2020-12-22","purchased_purges":0,"victory":false,"max_hp_per_floor":[70,70,70,70,70,70,70,70,70,70,70,70,70,70,70,70,70,70,70,70,70,70,70,70,70,70,70,70,71,71,71,71,72,72],"card_choices":[{"not_picked":["Underhanded Strike","Predator"],"picked":"Poisoned Stab","floor":1},{"not_picked":["Cloak And Dagger","Deflect"],"picked":"conspire:DoublingDagger","floor":2},{"not_picked":["conspire:PoisonWeapons","Tools of the Trade"],"picked":"Slice","floor":5},{"not_picked":["Deadly Poison","Quick Slash"],"picked":"Blade Dance","floor":6},{"not_picked":["ReplayTheSpireMod:Exploit Weakness","Flying Knee"],"picked":"Blade Dance","floor":8},{"not_picked":["Backflip","Deflect"],"picked":"Noxious Fumes","floor":10},{"not_picked":["Poisoned Stab","Sucker Punch"],"picked":"Quick Slash","floor":11},{"not_picked":["Expertise","ReplayTheSpireMod:Shiv Toss"],"picked":"Prepared","floor":14},{"not_picked":["Phantasmal Killer","Unload"],"picked":"Venomology","floor":16},{"not_picked":["Slice","Deflect"],"picked":"Dagger Spray","floor":18},{"not_picked":["Blade Dance","Underhanded Strike+1"],"picked":"Slice","floor":19},{"not_picked":["Sneak Up","Well Laid Plans"],"picked":"Poisoned Stab","floor":21},{"not_picked":["infinitespire:Menacing","ReplayTheSpireMod:Book of Names"],"picked":"infinitespire:Oblivion","floor":23},{"not_picked":["Setup","ReplayTheSpireMod:Shiv Toss+1"],"picked":"Accuracy","floor":23},{"not_picked":["Riddle With Holes+1","Backflip"],"picked":"Fluid Movement","floor":27},{"not_picked":["DemoMod:Deposit","Trip"],"picked":"conspire:Banana","floor":28},{"not_picked":["Trip","Impatience"],"picked":"Good Instincts","floor":28},{"not_picked":["Hidden Blade","Tactician"],"picked":"Dagger Spray","floor":29},{"not_picked":["Prepared","Poisoned Stab"],"picked":"Blade Dance","floor":30},{"not_picked":["Blade Dance","Skewer"],"picked":"Deadly Poison+1","floor":31}],"player_experience":321082,"relics_obtained":[{"floor":5,"key":"Replay:Accelerometer"},{"floor":6,"key":"Anchor"},{"floor":8,"key":"Pen Nib"},{"floor":9,"key":"Nunchaku"},{"floor":14,"key":"Bromod:ArcaneMomentum"},{"floor":23,"key":"Bromod:ArcaneFury"}],"event_choices":[{"damage_healed":0,"gold_gain":0,"player_choice":"Invest 1","damage_taken":0,"max_hp_gain":0,"max_hp_loss":0,"event_name":"conspire:Investor","floor":4,"gold_loss":0},{"damage_healed":0,"gold_gain":0,"player_choice":"3","damage_taken":0,"max_hp_gain":0,"max_hp_loss":0,"event_name":"betterMatch:BetterMatch","floor":24,"gold_loss":0,"cards_obtained":[]},{"damage_healed":0,"gold_gain":2,"player_choice":"1","damage_taken":0,"max_hp_gain":0,"max_hp_loss":0,"event_name":"betterStone:BetterStone","floor":28,"gold_loss":0}],"is_beta":false,"boss_relics":[{"not_picked":["conspire:RunicOctahedron","aspiration:FutureDiary"],"picked":"WristBlade"}],"items_purged_floors":[],"is_endless":false,"potions_floor_spawned":[8,10,14,16,21,27,31],"killed_by":"Hallownest:BossGrimm","ascension_level":1}}