{"host":"qm4rv4rkpk76sbxu","time":1612276590,"event":{"mods":["BaseMod","Bestiary","Block Reminder","DeckTracker","Filter the Spire","Keyboard Shortcuts","Minty Spire (QoL Compilation)","MonsterHotkey","Quick Restart","Random Character Button","Relic Stats","Slay-I","StSLib","Unceasing Turn Reminder","ojb\u0027s Better Paths Mod","ojb\u0027s Info Mod"],"gold_per_floor":[114,189,198,10,32,32,60,60,60,100,100,134,162,205,205,315,315,335,353,58,84,93,129,157,157,184,225,225,262,274,302,302,302,302],"floor_reached":33,"language":"ENG","playtime":1401,"items_purged":["Regret","Expertise"],"score":497,"play_id":"0f8c6751-cf7b-43e5-9842-1a41c857584c","local_time":"20210202153630","is_ascension_mode":true,"campfire_choices":[{"data":"Dagger Spray","floor":8.0,"key":"SMITH"},{"data":"Footwork","floor":11.0,"key":"SMITH"},{"data":"Reflex","floor":15.0,"key":"SMITH"},{"data":"Burst","floor":25.0,"key":"SMITH"},{"data":"All Out Attack","floor":28.0,"key":"SMITH"},{"data":"Doppelganger","floor":32.0,"key":"SMITH"}],"circlet_count":0,"master_deck":["Strike_G","Strike_G","Strike_G+1","Defend_G","Defend_G","Defend_G","Defend_G","Defend_G+1","Survivor","Neutralize","Cloak And Dagger","Blur","Dagger Spray+1","Underhanded Strike","Dagger Throw","Footwork+1","Reflex+1","Corpse Explosion","Burst+1","Blur","All Out Attack+1","Pain","Eviscerate+1","Dodge and Roll+1","Doppelganger+1","Leg Sweep"],"relics":["Ring of the Snake","Torii","CeramicFish","PreservedInsect","Strawberry","Sundial","Regal Pillow","HoveringKite","ClockworkSouvenir","Red Mask","WarpedTongs","Orichalcum","Bronze Scales","Potion Belt","Matryoshka","Snake Skull"],"acts_visited":["Exordium","TheCity"],"potions_floor_usage":[33,33,33],"damage_taken":[{"damage":0.0,"enemies":"Cultist","floor":1.0,"turns":4.0},{"damage":0.0,"enemies":"Small Slimes","floor":5.0,"turns":5.0},{"damage":0.0,"enemies":"2 Louse","floor":7.0,"turns":2.0},{"damage":1.0,"enemies":"Gremlin Nob","floor":10.0,"turns":3.0},{"damage":12.0,"enemies":"Lagavulin","floor":12.0,"turns":7.0},{"damage":10.0,"enemies":"Large Slime","floor":13.0,"turns":5.0},{"damage":0.0,"enemies":"Gremlin Nob","floor":14.0,"turns":3.0},{"damage":10.0,"enemies":"The Guardian","floor":16.0,"turns":17.0},{"damage":0.0,"enemies":"3 Byrds","floor":18.0,"turns":4.0},{"damage":0.0,"enemies":"Masked Bandits","floor":21.0,"turns":3.0},{"damage":1.0,"enemies":"Slavers","floor":23.0,"turns":2.0},{"damage":1.0,"enemies":"Spheric Guardian","floor":24.0,"turns":6.0},{"damage":15.0,"enemies":"Gremlin Leader","floor":27.0,"turns":6.0},{"damage":1.0,"enemies":"Slavers","floor":29.0,"turns":2.0},{"damage":13.0,"enemies":"Snake Plant","floor":30.0,"turns":3.0},{"damage":3.0,"enemies":"Gremlin Leader","floor":31.0,"turns":5.0},{"damage":50,"enemies":"Champ","floor":33,"turns":10}],"seed_played":"7933458836358691135","potions_obtained":[{"floor":5.0,"key":"PowerPotion"},{"floor":7.0,"key":"Weak Potion"},{"floor":10.0,"key":"Fruit Juice"},{"floor":16.0,"key":"DuplicationPotion"},{"floor":21.0,"key":"DuplicationPotion"},{"floor":29.0,"key":"Poison Potion"},{"floor":30.0,"key":"Ancient Potion"},{"floor":31.0,"key":"ColorlessPotion"}],"is_trial":false,"path_per_floor":["M","?","?","$","M","?","M","R","T","E","R","E","M","E","R","B",null,"M","?","$","?","?","E","M","R","T","E","R","E","M","E","R","B"],"character_chosen":"THE_SILENT","items_purchased":["Blur","Dagger Spray","ClockworkSouvenir","Swift Potion"],"campfire_rested":0,"item_purchase_floors":[4,4,20,20],"current_hp_per_floor":[63,52,52,52,52,39,39,39,39,45,45,33,23,23,23,13,70,70,70,70,70,70,69,68,68,68,53,53,52,39,36,36,0,0],"gold":302,"neow_bonus":"ONE_RARE_RELIC","is_daily":false,"chose_seed":false,"campfire_upgraded":6,"win_rate":0.0,"timestamp":1612276590,"path_taken":["M","?","?","$","M","?","M","R","T","E","R","E","M","E","R","BOSS","M","?","$","?","?","E","?","R","T","E","R","E","M","E","R","BOSS"],"items_purchased_type":["Card","Card","Relic","Potion"],"build_version":"2020-12-22","purchased_purges":2,"victory":false,"max_hp_per_floor":[63,63,63,63,63,63,63,63,63,70,70,70,70,70,70,70,70,70,70,70,70,70,70,70,70,70,70,70,70,70,70,70,75,75],"relic_stats":{"Regal Pillow":0,"Torii":38,"counters":[17,87],"CeramicFish":153,"HoveringKite":[17],"PreservedInsect":239,"Snake Skull":[5],"Orichalcum":[42],"WarpedTongs":[34],"Sundial":[8],"Bronze Scales":[81],"obtain_stats":[{"Potion Belt":27,"Regal Pillow":14,"Torii":0,"CeramicFish":3,"HoveringKite":17,"PreservedInsect":9,"Snake Skull":31,"Orichalcum":23,"ClockworkSouvenir":20,"WarpedTongs":22,"Matryoshka":29,"Sundial":12,"Strawberry":10,"Bronze Scales":26,"Red Mask":21,"Ring of the Snake":0},{"Potion Belt":13,"Regal Pillow":7,"Torii":0,"CeramicFish":1,"HoveringKite":8,"PreservedInsect":3,"Snake Skull":16,"Orichalcum":11,"ClockworkSouvenir":9,"WarpedTongs":10,"Matryoshka":14,"Sundial":5,"Strawberry":4,"Bronze Scales":12,"Red Mask":10,"Ring of the Snake":0},{"Potion Belt":67,"Regal Pillow":29,"Torii":0,"CeramicFish":4,"HoveringKite":46,"PreservedInsect":11,"Snake Skull":77,"Orichalcum":55,"ClockworkSouvenir":50,"WarpedTongs":53,"Matryoshka":69,"Sundial":21,"Strawberry":14,"Bronze Scales":61,"Red Mask":53,"Ring of the Snake":0}],"Ring of the Snake":[34]},"card_choices":[{"not_picked":["Backflip","Prepared"],"picked":"Cloak And Dagger","floor":1.0},{"not_picked":["Outmaneuver","Dodge and Roll"],"picked":"Underhanded Strike","floor":5.0},{"not_picked":["Sucker Punch","Endless Agony"],"picked":"Dagger Throw","floor":7.0},{"not_picked":["Accuracy","Acrobatics"],"picked":"Footwork","floor":10.0},{"not_picked":["Infinite Blades","Underhanded Strike","Slice"],"picked":"SKIP","floor":12.0},{"not_picked":["Masterful Stab","Backflip"],"picked":"Reflex","floor":13.0},{"not_picked":["Distraction","Dagger Throw"],"picked":"Corpse Explosion","floor":14.0},{"not_picked":["Tools of the Trade","Malaise"],"picked":"Burst","floor":16.0},{"not_picked":["Quick Slash","Outmaneuver"],"picked":"Blur","floor":18.0},{"not_picked":["PiercingWail","Die Die Die"],"picked":"Eviscerate+1","floor":23.0},{"not_picked":["PiercingWail+1","Expertise"],"picked":"Dodge and Roll+1","floor":24.0},{"not_picked":["PiercingWail","Flechettes"],"picked":"Doppelganger","floor":27.0},{"not_picked":["Terror","Infinite Blades+1"],"picked":"Leg Sweep","floor":29.0},{"not_picked":["Noxious Fumes+1","Blade Dance","Caltrops+1"],"picked":"SKIP","floor":30.0},{"not_picked":["Deflect","Leg Sweep","Dodge and Roll"],"picked":"SKIP","floor":31.0}],"player_experience":1504100,"relics_obtained":[{"floor":9.0,"key":"PreservedInsect"},{"floor":10.0,"key":"Strawberry"},{"floor":12.0,"key":"Sundial"},{"floor":14.0,"key":"Regal Pillow"},{"floor":21.0,"key":"Red Mask"},{"floor":23.0,"key":"Orichalcum"},{"floor":26.0,"key":"Bronze Scales"},{"floor":27.0,"key":"Potion Belt"},{"floor":29.0,"key":"Matryoshka"},{"floor":31.0,"key":"Snake Skull"}],"event_choices":[{"damage_healed":0.0,"max_hp_gain":0.0,"max_hp_loss":0.0,"gold_gain":75.0,"event_name":"World of Goop","player_choice":"Gather Gold","floor":2.0,"gold_loss":0.0,"damage_taken":11.0},{"damage_healed":0.0,"max_hp_gain":0.0,"max_hp_loss":0.0,"gold_gain":0.0,"event_name":"Big Fish","player_choice":"Box","floor":3.0,"gold_loss":0.0,"damage_taken":0.0,"relics_obtained":["CeramicFish"],"cards_obtained":["Regret"]},{"damage_healed":0.0,"max_hp_gain":0.0,"max_hp_loss":0.0,"gold_gain":0.0,"event_name":"Shining Light","player_choice":"Entered Light","floor":6.0,"gold_loss":0.0,"damage_taken":13.0,"cards_upgraded":["Strike_G","Defend_G"]},{"damage_healed":0.0,"max_hp_gain":0.0,"max_hp_loss":0.0,"gold_gain":0.0,"cards_transformed":["Strike_G","Strike_G"],"event_name":"Drug Dealer","player_choice":"Became Test Subject","floor":19.0,"gold_loss":0.0,"damage_taken":0.0,"cards_obtained":["Expertise","All Out Attack"]},{"damage_healed":0.0,"max_hp_gain":0.0,"max_hp_loss":0.0,"gold_gain":0.0,"event_name":"Masked Bandits","player_choice":"Fought Bandits","floor":21.0,"gold_loss":0.0,"damage_taken":0.0},{"damage_healed":0.0,"max_hp_gain":0.0,"max_hp_loss":0.0,"gold_gain":0.0,"event_name":"Accursed Blacksmith","player_choice":"Rummage","floor":22.0,"gold_loss":0.0,"damage_taken":0.0,"relics_obtained":["WarpedTongs"],"cards_obtained":["Pain"]}],"is_beta":false,"boss_relics":[{"not_picked":["WristBlade","Sozu"],"picked":"HoveringKite"}],"items_purged_floors":[4,20],"is_endless":false,"potions_floor_spawned":[5,7,10,16,21,29,30,31],"killed_by":"Champ","ascension_level":4}}