{"host":"sxnl403xm2xmiyj1","time":1612244096,"event":{"mods":["AchievementEnabler","BaseMod","Colored Map","Keyboard Shortcuts","Minty Spire (QoL Compilation)","Quick Restart","StSLib","SuperFastMode"],"gold_per_floor":[131,184,184,42,74,122,51,100,123,223,223,332,393,1,1,126,126,161,181,181,38,80,80,111,111,111,122,122,167,223,348,348,469,469,479,29,129,171,210,243,243,276,276,276,339,309,351,27,27,27,27,27,27,55,55,55],"floor_reached":55,"language":"KOR","playtime":1033,"items_purged":["Shame"],"score":1081,"play_id":"0821036e-9b29-447c-a929-bc7b707771a0","local_time":"20210202143456","is_ascension_mode":true,"campfire_choices":[{"data":"HandOfGreed","floor":11.0,"key":"SMITH"},{"data":"Dark Embrace","floor":15.0,"key":"SMITH"},{"data":"Metallicize","floor":23.0,"key":"SMITH"},{"data":"Demon Form","floor":25.0,"key":"SMITH"},{"data":"Metallicize","floor":28.0,"key":"SMITH"},{"data":"Evolve","floor":32.0,"key":"SMITH"},{"data":"1","floor":41.0,"key":"LIFT"},{"data":"2","floor":44.0,"key":"LIFT"},{"floor":49,"key":"RECALL"},{"data":"3","floor":52,"key":"LIFT"}],"circlet_count":0,"master_deck":["Strike_R","Strike_R","Strike_R","Strike_R","Strike_R","Defend_R","Defend_R","Defend_R","Defend_R","Bash","HandOfGreed+1","Pommel Strike","Headbutt","Metallicize+1","Pummel","Burning Pact","Pummel","Spot Weakness","Fire Breathing","Pummel","Spot Weakness","Shrug It Off","Sword Boomerang","Metallicize+1","Flex","Dark Embrace+1","Demon Form+1","Flex","Sword Boomerang","Ghostly Armor+1","Sword Boomerang","Disarm","Seeing Red","Sword Boomerang","Evolve+1","Offering","Inflame","Seeing Red","Evolve","Warcry","Shrug It Off+1","Berserk","True Grit+1","Inflame+1","Inflame","Shockwave+1","Dark Embrace","Havoc+1","Demon Form"],"relics":["Burning Blood","Bag of Marbles","PreservedInsect","Darkstone Periapt","Akabeko","Blood Vial","Bag of Preparation","Coffee Dripper","Nloth\u0027s Gift","Red Skull","Mummified Hand","Sundial","Mango","Shuriken","Philosopher\u0027s Stone","Girya","Toxic Egg 2","Pantograph","Anchor","Strawberry"],"acts_visited":["Exordium","TheCity","TheBeyond","TheEnding"],"potions_floor_usage":[50,50],"damage_taken":[{"damage":6.0,"enemies":"Cultist","floor":1.0,"turns":4.0},{"damage":12.0,"enemies":"2 Louse","floor":2.0,"turns":4.0},{"damage":7.0,"enemies":"Jaw Worm","floor":5.0,"turns":3.0},{"damage":14.0,"enemies":"Gremlin Nob","floor":6.0,"turns":4.0},{"damage":38.0,"enemies":"Lagavulin","floor":8.0,"turns":6.0},{"damage":5.0,"enemies":"Gremlin Gang","floor":10.0,"turns":9.0},{"damage":17.0,"enemies":"3 Sentries","floor":12.0,"turns":6.0},{"damage":0.0,"enemies":"3 Louse","floor":13.0,"turns":5.0},{"damage":23.0,"enemies":"Hexaghost","floor":16.0,"turns":8.0},{"damage":23.0,"enemies":"Spheric Guardian","floor":18.0,"turns":5.0},{"damage":0.0,"enemies":"Shell Parasite","floor":19.0,"turns":1.0},{"damage":35.0,"enemies":"Shelled Parasite and Fungi","floor":22.0,"turns":5.0},{"damage":1.0,"enemies":"Book of Stabbing","floor":24.0,"turns":3.0},{"damage":21.0,"enemies":"Snake Plant","floor":27.0,"turns":2.0},{"damage":0.0,"enemies":"Snecko","floor":29.0,"turns":1.0},{"damage":0.0,"enemies":"Gremlin Leader","floor":30.0,"turns":2.0},{"damage":0.0,"enemies":"Colosseum Slavers","floor":31.0,"turns":1.0},{"damage":0.0,"enemies":"Colosseum Nobs","floor":31.0,"turns":1.0},{"damage":67.0,"enemies":"Collector","floor":33.0,"turns":8.0},{"damage":0.0,"enemies":"3 Darklings","floor":35.0,"turns":2.0},{"damage":24.0,"enemies":"3 Shapes","floor":38.0,"turns":3.0},{"damage":14.0,"enemies":"Spire Growth","floor":39.0,"turns":3.0},{"damage":66.0,"enemies":"Reptomancer","floor":40.0,"turns":4.0},{"damage":0.0,"enemies":"Nemesis","floor":42.0,"turns":1.0},{"damage":12.0,"enemies":"4 Shapes","floor":45.0,"turns":2.0},{"damage":38.0,"enemies":"Maw","floor":47.0,"turns":5.0},{"damage":79,"enemies":"Time Eater","floor":50,"turns":4},{"damage":55,"enemies":"Shield and Spear","floor":54,"turns":4},{"damage":128,"enemies":"The Heart","floor":55,"turns":3}],"seed_played":"-6562682739075213798","potions_obtained":[{"floor":1.0,"key":"Block Potion"},{"floor":8.0,"key":"LiquidMemories"},{"floor":12.0,"key":"EntropicBrew"},{"floor":16.0,"key":"ElixirPotion"},{"floor":19.0,"key":"Block Potion"},{"floor":27.0,"key":"Explosive Potion"},{"floor":30.0,"key":"DistilledChaos"},{"floor":31.0,"key":"Regen Potion"},{"floor":38.0,"key":"SneckoOil"},{"floor":39.0,"key":"BloodPotion"},{"floor":46.0,"key":"FairyPotion"},{"floor":46.0,"key":"Swift Potion"},{"floor":47.0,"key":"AttackPotion"}],"is_trial":false,"path_per_floor":["M","M","?","$","M","E","$","E","T","M","R","E","M","$","R","B",null,"M","M","?","$","M","R","E","R","T","M","R","M","E","?","R","B",null,"M","$","?","M","M","E","R","E","T","R","M","?","M","$","R","B",null,"R","$","E","B"],"character_chosen":"IRONCLAD","items_purchased":["Metallicize","Burning Pact","Orrery","Flex","Bag of Preparation","Dark Embrace","Red Skull","Seeing Red","Girya","Evolve","Warcry","Dark Embrace","BloodPotion","Anchor","Havoc+1"],"campfire_rested":0,"item_purchase_floors":[4,7,14,14,14,14,21,36,36,36,36,48,48,48,48],"current_hp_per_floor":[80,74,74,74,73,65,65,33,33,34,34,23,31,31,31,16,64,49,57,57,57,30,30,37,37,37,24,24,32,40,70,70,26,77,85,85,85,69,63,23,23,31,31,31,27,27,29,29,29,34,79,79,79,39,0,0],"gold":55,"neow_bonus":"RANDOM_COLORLESS_2","is_daily":false,"chose_seed":false,"campfire_upgraded":6,"win_rate":0.0,"timestamp":1612244096,"path_taken":["M","?","?","$","M","E","$","E","T","M","R","E","M","?","R","BOSS","M","M","?","$","?","R","E","R","T","M","R","M","E","?","R","BOSS","M","$","?","M","?","E","R","E","T","R","?","?","M","?","R","BOSS","R","$","E","BOSS"],"items_purchased_type":["Card","Card","Relic","Card","Relic","Card","Relic","Card","Relic","Card","Card","Card","Potion","Relic","Card"],"build_version":"2020-12-22","purchased_purges":1,"victory":false,"max_hp_per_floor":[80,80,80,80,80,80,80,80,80,80,80,80,80,80,80,80,80,80,80,80,80,80,80,80,80,80,80,80,80,80,94,94,94,94,94,94,94,94,94,94,94,94,94,94,94,94,94,94,94,94,94,94,94,101,101,101],"card_choices":[{"not_picked":["Violence","Panache"],"picked":"HandOfGreed","floor":0.0},{"not_picked":["Cleave","Flex"],"picked":"Pommel Strike","floor":1.0},{"not_picked":["Rage","Iron Wave"],"picked":"Headbutt","floor":2.0},{"not_picked":["Anger","Bloodletting","Clash"],"picked":"SKIP","floor":5.0},{"not_picked":["Headbutt","Warcry"],"picked":"Pummel","floor":6.0},{"not_picked":["Clothesline","Dual Wield"],"picked":"Pummel","floor":8.0},{"not_picked":["Infernal Blade","Headbutt","Immolate"],"picked":"SKIP","floor":10.0},{"not_picked":["Iron Wave","Cleave"],"picked":"Spot Weakness","floor":12.0},{"not_picked":["Thunderclap","Clothesline"],"picked":"Fire Breathing","floor":13.0},{"not_picked":["Sever Soul","Clash"],"picked":"Pummel","floor":14.0},{"not_picked":["Intimidate","Pommel Strike"],"picked":"Spot Weakness","floor":14.0},{"not_picked":["Headbutt","Juggernaut"],"picked":"Shrug It Off","floor":14.0},{"not_picked":["Wild Strike","Thunderclap"],"picked":"Sword Boomerang","floor":14.0},{"not_picked":["Shrug It Off","Impervious"],"picked":"Metallicize","floor":14.0},{"not_picked":["Brutality","Feed"],"picked":"Demon Form","floor":16.0},{"not_picked":["Pommel Strike+1","Battle Trance"],"picked":"Flex","floor":18.0},{"not_picked":["Searing Blow","Clothesline"],"picked":"Sword Boomerang","floor":19.0},{"not_picked":["Rupture","Spot Weakness"],"picked":"Ghostly Armor+1","floor":22.0},{"not_picked":["Wild Strike","Pommel Strike+1"],"picked":"Sword Boomerang","floor":24.0},{"not_picked":["Searing Blow","Anger"],"picked":"Disarm","floor":27.0},{"not_picked":["Perfected Strike+1","Havoc"],"picked":"Seeing Red","floor":29.0},{"not_picked":["Twin Strike+1","Bludgeon"],"picked":"Sword Boomerang","floor":30.0},{"not_picked":["Sever Soul","Wild Strike"],"picked":"Evolve","floor":31.0},{"not_picked":["Juggernaut","Bludgeon"],"picked":"Offering","floor":33.0},{"not_picked":["Whirlwind","True Grit+1"],"picked":"Inflame","floor":35.0},{"not_picked":["Cleave+1","Pommel Strike"],"picked":"Shrug It Off+1","floor":38.0},{"not_picked":["Shrug It Off+1","Carnage+1"],"picked":"Berserk","floor":39.0},{"not_picked":["Battle Trance+1","Warcry+1"],"picked":"True Grit+1","floor":40.0},{"not_picked":["Twin Strike","Corruption"],"picked":"Inflame+1","floor":42.0},{"not_picked":["Armaments+1","Searing Blow"],"picked":"Inflame","floor":45.0},{"not_picked":["Dropkick","Heavy Blade"],"picked":"Shockwave+1","floor":47.0},{"not_picked":["Anger+1","Entrench+1"],"picked":"Demon Form","floor":54}],"player_experience":183098,"relics_obtained":[{"floor":6.0,"key":"PreservedInsect"},{"floor":8.0,"key":"Darkstone Periapt"},{"floor":9.0,"key":"Akabeko"},{"floor":12.0,"key":"Blood Vial"},{"floor":24.0,"key":"Mummified Hand"},{"floor":26.0,"key":"Sundial"},{"floor":31.0,"key":"Mango"},{"floor":31.0,"key":"Shuriken"},{"floor":40.0,"key":"Toxic Egg 2"},{"floor":42.0,"key":"Pantograph"},{"floor":54,"key":"Strawberry"}],"event_choices":[{"damage_healed":0.0,"max_hp_gain":0.0,"max_hp_loss":0.0,"gold_gain":0.0,"event_name":"WeMeetAgain","player_choice":"Gave Potion","floor":3.0,"gold_loss":0.0,"damage_taken":0.0,"relics_obtained":["Bag of Marbles"]},{"damage_healed":0.0,"max_hp_gain":0.0,"max_hp_loss":0.0,"gold_gain":0.0,"event_name":"N\u0027loth","player_choice":"Traded Relic","floor":20.0,"relics_lost":["Orrery"],"gold_loss":0.0,"damage_taken":0.0,"relics_obtained":["Nloth\u0027s Gift"]},{"damage_healed":0.0,"max_hp_gain":0.0,"max_hp_loss":0.0,"gold_gain":0.0,"event_name":"Colosseum","player_choice":"Fight","floor":31.0,"gold_loss":0.0,"damage_taken":0.0},{"damage_healed":0.0,"max_hp_gain":0.0,"max_hp_loss":0.0,"gold_gain":0.0,"event_name":"Colosseum","player_choice":"Fled From Nobs","floor":31.0,"gold_loss":0.0,"damage_taken":0.0},{"damage_healed":0.0,"max_hp_gain":0.0,"max_hp_loss":0.0,"gold_gain":0.0,"event_name":"Colosseum","player_choice":"Fought Nobs","floor":31.0,"gold_loss":0.0,"damage_taken":0.0},{"damage_healed":0.0,"max_hp_gain":0.0,"max_hp_loss":0.0,"gold_gain":100.0,"event_name":"Golden Shrine","player_choice":"Pray","floor":37.0,"gold_loss":0.0,"damage_taken":0.0},{"damage_healed":0.0,"max_hp_gain":0.0,"max_hp_loss":0.0,"gold_gain":0.0,"event_name":"The Woman in Blue","player_choice":"Bought 2 Potions","floor":46.0,"gold_loss":0.0,"damage_taken":0.0}],"is_beta":false,"boss_relics":[{"not_picked":["SacredBark","Runic Cube"],"picked":"Coffee Dripper"},{"not_picked":["Fusion Hammer","Snecko Eye"],"picked":"Philosopher\u0027s Stone"}],"items_purged_floors":[4],"is_endless":false,"potions_floor_spawned":[1,8,12,16,19,27,30,31,38,39,47],"killed_by":"The Heart","ascension_level":5}}