{"host":"rl55h36hts1vjtzv","time":1612259013,"event":{"mods":["BaseMod","Colored Powertips","Minty Spire (QoL Compilation)","Relic Stats"],"gold_per_floor":[113,132,147,147,222,248,24,24,79,90,101,101,119,135,135,235,235,245,257,277,277,277],"floor_reached":21,"language":"ZHS","playtime":2616,"items_purged":["Defend_R"],"score":231,"play_id":"69f38b5b-7359-4f4a-9a75-74cca9306ce3","local_time":"20210202174333","is_ascension_mode":true,"campfire_choices":[{"data":"Rampage","floor":12.0,"key":"SMITH"},{"floor":15.0,"key":"REST"}],"circlet_count":0,"master_deck":["Strike_R","Strike_R","Defend_R","Defend_R","Bash","Cleave","Shrug It Off","Seeing Red","Spot Weakness","Rampage+1","Shrug It Off","Pommel Strike","Pommel Strike","Flex+1","Pommel Strike+1","Flame Barrier+1"],"relics":["Burning Blood","Dream Catcher","Orichalcum","Juzu Bracelet","Empty Cage"],"acts_visited":["Exordium","TheCity"],"potions_floor_usage":[18,20],"damage_taken":[{"damage":6.0,"enemies":"Cultist","floor":1.0,"turns":3.0},{"damage":3.0,"enemies":"Jaw Worm","floor":2.0,"turns":5.0},{"damage":0.0,"enemies":"2 Louse","floor":3.0,"turns":2.0},{"damage":24.0,"enemies":"Gremlin Nob","floor":6.0,"turns":4.0},{"damage":2.0,"enemies":"Exordium Wildlife","floor":10.0,"turns":3.0},{"damage":15.0,"enemies":"Large Slime","floor":11.0,"turns":6.0},{"damage":18.0,"enemies":"Exordium Thugs","floor":13.0,"turns":5.0},{"damage":9.0,"enemies":"2 Fungi Beasts","floor":14.0,"turns":3.0},{"damage":57.0,"enemies":"The Guardian","floor":16.0,"turns":10.0},{"damage":34,"enemies":"Spheric Guardian","floor":18,"turns":6},{"damage":19,"enemies":"Shell Parasite","floor":19,"turns":5},{"damage":32,"enemies":"Cultist and Chosen","floor":20,"turns":6},{"damage":26,"enemies":"Sentry and Sphere","floor":21,"turns":5}],"seed_played":"6324485071021937565","potions_obtained":[{"floor":1.0,"key":"Regen Potion"},{"floor":2.0,"key":"SkillPotion"},{"floor":3.0,"key":"Dexterity Potion"},{"floor":11.0,"key":"BloodPotion"}],"is_trial":false,"path_per_floor":["M","M","M","?","?","E","$","?","T","M","M","R","M","M","R","B",null,"M","M","M","M"],"character_chosen":"IRONCLAD","items_purchased":["Orichalcum"],"campfire_rested":1,"item_purchase_floors":[7],"current_hp_per_floor":[88,88,88,88,77,59,59,59,59,63,54,54,42,39,65,29,73,45,32,23,0,0],"gold":277,"neow_bonus":"TEN_PERCENT_HP_BONUS","is_daily":false,"chose_seed":false,"campfire_upgraded":1,"win_rate":0.0,"timestamp":1612259013,"path_taken":["M","M","?","?","?","E","?","?","T","M","M","R","M","M","R","BOSS","M","M","M","M"],"items_purchased_type":["Relic"],"build_version":"2020-12-22","purchased_purges":1,"victory":false,"max_hp_per_floor":[88,88,88,88,88,88,88,88,88,88,88,88,88,88,88,88,88,88,88,88,88,88],"relic_stats":{"Dream Catcher":1,"counters":[13,63],"Juzu Bracelet":0,"Orichalcum":[96],"obtain_stats":[{"Dream Catcher":6,"Juzu Bracelet":9,"Orichalcum":7,"Empty Cage":17,"Burning Blood":0},{"Dream Catcher":4,"Juzu Bracelet":4,"Orichalcum":4,"Empty Cage":9,"Burning Blood":0},{"Dream Catcher":14,"Juzu Bracelet":14,"Orichalcum":14,"Empty Cage":41,"Burning Blood":0}],"Burning Blood":63},"card_choices":[{"not_picked":["Fire Breathing","Body Slam"],"picked":"Cleave","floor":1.0},{"not_picked":["Wild Strike","Shockwave"],"picked":"Shrug It Off","floor":2.0},{"not_picked":["Uppercut","Heavy Blade"],"picked":"Seeing Red","floor":3.0},{"not_picked":["Clash","Sentinel"],"picked":"Spot Weakness","floor":6.0},{"not_picked":["Fire Breathing","Havoc"],"picked":"Shrug It Off","floor":10.0},{"not_picked":["Battle Trance","Bloodletting","Berserk"],"picked":"SKIP","floor":11.0},{"not_picked":["Clothesline","Anger"],"picked":"Pommel Strike","floor":13.0},{"not_picked":["Infernal Blade","Battle Trance","Bloodletting"],"picked":"SKIP","floor":14.0},{"not_picked":["Heavy Blade","Juggernaut"],"picked":"Pommel Strike","floor":15.0},{"not_picked":["True Grit","Infernal Blade+1"],"picked":"Flex+1","floor":18},{"not_picked":["Armaments","Warcry"],"picked":"Pommel Strike+1","floor":19},{"not_picked":["Iron Wave","Armaments"],"picked":"Flame Barrier+1","floor":20}],"player_experience":103616,"relics_obtained":[{"floor":6.0,"key":"Dream Catcher"},{"floor":9.0,"key":"Juzu Bracelet"}],"event_choices":[{"cards_removed":["Strike_R"],"damage_healed":0.0,"max_hp_gain":0.0,"max_hp_loss":0.0,"gold_gain":0.0,"event_name":"Living Wall","player_choice":"Forget","floor":4.0,"gold_loss":0.0,"damage_taken":0.0},{"damage_healed":0.0,"max_hp_gain":0.0,"max_hp_loss":0.0,"gold_gain":75.0,"event_name":"World of Goop","player_choice":"Gather Gold","floor":5.0,"gold_loss":0.0,"damage_taken":11.0},{"damage_healed":0.0,"max_hp_gain":0.0,"max_hp_loss":0.0,"gold_gain":0.0,"cards_transformed":["Strike_R"],"event_name":"Transmorgrifier","player_choice":"Transformed","floor":8.0,"gold_loss":0.0,"damage_taken":0.0,"cards_obtained":["Rampage"]}],"is_beta":false,"boss_relics":[{"not_picked":["Tiny House","Runic Pyramid"],"picked":"Empty Cage"}],"items_purged_floors":[7],"is_endless":false,"potions_floor_spawned":[1,2,3,11],"killed_by":"Sentry and Sphere","ascension_level":5}}