{"host":"edndssuekvzbh3is","time":1612306775,"event":{"mods":["BaseMod","Colored Map","Colored Powertips","Minty Spire (QoL Compilation)","SuperFastMode"],"gold_per_floor":[117,135,147,159,259,290,290,316,316,345,345,356,356,368,368,471,471,481,123,222,222,252,252,265,282,282,310,81,98,126,126,126,222,222,238,238,251,54,64,99,99,99],"floor_reached":41,"language":"ENG","playtime":1673,"items_purged":["Strike_B+1"],"score":584,"play_id":"8e109776-bfa0-4aec-b46f-bbaeefcd7e0d","local_time":"20210202175935","is_ascension_mode":true,"campfire_choices":[{"data":"Sweeping Beam","floor":7,"key":"SMITH"},{"floor":11,"key":"REST"},{"data":"Seek","floor":13,"key":"SMITH"},{"data":"Cold Snap","floor":15,"key":"SMITH"},{"data":"Glacier","floor":23,"key":"SMITH"},{"floor":32,"key":"REST"}],"circlet_count":0,"master_deck":["Defend_B","Defend_B","Defend_B","Defend_B","Zap","Dualcast","Gash","Rebound+1","Sweeping Beam+1","Hologram","Beam Cell","Go for the Eyes","Seek+1","Leap","Cold Snap+1","Echo Form","Chaos+1","Recycle+1","Meteor Strike+1","Stack+1","Glacier+1","Barrage","Capacitor","Defragment+1","FTL","Defragment","Darkness","Ball Lightning+1","Turbo","Necronomicurse","Electrodynamics","Sunder","Defragment+1","Go for the Eyes+1"],"relics":["Cracked Core","NeowsBlessing","Thread and Needle","Pen Nib","Whetstone","Ornamental Fan","Astrolabe","Nunchaku","Red Mask","MealTicket","Orichalcum","Frozen Eye","Art of War","Necronomicon","Black Star","StrikeDummy","Lantern","Molten Egg 2","Happy Flower"],"acts_visited":["Exordium","TheCity","TheBeyond"],"potions_floor_usage":[8,10,10,27,33,40],"damage_taken":[{"damage":0,"enemies":"2 Louse","floor":1,"turns":1},{"damage":0,"enemies":"Cultist","floor":2,"turns":1},{"damage":0,"enemies":"Jaw Worm","floor":3,"turns":1},{"damage":17,"enemies":"Large Slime","floor":4,"turns":5},{"damage":30,"enemies":"Gremlin Nob","floor":6,"turns":4},{"damage":21,"enemies":"Lagavulin","floor":8,"turns":5},{"damage":0,"enemies":"Gremlin Nob","floor":10,"turns":3},{"damage":0,"enemies":"3 Louse","floor":12,"turns":1},{"damage":3,"enemies":"Exordium Wildlife","floor":14,"turns":3},{"damage":6,"enemies":"The Guardian","floor":16,"turns":12},{"damage":8,"enemies":"Chosen","floor":18,"turns":6},{"damage":27,"enemies":"Masked Bandits","floor":22,"turns":5},{"damage":3,"enemies":"3 Byrds","floor":24,"turns":5},{"damage":8,"enemies":"Snake Plant","floor":25,"turns":6},{"damage":0,"enemies":"Slavers","floor":27,"turns":8},{"damage":1,"enemies":"Shelled Parasite and Fungi","floor":29,"turns":8},{"damage":6,"enemies":"Book of Stabbing","floor":30,"turns":5},{"damage":21,"enemies":"Champ","floor":33,"turns":11},{"damage":0,"enemies":"3 Shapes","floor":35,"turns":3},{"damage":8,"enemies":"Orb Walker","floor":37,"turns":5},{"damage":19,"enemies":"Sphere and 2 Shapes","floor":39,"turns":6},{"damage":27,"enemies":"Giant Head","floor":40,"turns":13},{"damage":35,"enemies":"Transient","floor":41,"turns":5}],"seed_played":"1033206914654186320","potions_obtained":[{"floor":3,"key":"SpeedPotion"},{"floor":6,"key":"FearPotion"},{"floor":8,"key":"LiquidBronze"},{"floor":12,"key":"SpeedPotion"},{"floor":24,"key":"BlessingOfTheForge"},{"floor":25,"key":"PowerPotion"},{"floor":29,"key":"Explosive Potion"},{"floor":30,"key":"Swift Potion"},{"floor":39,"key":"FearPotion"}],"is_trial":false,"path_per_floor":["M","M","M","M","?","E","R","E","T","E","R","M","R","M","R","B",null,"M","$","?","?","?","R","M","M","T","E","$","M","E","?","R","B",null,"M","?","M","$","M","E","M"],"character_chosen":"DEFECT","items_purchased":["Glacier","Nunchaku","Barrage","Frozen Eye","Darkness","Lantern","SkillPotion"],"campfire_rested":2,"item_purchase_floors":[19,19,19,28,28,38,38],"current_hp_per_floor":[75,75,75,58,58,28,28,7,7,7,29,29,29,26,26,20,75,67,67,67,67,40,40,37,29,29,29,44,43,37,21,43,22,75,75,75,67,75,56,29,0,0],"gold":99,"neow_bonus":"THREE_ENEMY_KILL","is_daily":false,"chose_seed":false,"campfire_upgraded":4,"win_rate":0.0,"timestamp":1612306775,"path_taken":["M","M","M","M","?","E","R","E","T","E","R","M","R","M","R","BOSS","M","$","?","?","?","R","M","M","T","E","$","M","E","?","R","BOSS","M","?","?","$","M","E","M"],"items_purchased_type":["Card","Relic","Card","Relic","Card","Relic","Potion"],"build_version":"2020-12-22","purchased_purges":1,"victory":false,"max_hp_per_floor":[75,75,75,75,75,75,75,75,75,75,75,75,75,75,75,75,75,75,75,75,75,75,75,75,75,75,75,75,75,75,75,75,75,75,75,75,75,75,75,75,75,75],"card_choices":[{"not_picked":["Stack","Turbo"],"picked":"Gash","floor":1},{"not_picked":["Gash","Compile Driver"],"picked":"Rebound","floor":2},{"not_picked":["Steam Power","Steam"],"picked":"Sweeping Beam","floor":3},{"not_picked":["Aggregate","Gash"],"picked":"Hologram","floor":4},{"not_picked":["Turbo","Steam Power"],"picked":"Beam Cell","floor":6},{"not_picked":["All For One","Stack"],"picked":"Go for the Eyes","floor":8},{"not_picked":["Stack","Rebound"],"picked":"Seek","floor":10},{"not_picked":["Streamline","Scrape"],"picked":"Leap","floor":12},{"not_picked":["Chaos","Hologram"],"picked":"Cold Snap","floor":14},{"not_picked":["Reboot","Seek"],"picked":"Echo Form","floor":16},{"not_picked":["Reinforced Body","Heatsinks"],"picked":"Stack+1","floor":18},{"not_picked":["Genetic Algorithm","Hologram+1"],"picked":"Capacitor","floor":22},{"not_picked":["Darkness+1","Ball Lightning"],"picked":"Defragment+1","floor":24},{"not_picked":["Steam","Sunder"],"picked":"FTL","floor":25},{"not_picked":["Redo","Conserve Battery"],"picked":"Defragment","floor":27},{"not_picked":["Compile Driver","Sweeping Beam"],"picked":"Ball Lightning+1","floor":29},{"not_picked":["Steam","Fission"],"picked":"Turbo","floor":30},{"not_picked":["Fission","Seek"],"picked":"Electrodynamics","floor":33},{"not_picked":["Ball Lightning+1","Hologram+1"],"picked":"Sunder","floor":35},{"not_picked":["Darkness","Redo","Leap"],"picked":"SKIP","floor":37},{"not_picked":["Redo","Heatsinks+1"],"picked":"Defragment+1","floor":39},{"not_picked":["Darkness","Defragment"],"picked":"Go for the Eyes+1","floor":40}],"player_experience":349499,"relics_obtained":[{"floor":6,"key":"Thread and Needle"},{"floor":8,"key":"Pen Nib"},{"floor":9,"key":"Whetstone"},{"floor":10,"key":"Ornamental Fan"},{"floor":22,"key":"Red Mask"},{"floor":26,"key":"MealTicket"},{"floor":27,"key":"Orichalcum"},{"floor":30,"key":"Art of War"},{"floor":31,"key":"Necronomicon"},{"floor":40,"key":"Molten Egg 2"},{"floor":40,"key":"Happy Flower"}],"event_choices":[{"damage_healed":0,"gold_gain":100,"player_choice":"Gold","damage_taken":0,"max_hp_gain":0,"max_hp_loss":0,"event_name":"Wheel of Change","floor":5,"gold_loss":0},{"damage_healed":0,"gold_gain":99,"player_choice":"Stole From Cult","damage_taken":0,"max_hp_gain":0,"max_hp_loss":0,"event_name":"Nest","floor":20,"gold_loss":0},{"damage_healed":0,"gold_gain":0,"player_choice":"Ignored","damage_taken":0,"max_hp_gain":0,"max_hp_loss":0,"event_name":"Ghosts","floor":21,"gold_loss":0},{"damage_healed":0,"gold_gain":0,"player_choice":"Fought Bandits","damage_taken":0,"max_hp_gain":0,"max_hp_loss":0,"event_name":"Masked Bandits","floor":22,"gold_loss":0},{"damage_healed":0,"gold_gain":0,"player_choice":"Obtained Book","damage_taken":16,"max_hp_gain":0,"max_hp_loss":0,"event_name":"Cursed Tome","floor":31,"gold_loss":0},{"damage_healed":0,"gold_gain":0,"player_choice":"Gave Potion","damage_taken":0,"relics_obtained":["StrikeDummy"],"max_hp_gain":0,"max_hp_loss":0,"event_name":"WeMeetAgain","floor":36,"gold_loss":0}],"is_beta":false,"boss_relics":[{"not_picked":["Philosopher\u0027s Stone","Empty Cage"],"picked":"Astrolabe"},{"not_picked":["Fusion Hammer","Runic Dome"],"picked":"Black Star"}],"items_purged_floors":[19],"is_endless":false,"potions_floor_spawned":[3,6,8,12,24,25,29,30,39],"killed_by":"Transient","ascension_level":2}}