{"host":"thn8o1tmql8xszd5","time":1612301098,"event":{"mods":["2.2 Compatiblity","AchievementEnabler","BaseMod","Bestiary","Block Reminder","Colored Map","Curses Come First","DeckTracker","Downfall","Highlight Path","Minty Spire (QoL Compilation)","Permanent Neow","Random Character Button","Relic Sorter","Relic Stats","StSLib"],"gold_per_floor":[99,116,3,3,20,20,44,44,79,90,101,115,115,126,140,140,140,140],"floor_reached":16,"language":"ENG","playtime":2030,"items_purged":[],"score":104,"play_id":"cabcf7ee-5d64-4b74-971e-7bedd39796bf","local_time":"20210202162458","is_ascension_mode":false,"campfire_choices":[{"data":"champ:CheapShot","floor":1,"key":"SMITH"},{"data":"champ:StanceDance","floor":6,"key":"SMITH"},{"data":"champ:Taunt","floor":8,"key":"SMITH"},{"data":"champ:EnragedBash","floor":13,"key":"SMITH"}],"circlet_count":0,"master_deck":["champ:Strike","champ:Strike","champ:Strike","champ:Strike","champ:Defend","champ:Defend","champ:Defend","champ:Defend","champ:Execute","champ:Taunt+1","champ:CheapShot+1","champ:EnragedBash+1","champ:FanOfKnives","champ:StanceDance+1","champ:SwordSigil","champ:CrookedStrike","champ:Duel","champ:BerserkersShout","champ:BerserkersShout","champ:VampiricStrike"],"relics":["champ:ChampionCrown","Dream Catcher","Centennial Puzzle"],"acts_visited":["Exordium"],"potions_floor_usage":[12,14,16],"damage_taken":[{"damage":20,"enemies":"Cultist","floor":2,"turns":4},{"damage":30,"enemies":"downfall:FleeingMerchant","floor":3,"turns":5},{"damage":15,"enemies":"Small Slimes","floor":5,"turns":3},{"damage":67,"enemies":"3 Sentries","floor":9,"turns":7},{"damage":11,"enemies":"Jaw Worm","floor":10,"turns":3},{"damage":20,"enemies":"Large Slime","floor":11,"turns":2},{"damage":37,"enemies":"Gremlin Gang","floor":12,"turns":4},{"damage":52,"enemies":"Exordium Thugs","floor":14,"turns":4},{"damage":54,"enemies":"3 Louse","floor":15,"turns":4},{"damage":92,"enemies":"IC_STATUS_ARCHETYPE","floor":16,"turns":4}],"seed_played":"-2279075891244282548","potions_obtained":[{"floor":2,"key":"champ:CounterPotion"},{"floor":4,"key":"sneckomod:MuddlingPotion"},{"floor":9,"key":"Regen Potion"},{"floor":11,"key":"Regen Potion"},{"floor":12,"key":"Dexterity Potion"}],"is_trial":false,"path_per_floor":["R","M","$","?","M","R","T","R","E","M","M","M","R","M","M","B"],"character_chosen":"THE_CHAMP","items_purchased":["champ:StanceDance","SteroidPotion"],"campfire_rested":0,"item_purchase_floors":[3,3],"current_hp_per_floor":[81,81,81,81,81,81,81,81,54,53,53,58,58,55,43,0,0,0],"gold":140,"neow_bonus":"THREE_RARE_CARDS","is_daily":false,"chose_seed":false,"campfire_upgraded":4,"win_rate":0.0,"timestamp":1612301098,"path_taken":["R","M","$","?","M","R","T","R","E","?","M","M","R","M","M","BOSS"],"items_purchased_type":["Card","Potion"],"build_version":"2020-12-22","purchased_purges":0,"victory":false,"max_hp_per_floor":[81,81,81,81,81,81,81,81,81,81,81,81,81,81,81,81,81,81],"relic_stats":{"Dream Catcher":0,"Centennial Puzzle":[18],"counters":[10,40],"obtain_stats":[{"Dream Catcher":7,"Centennial Puzzle":9,"champ:ChampionCrown":0},{"Dream Catcher":3,"Centennial Puzzle":4,"champ:ChampionCrown":0},{"Dream Catcher":12,"Centennial Puzzle":19,"champ:ChampionCrown":0}]},"card_choices":[{"not_picked":["champ:UltimateStance","champ:SwordThrow"],"picked":"champ:CheapShot","floor":0},{"not_picked":["champ:FocusedBerserking","champ:Circumvent"],"picked":"champ:EnragedBash","floor":2},{"not_picked":["champ:BladeFlurry","champ:ViciousMockery"],"picked":"champ:FanOfKnives","floor":3},{"not_picked":["champ:StanceDance","champ:GutPunch"],"picked":"champ:SwordSigil","floor":5},{"not_picked":["champ:PerfectedStrike","champ:TornadoPunch"],"picked":"champ:CrookedStrike","floor":9},{"not_picked":["champ:BringItOn","champ:IgnorePain"],"picked":"champ:Duel","floor":10},{"not_picked":["champ:EnragedBash","champ:CrownThrow"],"picked":"champ:BerserkersShout","floor":11},{"not_picked":["champ:Circumvent","champ:CrownThrow"],"picked":"champ:BerserkersShout","floor":12},{"not_picked":["champ:RapidStrikes","champ:EnGarde","champ:CrownThrow"],"picked":"SKIP","floor":14},{"not_picked":["champ:EnGarde","champ:EndlessRage"],"picked":"champ:VampiricStrike","floor":15}],"player_experience":841206,"relics_obtained":[{"floor":7,"key":"Dream Catcher"},{"floor":9,"key":"Centennial Puzzle"}],"event_choices":[{"damage_healed":0,"gold_gain":0,"player_choice":"Got Potions","damage_taken":0,"max_hp_gain":0,"max_hp_loss":0,"event_name":"Lab","floor":4,"gold_loss":0}],"is_beta":false,"boss_relics":[],"items_purged_floors":[],"is_endless":false,"potions_floor_spawned":[2,9,11,12],"killed_by":"IC_STATUS_ARCHETYPE","ascension_level":0}}