{"host":"hqsnl0mtmp1qafm7","time":1612274000,"event":{"mods":["AchievementEnabler","Aspiration","BaseMod","Better Altar","Better Match","Better Note","Better Sensory Stone","Better Skull","Better Third Choice","Colored Map","Colored Powertips","Conspire","Curses Come First","Downfall","Friendly Minions","Hermit","Highlight Path","Hubris","Ironclad Rager","Minty Spire (QoL Compilation)","Monster B Gone","Permanent Neow","Quick Restart","Rare Cards Sparkle","Reliquary","Replay The Spire","Retaliation","Shop Mod","Smile Girya","StSLib","The Blue Laboratory","The Runesmith","Wandering Minibosses","egg"],"gold_per_floor":[112,130,147,222,242,267,267,267,267,280,280,310,320,320,320,421,421,440,440,440,314,325,356,356,386,386,386,595,595,627,119,119,222,222,233,98,98,98,108,140,140,155,182,182,217,229,259,271,271,271],"floor_reached":51,"language":"ENG","playtime":2388,"items_purged":["hermit:Defend_Hermit","Replay:Anticipation","hermit:Defend_Hermit"],"score":903,"play_id":"62d71477-c4c2-450a-bc31-0df7ef0f0cca","local_time":"20210202085320","is_ascension_mode":false,"campfire_choices":[{"floor":8,"key":"REST"},{"floor":11,"key":"REST"},{"floor":15,"key":"REST"},{"data":"hermit:WideOpen","floor":24,"key":"SMITH"},{"data":"hermit:Glare","floor":27,"key":"SMITH"},{"floor":29,"key":"REST"},{"data":"hermit:Defend_Hermit","floor":32,"key":"PURGE"},{"data":"hermit:ShadowCloak","floor":41,"key":"SMITH"},{"floor":49,"key":"REST"}],"circlet_count":0,"master_deck":["hermit:Strike_Hermit","hermit:Strike_Hermit","hermit:Strike_Hermit","hermit:Strike_Hermit","hermit:Defend_Hermit+1","hermit:Snapshot","hermit:Covet+1","hermit:WideOpen+1","hermit:CursedWeapon","hermit:Shortfuse+1","hermit:Desperado","hermit:BlackWind","hermit:Glare+1","hermit:Desperado","Hyperbeam+1","hermit:Roughhouse+1","Madness+1","hermit:Quickdraw+1","hermit:DeadOrAlive+1","ReplayTheSpireMod:Splinters","hermit:Shortfuse+1","hermit:Grudge+1","Hyperbeam+1","hermit:RoundhouseKick+1","CurseOfTheBell","hermit:ShadowCloak+1","Decay","hermit:OverwhelmingPower+1","hermit:GoldenBullet+1"],"relics":["hermit:Momento","ReplayTheSpireMod:DimensionalGlitch","aspiration:PoetsPen_weak","Snack Pack","Regal Pillow","Golden Egg","reliquary:WritOfMandamus","MerchantsRug","Darkstone Periapt","aspiration:Lifesprig","Bottled Flame","DollysMirror","Calling Bell","Gremlin Food","reliquary:BoilingFlask","Membership Card","hubris:Towel","Lantern","Oddly Smooth Stone","reliquary:TuningFork","Runesmith:Nanobots"],"acts_visited":["Exordium","TheCity","TheBeyond"],"potions_floor_usage":[16,33,50,50],"damage_taken":[{"damage":0.0,"enemies":"Cultist","floor":1.0,"turns":2.0},{"damage":11.0,"enemies":"conspire:RoseBush","floor":2.0,"turns":2.0},{"damage":3.0,"enemies":"Small Slimes","floor":3.0,"turns":1.0},{"damage":7,"enemies":"2 Fungi Beasts","floor":5,"turns":2},{"damage":16,"enemies":"3 Sentries","floor":6,"turns":4},{"damage":15,"enemies":"Large Slime","floor":10,"turns":3},{"damage":0,"enemies":"Replay:BlueRogue","floor":12,"turns":1},{"damage":3,"enemies":"Red Slaver","floor":13,"turns":1},{"damage":43,"enemies":"Hexaghost","floor":16,"turns":4},{"damage":0,"enemies":"Shell Parasite","floor":18,"turns":2},{"damage":0,"enemies":"3 Byrds","floor":22,"turns":2},{"damage":5,"enemies":"Book of Stabbing","floor":23,"turns":2},{"damage":9,"enemies":"Replay:Snechameleon","floor":25,"turns":2},{"damage":12,"enemies":"Centurion and Healer","floor":30,"turns":3},{"damage":3,"enemies":"Collector","floor":33,"turns":3},{"damage":5,"enemies":"3 Shapes","floor":35,"turns":1},{"damage":3,"enemies":"3 Darklings","floor":39,"turns":1},{"damage":3,"enemies":"Reptomancer","floor":40,"turns":2},{"damage":0,"enemies":"Jaw Worm Horde","floor":42,"turns":1},{"damage":12,"enemies":"Giant Head","floor":45,"turns":4},{"damage":15,"enemies":"4 Shapes","floor":46,"turns":1},{"damage":3,"enemies":"conspire:MimicChest","floor":47,"turns":2},{"damage":18,"enemies":"Sphere and 2 Shapes","floor":48,"turns":1},{"damage":38,"enemies":"Donu and Deca","floor":50,"turns":4}],"seed_played":"5651706502766400392","potions_obtained":[{"floor":2.0,"key":"blueLaboratory:EnragingPotion"},{"floor":3.0,"key":"blueLaboratory:ForbiddenFruitJuice"},{"floor":16,"key":"Explosive Potion"},{"floor":23,"key":"SkillPotion"},{"floor":30,"key":"Adrenaline Potion"},{"floor":33,"key":"Reflective Coating"},{"floor":39,"key":"Explosive Potion"},{"floor":40,"key":"FearPotion"}],"is_trial":false,"path_per_floor":["M","M","M","?","M","E","?","R","T","M","R","E","M","?","R","B",null,"M","?","?","$","M","E","R","E","T","R","?","R","M","$","R_BF","B",null,"M","$","?","?","M","E","R","M","T","?","E","M","?","M","R","B",null],"character_chosen":"HERMIT","items_purchased":["MerchantsRug","hermit:Quickdraw","hermit:Grudge","Bottled Flame","DollysMirror","Membership Card"],"campfire_rested":5,"item_purchase_floors":[21,21,31,31,31,36],"current_hp_per_floor":[75,64,61,61,54,38,23,45,45,33,55,57,55,30,67,27,75,75,75,52,52,54,52,52,45,45,45,51,81,70,70,70,72,87,82,82,82,88,86,85,85,86,86,93,84,70,69,53,93,58],"gold":271,"neow_bonus":"DOUBLE_BOSS_RELIC","is_daily":false,"chose_seed":false,"campfire_upgraded":3,"win_rate":0.0,"timestamp":1612274000,"path_taken":["M","M","?","?","M","E","?","R","T","M","R","E","M","?","R","BOSS","M","?","?","$","M","E","R","E","T","R","?","R","M","$","R_BF","BOSS","M","$","?","?","M","E","R","?","T","?","E","?","?","M","R","BOSS"],"items_purchased_type":["Relic","Card","Card","Relic","Relic","Relic"],"build_version":"2020-12-22","purchased_purges":3,"victory":true,"max_hp_per_floor":[75,75,75,75,75,75,75,75,75,75,75,75,75,75,75,75,75,75,75,75,75,75,75,75,75,75,75,81,81,81,81,81,81,87,87,87,87,93,93,93,93,93,93,93,93,93,93,93,93,93],"card_choices":[{"not_picked":["hermit:Glare","hermit:Quickdraw"],"picked":"hermit:WideOpen","floor":1.0},{"not_picked":["hermit:Quickdraw","hermit:LowProfile"],"picked":"hermit:CursedWeapon","floor":2.0},{"not_picked":["hermit:Virtue","hermit:Dive"],"picked":"hermit:BigShot","floor":3.0},{"not_picked":["hermit:Manifest","hermit:Scavenge"],"picked":"hermit:Shortfuse","floor":5},{"not_picked":["hermit:Snipe","hermit:Cheat"],"picked":"hermit:Desperado","floor":6},{"not_picked":["hermit:Enervate","hermit:Feint"],"picked":"hermit:BlackWind","floor":10},{"not_picked":["hermit:Gestalt","hermit:Vantage"],"picked":"hermit:Glare","floor":12},{"not_picked":["hermit:BigShot","hermit:WideOpen"],"picked":"hermit:Desperado","floor":13},{"not_picked":["hermit:Adapt","hermit:Reprieve"],"picked":"hermit:Roughhouse","floor":16},{"not_picked":["hermit:HighCaliber","hermit:Virtue","hermit:Misfire+1"],"picked":"SKIP","floor":18},{"not_picked":["hermit:Feint","hermit:TrackingShot","hermit:Combo+1"],"picked":"SKIP","floor":22},{"not_picked":["hermit:FullyLoaded","hermit:Vantage","hermit:Feint"],"picked":"SKIP","floor":23},{"not_picked":["hermit:Ricochet","hermit:EyeOfTheStorm"],"picked":"hermit:DeadOrAlive","floor":25},{"not_picked":["hermit:Cheat+1","hermit:Vantage"],"picked":"hermit:Shortfuse+1","floor":28},{"not_picked":["hermit:Snipe","hermit:Malice","hermit:Roulette"],"picked":"SKIP","floor":30},{"not_picked":["hermit:FinalCanter","hermit:Reprieve"],"picked":"hermit:RoundhouseKick","floor":33},{"not_picked":["hermit:Misfire","hermit:ItchyTrigger"],"picked":"hermit:ShadowCloak","floor":35},{"not_picked":["hermit:CursedWeapon","hermit:Roulette+1","hermit:Shortfuse"],"picked":"SKIP","floor":39},{"not_picked":["hermit:Desperado","hermit:ItchyTrigger"],"picked":"hermit:OverwhelmingPower","floor":40},{"not_picked":["hermit:SprayPray+1","hermit:BodyArmor+1","hermit:Snipe+1"],"picked":"SKIP","floor":42},{"not_picked":["hermit:Feint","hermit:DeadMansHand","hermit:ItchyTrigger"],"picked":"SKIP","floor":45},{"not_picked":["hermit:TrackingShot+1","hermit:Feint+1","hermit:Dive"],"picked":"SKIP","floor":46},{"not_picked":["hermit:Quickdraw+1","hermit:EyeOfTheStorm"],"picked":"hermit:GoldenBullet+1","floor":47},{"not_picked":["hermit:Misfire","hermit:CursedWeapon","hermit:TakeAim"],"picked":"SKIP","floor":48}],"player_experience":108834,"relics_obtained":[{"floor":6,"key":"Pondfish Scales"},{"floor":9,"key":"Snack Pack"},{"floor":12,"key":"reliquary:FeatherDuster"},{"floor":23,"key":"Darkstone Periapt"},{"floor":25,"key":"aspiration:Lifesprig"},{"floor":26,"key":"Mummified Hand"},{"floor":34,"key":"Gremlin Food"},{"floor":34,"key":"reliquary:BoilingFlask"},{"floor":34,"key":"reliquary:OuijaBoard"},{"floor":40,"key":"Lantern"},{"floor":43,"key":"Oddly Smooth Stone"},{"floor":45,"key":"reliquary:TuningFork"},{"floor":47,"key":"Runesmith:Nanobots"}],"event_choices":[{"damage_healed":0,"gold_gain":0,"player_choice":"Entered Light","damage_taken":15,"max_hp_gain":0,"max_hp_loss":0,"event_name":"Shining Light","floor":7,"gold_loss":0,"cards_upgraded":["hermit:Covet","hermit:Defend_Hermit"]},{"cards_removed":["hermit:Defend_Hermit"],"damage_healed":0,"gold_gain":0,"player_choice":"Give","damage_taken":0,"max_hp_gain":0,"max_hp_loss":0,"event_name":"betterNote:BetterNote","floor":19,"gold_loss":0,"cards_obtained":["conspire:SpireCoStock"]},{"damage_healed":0,"gold_gain":2,"player_choice":"2","damage_taken":0,"max_hp_gain":0,"max_hp_loss":15,"event_name":"betterStone:BetterStone","floor":20,"gold_loss":0},{"damage_healed":0,"gold_gain":0,"player_choice":"Cursed","damage_taken":0,"max_hp_gain":0,"max_hp_loss":0,"event_name":"Wheel of Change","floor":38,"gold_loss":0,"cards_obtained":["Decay"]}],"is_beta":false,"boss_relics":[{"not_picked":["Abe\u0027s Treasure","Pandora\u0027s Box"],"picked":"reliquary:WritOfMandamus"},{"not_picked":["hubris:VirtuousBlindfold","Kintsugi"],"picked":"Calling Bell"}],"items_purged_floors":[21,31,36],"is_endless":false,"potions_floor_spawned":[2,3,16,23,30,33,39,40,45,47],"ascension_level":0}}