{"host":"rqs2099buorjjoja","time":1612304784,"event":{"mods":["AchievementEnabler","Aspiration","BaseMod","Beaked The Cultist","Colored Powertips","Downfall","Hermit","Hubris","Infinite Spire","Jorbs\u0027s Wanderer Trilogy","Minty Spire (QoL Compilation)","Quick Restart","Rare Cards Sparkle","Replay The Spire","StSLib","The Bug Knight","The Construct","The Necromancer","The Servant 0.9.4"],"gold_per_floor":[109,125,143,154,166,197,197,216,216,216,73,88,88,108,108,208,208,224,224,240,240,240,240,210,210,210,225,259,259,259,279,279,380,380,396,234,234,234,234,234,267,267,267,267,301,301,339,376,376,376],"floor_reached":51,"language":"ENG","playtime":5428,"items_purged":[],"score":819,"play_id":"caf2596f-883a-4ca9-86cf-5baaa9376fcf","local_time":"20210202172624","is_ascension_mode":false,"campfire_choices":[{"floor":7,"key":"REST"},{"data":"Cloak And Dagger","floor":10,"key":"SMITH"},{"floor":15,"key":"REST"},{"data":"Replay:Bag of Tricks","floor":23,"key":"SMITH"},{"data":"Limit Break","floor":32,"key":"SMITH"},{"data":"Apotheosis","floor":40,"key":"SMITH"},{"data":"Limit Break","floor":42,"key":"SMITH"},{"data":"Corpse Explosion","floor":44,"key":"SMITH"},{"floor":49,"key":"DIG"}],"circlet_count":0,"master_deck":["Strike_G","Strike_G","Strike_G","Strike_G","Strike_G","Defend_G","Defend_G","Defend_G","Defend_G","Defend_G","Survivor+1","Neutralize+1","Cloak And Dagger+1","Blade Dance","PiercingWail","Heel Hook","Quick Slash","Quick Slash","Quick Slash","Replay:Bag of Tricks+1","Die Die Die","Deadly Poison","PiercingWail+1","Corpse Explosion+1","Limit Break+1","Pommel Strike+1","Limit Break+1","Flying Knee","Apotheosis+1","Secret Weapon","Flex+1","Deflect","Flex+1"],"relics":["Ring of the Snake","NeowsBlessing","hubris:PeanutButter","HollowMod:PaleOreRelic","Juzu Bracelet","aspiration:IroncladSkillbook","infinitespire:BottledMercury","hubris:CrystalStatue","Pear","aspiration:RitualStick","War Paint","ChewingGum","infinitespire:EvilPickle","Chameleon Ring","infinitespire:BottledMercury"],"acts_visited":["Exordium","TheCity","TheBeyond"],"potions_floor_usage":[6,16,16,20,31,45,48,50,50],"damage_taken":[{"damage":0,"enemies":"Small Slimes","floor":1,"turns":1},{"damage":0,"enemies":"Cultist","floor":2,"turns":1},{"damage":0,"enemies":"Jaw Worm","floor":3,"turns":1},{"damage":0,"enemies":"2 Fungi Beasts","floor":4,"turns":4},{"damage":0,"enemies":"Looter","floor":5,"turns":4},{"damage":18,"enemies":"Gremlin Nob","floor":6,"turns":4},{"damage":15,"enemies":"Exordium Thugs","floor":8,"turns":7},{"damage":0,"enemies":"2 Fungi Beasts","floor":12,"turns":3},{"damage":0,"enemies":"Red Slaver","floor":14,"turns":3},{"damage":50,"enemies":"The Guardian","floor":16,"turns":11},{"damage":0,"enemies":"Shell Parasite","floor":18,"turns":7},{"damage":0,"enemies":"3 Byrds","floor":20,"turns":4},{"damage":0,"enemies":"Snecko","floor":27,"turns":4},{"damage":2,"enemies":"Slavers","floor":28,"turns":4},{"damage":0,"enemies":"Centurion and Healer","floor":31,"turns":5},{"damage":16,"enemies":"Pondfish","floor":33,"turns":12},{"damage":1,"enemies":"3 Darklings","floor":35,"turns":4},{"damage":0,"enemies":"3 Shapes","floor":41,"turns":3},{"damage":0,"enemies":"Transient","floor":45,"turns":5},{"damage":13,"enemies":"Sphere and 2 Shapes","floor":47,"turns":3},{"damage":2,"enemies":"3 Darklings","floor":48,"turns":5},{"damage":34,"enemies":"Donu and Deca","floor":50,"turns":7}],"seed_played":"-7892659199642261549","potions_obtained":[{"floor":5,"key":"hexamod:SoulburnPotion"},{"floor":6,"key":"Dexterity Potion"},{"floor":14,"key":"hexamod:SoulburnPotion"},{"floor":18,"key":"CunningPotion"},{"floor":28,"key":"DuplicationPotion"},{"floor":33,"key":"SteroidPotion"},{"floor":41,"key":"SpeedPotion"},{"floor":45,"key":"BlessingOfTheForge"},{"floor":46,"key":"GhostInAJar"}],"is_trial":false,"path_per_floor":["M","M","M","M","M","E","R","M","T","R","$","M","?","M","R","B",null,"M","?","M","$","?","R","?","AVR","T","M","E","?","T","M","R","B",null,"M","$","?","$","?","R","M","R","T","R","M","?","M","M","R","B",null],"character_chosen":"THE_SILENT","items_purchased":["Juzu Bracelet","Apotheosis"],"campfire_rested":2,"item_purchase_floors":[11,36],"current_hp_per_floor":[70,70,70,70,70,52,70,55,55,55,55,55,55,55,70,20,70,70,70,70,70,70,70,70,70,70,70,80,64,64,68,68,56,80,80,80,80,80,80,80,80,80,80,80,80,80,71,73,73,43],"gold":376,"neow_bonus":"THREE_ENEMY_KILL","is_daily":false,"chose_seed":false,"campfire_upgraded":6,"win_rate":0.0,"timestamp":1612304784,"path_taken":["M","M","M","M","M","E","R","M","T","R","$","M","?","M","R","BOSS","M","?","M","$","?","R","?","AVR","T","M","E","?","?","M","R","BOSS","M","$","?","$","?","R","M","R","T","R","M","?","M","M","R","BOSS"],"items_purchased_type":["Relic","Card"],"build_version":"2020-12-22","purchased_purges":0,"victory":true,"max_hp_per_floor":[70,70,70,70,70,70,70,70,70,70,70,70,70,70,70,70,70,70,70,70,70,70,70,70,70,70,70,80,80,80,80,80,80,80,80,80,80,80,80,80,80,80,80,80,80,80,80,80,80,80],"card_choices":[{"not_picked":["Poisoned Stab","Acrobatics"],"picked":"Cloak And Dagger","floor":1},{"not_picked":["Dagger Throw","Outmaneuver"],"picked":"Blade Dance","floor":2},{"not_picked":["Caltrops","Bane"],"picked":"PiercingWail","floor":3},{"not_picked":["Underhanded Strike","Deadly Poison"],"picked":"Prepared","floor":4},{"not_picked":["Bullet Time","Deflect"],"picked":"Heel Hook","floor":5},{"not_picked":["Deadly Poison","Dodge and Roll"],"picked":"Quick Slash","floor":6},{"not_picked":["Sneak Up","Prepared"],"picked":"Quick Slash","floor":8},{"not_picked":["Dagger Spray","Deadly Poison"],"picked":"Quick Slash","floor":12},{"not_picked":["Acrobatics","Fluid Movement"],"picked":"Replay:Bag of Tricks","floor":14},{"not_picked":["Atom Bomb","Phantasmal Killer"],"picked":"Die Die Die","floor":16},{"not_picked":["Leg Sweep","Catalyst","Sucker Punch"],"picked":"Deadly Poison","floor":18},{"not_picked":["Quick Slash+1","ReplayTheSpireMod:Stacked+1","Headbutt"],"picked":"PiercingWail","floor":20},{"not_picked":["Headbutt+1","infinitespire:OneForAll","Pommel Strike"],"picked":"Corpse Explosion","floor":27},{"not_picked":["ReplayTheSpireMod:Limb From Limb+1","hubris:SharpeningStone","Headbutt"],"picked":"Limit Break","floor":28},{"not_picked":["hubris:TrickCloak+1","Endless Agony","hubris:Sniper"],"picked":"Pommel Strike+1","floor":31},{"not_picked":["Envenom","Bludgeon","Feed"],"picked":"Limit Break","floor":33},{"not_picked":["Iron Wave+1","Thunderclap+1","Blade Dance"],"picked":"Flying Knee","floor":35},{"not_picked":["Replay:Bootleg Shield Generator","PanicButton","Replay:BasicMightCard"],"picked":"Secret Weapon","floor":39},{"not_picked":["Expertise","Heavy Blade+1","Cleave"],"picked":"Flex+1","floor":41},{"not_picked":["Anger","Leg Sweep+1","Burning Pact+1","True Grit"],"picked":"SKIP","floor":45},{"not_picked":["Underhanded Strike","Crippling Poison","hubris:SlightOfHand"],"picked":"Deflect","floor":47},{"not_picked":["Dual Wield+1","Impervious","Poisoned Stab"],"picked":"Flex+1","floor":48}],"player_experience":202885,"relics_obtained":[{"floor":6,"key":"hubris:PeanutButter"},{"floor":9,"key":"HollowMod:PaleOreRelic"},{"floor":26,"key":"hubris:CrystalStatue"},{"floor":28,"key":"Pear"},{"floor":30,"key":"War Paint"},{"floor":43,"key":"Chameleon Ring"},{"floor":49,"key":"infinitespire:BottledMercury"}],"event_choices":[{"damage_healed":0,"gold_gain":0,"player_choice":"Upgraded","damage_taken":0,"max_hp_gain":0,"max_hp_loss":0,"event_name":"Upgrade Shrine","floor":13,"gold_loss":0,"cards_upgraded":["Neutralize"]},{"damage_healed":0,"gold_gain":0,"player_choice":"Ignored","damage_taken":0,"max_hp_gain":0,"max_hp_loss":0,"event_name":"NoteForYourself","floor":19,"gold_loss":0},{"damage_healed":0,"gold_gain":0,"player_choice":"Ignored","damage_taken":0,"max_hp_gain":0,"max_hp_loss":0,"event_name":"Beggar","floor":22,"gold_loss":0},{"damage_healed":0,"gold_gain":0,"player_choice":"Bought 2 Potions","damage_taken":0,"max_hp_gain":0,"max_hp_loss":0,"event_name":"The Woman in Blue","floor":24,"gold_loss":0},{"cards_removed":["Prepared"],"damage_healed":0,"gold_gain":0,"player_choice":"Removed Skill","damage_taken":0,"max_hp_gain":0,"max_hp_loss":0,"event_name":"Falling","floor":37,"gold_loss":0},{"damage_healed":0,"gold_gain":0,"player_choice":"Memory 1","damage_taken":0,"max_hp_gain":0,"max_hp_loss":0,"event_name":"SensoryStone","floor":39,"gold_loss":0},{"damage_healed":0,"gold_gain":0,"player_choice":"Got Potions","damage_taken":0,"max_hp_gain":0,"max_hp_loss":0,"event_name":"Lab","floor":46,"gold_loss":0}],"is_beta":false,"boss_relics":[{"not_picked":["SacredBark","Velvet Choker"],"picked":"aspiration:IroncladSkillbook"},{"not_picked":["WristBlade","aspiration:FutureDiary"],"picked":"ChewingGum"}],"items_purged_floors":[],"is_endless":false,"potions_floor_spawned":[5,6,14,18,28,33,41,45],"ascension_level":0}}