{"host":"15f3wpiimhe5yrng","time":1612294079,"event":{"mods":["BaseMod","Better Altar","Better Match","Better Note","Better Sensory Stone","Better Skull","Better Third Choice","Colored Map","Downfall","GifTheSpireLib","Good Game Mod","Minty Spire (QoL Compilation)","Permanent Neow","StSLib","The Disciple","The Mystic"],"gold_per_floor":[15,131,151,169,184,184,214,214,214,241,260,260,270,296,296,401,401,418,418,431,443,454,483,483,483,483,816,816,816,844,882,894,1002,1014,1039,1065,987,1015,1081,1125,1154,1198,1210,1234,1296,872,872,908,908,908,908,908,83,117,117],"floor_reached":56,"language":"ENG","playtime":3886,"items_purged":["Defend_R","Strike_R"],"score":1573,"play_id":"603ab7ad-8bc4-4619-8d7b-844428147f67","local_time":"20210202202759","is_ascension_mode":true,"campfire_choices":[{"floor":6.0,"key":"DIG"},{"floor":8.0,"key":"DIG"},{"floor":12.0,"key":"DIG"},{"data":"Armaments","floor":15.0,"key":"SMITH"},{"floor":24.0,"key":"DIG"},{"floor":29.0,"key":"DIG"},{"floor":32.0,"key":"DIG"},{"floor":49,"key":"RECALL"},{"floor":52,"key":"DIG"}],"circlet_count":0,"master_deck":["Strike_R+1","Strike_R","Strike_R","Strike_R+1","Defend_R+1","Defend_R+1","Bash+1","DeusExMachina+1","Shockwave+1","Metallicize","Twin Strike","Cleave","Dark Embrace","Dark Embrace","Armaments+1","Carnage","Spot Weakness","Reaper+1","Dropkick+1","Slimebound:MassFeed","Twin Strike","True Grit+1","Power Through","Necronomicurse","Brutality","Flex+1","Armaments+1","Barricade+1","Spot Weakness+1","Seeing Red+1","Rupture+1","Flame Barrier+1","Blood for Blood+1","Heavy Blade","True Grit+1","Metallicize+1","Madness+1","Madness+1","Warcry+1","True Grit+1","Master of Strategy+1","Jack Of All Trades+1","Evolve+1"],"relics":["Burning Blood","REME:ComplimentaryCards","Shovel","Kunai","Incense Burner","Sundial","StoneCalendar","Blood Vial","TungstenRod","War Paint","Coffee Dripper","Orichalcum","Bag of Preparation","Necronomicon","Toxic Egg 2","Old Coin","StrikeDummy","MawBank","Frozen Egg 2","Charon\u0027s Ashes","Fusion Hammer","Turnip","Darkstone Periapt","Akabeko","Ginger","Centennial Puzzle","TheAbacus","CeramicFish","White Beast Statue","CaptainsWheel","Strawberry","Whetstone"],"acts_visited":["Exordium","TheCity","TheBeyond","TheEnding"],"potions_floor_usage":[],"damage_taken":[{"damage":2.0,"enemies":"2 Louse","floor":1.0,"turns":3.0},{"damage":0.0,"enemies":"Cultist","floor":3.0,"turns":3.0},{"damage":3.0,"enemies":"Small Slimes","floor":4.0,"turns":3.0},{"damage":2.0,"enemies":"Exordium Wildlife","floor":5.0,"turns":5.0},{"damage":7.0,"enemies":"Lagavulin","floor":7.0,"turns":6.0},{"damage":13.0,"enemies":"Gremlin Nob","floor":10.0,"turns":5.0},{"damage":3.0,"enemies":"Lots of Slimes","floor":11.0,"turns":3.0},{"damage":7.0,"enemies":"2 Fungi Beasts","floor":13.0,"turns":5.0},{"damage":0.0,"enemies":"3 Sentries","floor":14.0,"turns":7.0},{"damage":5.0,"enemies":"Slime Boss","floor":16.0,"turns":7.0},{"damage":12.0,"enemies":"2 Thieves","floor":18.0,"turns":3.0},{"damage":8.0,"enemies":"Shell Parasite","floor":20.0,"turns":5.0},{"damage":19.0,"enemies":"3 Cultists","floor":21.0,"turns":7.0},{"damage":11.0,"enemies":"Sentry and Sphere","floor":22.0,"turns":4.0},{"damage":23.0,"enemies":"Gremlin Leader","floor":23.0,"turns":7.0},{"damage":11.0,"enemies":"Book of Stabbing","floor":27.0,"turns":7.0},{"damage":7.0,"enemies":"Centurion and Healer","floor":30.0,"turns":5.0},{"damage":0.0,"enemies":"Gremlin Leader","floor":31.0,"turns":3.0},{"damage":32.0,"enemies":"Champ","floor":33.0,"turns":9.0},{"damage":0.0,"enemies":"Orb Walker","floor":35.0,"turns":2.0},{"damage":0.0,"enemies":"3 Darklings","floor":36.0,"turns":4.0},{"damage":0.0,"enemies":"Maw","floor":38.0,"turns":6.0},{"damage":29.0,"enemies":"2 Orb Walkers","floor":39.0,"turns":5.0},{"damage":7.0,"enemies":"Giant Head","floor":40.0,"turns":6.0},{"damage":7.0,"enemies":"Spire Growth","floor":41.0,"turns":5.0},{"damage":0.0,"enemies":"Nemesis","floor":42.0,"turns":5.0},{"damage":14.0,"enemies":"3 Darklings","floor":44.0,"turns":5.0},{"damage":43.0,"enemies":"Mind Bloom Boss Battle","floor":45.0,"turns":6.0},{"damage":11.0,"enemies":"Reptomancer","floor":48.0,"turns":6.0},{"damage":25,"enemies":"Time Eater","floor":50,"turns":7},{"damage":33,"enemies":"Shield and Spear","floor":54,"turns":4},{"damage":46,"enemies":"The Heart","floor":55,"turns":7}],"seed_played":"-2432936977829003902","potions_obtained":[{"floor":5.0,"key":"SkillPotion"},{"floor":7.0,"key":"Block Potion"},{"floor":10.0,"key":"SteroidPotion"},{"floor":16.0,"key":"AttackPotion"},{"floor":27.0,"key":"SpeedPotion"},{"floor":36.0,"key":"GamblersBrew"},{"floor":42.0,"key":"DuplicationPotion"}],"is_trial":false,"path_per_floor":["M","?","M","M","M","R","E","R","T","E","M","R","M","E","R","B",null,"M","?","M","M","M","E","R","?","T","E","T","R","M","E","R","B",null,"M","M","?","M","?","E","M","E","T","M","?","$","?","E","R","B",null,"R","$","E","B",null],"character_chosen":"IRONCLAD","items_purchased":["Metallicize+1","Centennial Puzzle","TheAbacus","CaptainsWheel","True Grit+1","Strawberry","Master of Strategy+1","Jack Of All Trades+1"],"campfire_rested":0,"item_purchase_floors":[46,46,46,53,53,53,53,53],"current_hp_per_floor":[80,22,28,31,35,35,34,34,34,27,32,32,33,41,41,44,80,74,74,77,78,85,75,75,63,63,68,68,68,89,96,96,83,99,102,102,102,106,83,96,99,107,107,105,91,91,77,74,74,62,116,116,123,104,84],"gold":117,"neow_bonus":"ONE_RARE_RELIC","is_daily":false,"chose_seed":false,"campfire_upgraded":1,"win_rate":0.0,"timestamp":1612294079,"path_taken":["M","?","M","M","M","R","E","R","T","E","?","R","M","E","R","BOSS","M","?","M","?","M","E","R","?","T","E","?","R","M","E","R","BOSS","M","?","?","?","?","E","M","E","T","M","?","?","?","E","R","BOSS","R","$","E","BOSS"],"items_purchased_type":["Card","Relic","Relic","Relic","Card","Relic","Card","Card"],"build_version":"2020-12-22","purchased_purges":2,"victory":true,"max_hp_per_floor":[80,80,80,80,80,80,80,80,80,80,80,80,80,80,80,80,80,80,80,83,86,92,92,92,92,92,92,92,92,96,96,96,99,99,102,102,102,106,106,109,109,109,109,113,116,116,116,116,116,116,116,116,123,131,131],"card_choices":[{"not_picked":["Flex","Reckless Charge"],"picked":"Shockwave","floor":1.0},{"not_picked":["Rage","Heavy Blade"],"picked":"Metallicize","floor":3.0},{"not_picked":["Intimidate","Entrench"],"picked":"Twin Strike","floor":4.0},{"not_picked":["True Grit","Clothesline"],"picked":"Cleave","floor":5.0},{"not_picked":["True Grit","Perfected Strike"],"picked":"Dark Embrace","floor":7.0},{"not_picked":["Burning Pact","Heavy Blade"],"picked":"Dark Embrace","floor":10.0},{"not_picked":["Wild Strike","Ghostly Armor"],"picked":"Armaments","floor":11.0},{"not_picked":["Twin Strike","Fiend Fire"],"picked":"Carnage","floor":13.0},{"not_picked":["Headbutt","Clash"],"picked":"Spot Weakness","floor":14.0},{"not_picked":["Fiend Fire","Bludgeon"],"picked":"Reaper","floor":16.0},{"not_picked":["Iron Wave","Heavy Blade"],"picked":"Dropkick+1","floor":18.0},{"not_picked":["Clothesline","Pommel Strike"],"picked":"Twin Strike","floor":20.0},{"not_picked":["Shrug It Off","Warcry+1","Twin Strike"],"picked":"SKIP","floor":21.0},{"not_picked":["Inflame","Battle Trance"],"picked":"True Grit+1","floor":22.0},{"not_picked":["Rage+1","Intimidate"],"picked":"Power Through","floor":23.0},{"not_picked":["Body Slam","Perfected Strike+1"],"picked":"Brutality","floor":27.0},{"not_picked":["Reckless Charge","Iron Wave"],"picked":"Flex+1","floor":30.0},{"not_picked":["Brutality+1","Dual Wield+1"],"picked":"Armaments+1","floor":31.0},{"not_picked":["Brutality+1","Impervious+1"],"picked":"Barricade+1","floor":33.0},{"not_picked":["Armaments+1","Flame Barrier+1"],"picked":"Spot Weakness+1","floor":35.0},{"not_picked":["Perfected Strike","Pommel Strike+1"],"picked":"Seeing Red+1","floor":36.0},{"not_picked":["Perfected Strike","Anger"],"picked":"Rupture+1","floor":38.0},{"not_picked":["Bloodletting+1","Evolve+1"],"picked":"Flame Barrier+1","floor":39.0},{"not_picked":["Pommel Strike","Whirlwind+1"],"picked":"Blood for Blood+1","floor":40.0},{"not_picked":["Anger","Perfected Strike+1"],"picked":"Heavy Blade","floor":41.0},{"not_picked":["Body Slam","Fire Breathing+1","Infernal Blade+1"],"picked":"SKIP","floor":42.0},{"not_picked":["Warcry+1","Thunderclap"],"picked":"True Grit+1","floor":44.0},{"not_picked":["Shrug It Off+1","Searing Blow+1"],"picked":"Warcry+1","floor":48.0},{"not_picked":["Shrug It Off+1","Body Slam"],"picked":"Evolve+1","floor":54}],"player_experience":118565,"relics_obtained":[{"floor":6.0,"key":"Kunai"},{"floor":7.0,"key":"Incense Burner"},{"floor":8.0,"key":"Sundial"},{"floor":9.0,"key":"StoneCalendar"},{"floor":10.0,"key":"Blood Vial"},{"floor":12.0,"key":"TungstenRod"},{"floor":14.0,"key":"War Paint"},{"floor":23.0,"key":"Orichalcum"},{"floor":24.0,"key":"Bag of Preparation"},{"floor":25.0,"key":"Necronomicon"},{"floor":26.0,"key":"Toxic Egg 2"},{"floor":27.0,"key":"Old Coin"},{"floor":28.0,"key":"StrikeDummy"},{"floor":29.0,"key":"MawBank"},{"floor":31.0,"key":"Frozen Egg 2"},{"floor":32.0,"key":"Charon\u0027s Ashes"},{"floor":39.0,"key":"Turnip"},{"floor":40.0,"key":"Darkstone Periapt"},{"floor":42.0,"key":"Akabeko"},{"floor":45.0,"key":"Ginger"},{"floor":48.0,"key":"CeramicFish"},{"floor":52,"key":"White Beast Statue"},{"floor":54,"key":"Whetstone"}],"event_choices":[{"damage_healed":0.0,"max_hp_gain":0.0,"max_hp_loss":0.0,"gold_gain":116.0,"event_name":"betterSkull:BetterSkull","player_choice":"UP GO UP UP ","floor":2.0,"gold_loss":0.0,"damage_taken":65.0,"cards_upgraded":["DeusExMachina","Defend_R","Bash"],"relics_obtained":[]},{"cards_removed":["DeusExMachina"],"damage_healed":0.0,"max_hp_gain":0.0,"max_hp_loss":0.0,"gold_gain":0.0,"event_name":"betterNote:BetterNote","player_choice":"Take \u0026 Give","floor":19.0,"gold_loss":0.0,"damage_taken":0.0,"cards_obtained":["Slimebound:MassFeed"]},{"damage_healed":0.0,"max_hp_gain":0.0,"max_hp_loss":0.0,"gold_gain":0.0,"event_name":"Cursed Tome","player_choice":"Obtained Book","floor":25.0,"gold_loss":0.0,"damage_taken":16.0},{"cards_removed":["Defend_R"],"damage_healed":0.0,"max_hp_gain":0.0,"max_hp_loss":0.0,"gold_gain":0.0,"event_name":"Designer","player_choice":"Upgrade and Remove","floor":37.0,"gold_loss":90.0,"damage_taken":0.0,"cards_upgraded":["Reaper"]},{"damage_healed":0.0,"max_hp_gain":0.0,"max_hp_loss":0.0,"gold_gain":0.0,"event_name":"Mysterious Sphere","player_choice":"Fight","floor":39.0,"gold_loss":0.0,"damage_taken":0.0},{"damage_healed":0.0,"max_hp_gain":0.0,"max_hp_loss":0.0,"gold_gain":0.0,"event_name":"MindBloom","player_choice":"Fight","floor":45.0,"gold_loss":0.0,"damage_taken":0.0},{"damage_healed":0.0,"max_hp_gain":0.0,"max_hp_loss":0.0,"gold_gain":0.0,"event_name":"Winding Halls","player_choice":"Embrace Madness","floor":47.0,"gold_loss":0.0,"damage_taken":15.0,"cards_obtained":["Madness","Madness"]}],"is_beta":false,"boss_relics":[{"not_picked":["bronze:MakeshiftBattery","Black Blood"],"picked":"Coffee Dripper"},{"not_picked":["Tiny House","Snecko Eye"],"picked":"Fusion Hammer"}],"items_purged_floors":[46,53],"is_endless":false,"potions_floor_spawned":[5,7,10,16,20,21,27,36,40,42,44,54],"ascension_level":1}}