{"host":"344lv32hnei0mdhu","time":1612305461,"event":{"mods":["Act Like it!","BaseMod","Better Match","Better Sensory Stone","Better Skull","Better Third Choice","Better Vampires","Colored Powertips","Highlight Path","Minty Spire (QoL Compilation)","Quick Restart","Random Character Button","Rare Cards Sparkle","StSLib"],"gold_per_floor":[116,116,40,58,58,90,16,48,48,48,48,65,84,6,6,110,110,126,138,138,138],"floor_reached":20,"language":"ENG","playtime":1828,"items_purged":[],"score":360,"play_id":"3573b601-32f3-448c-882d-a3c19ec0305a","local_time":"20210202163740","is_ascension_mode":true,"campfire_choices":[{"data":"Spot Weakness","floor":11,"key":"SMITH"},{"data":"Spot Weakness","floor":15,"key":"SMITH"}],"circlet_count":0,"master_deck":["AscendersBane","Strike_R","Strike_R","Strike_R","Strike_R","Strike_R","Defend_R","Defend_R","Defend_R","Defend_R","Bash+1","Wild Strike","Heavy Blade","Flex","Wild Strike+1","Fire Breathing","Uppercut","Spot Weakness+1","Twin Strike","Spot Weakness+1","Demon Form","Reckless Charge+1"],"relics":["Burning Blood","NeowsBlessing","Bottled Flame","Bird Faced Urn","Blue Candle","Philosopher\u0027s Stone"],"acts_visited":["Exordium","TheCity"],"potions_floor_usage":[8,13,20],"damage_taken":[{"damage":0.0,"enemies":"Jaw Worm","floor":1.0,"turns":1.0},{"damage":0.0,"enemies":"Cultist","floor":4.0,"turns":1.0},{"damage":0.0,"enemies":"Lagavulin","floor":6.0,"turns":1.0},{"damage":0,"enemies":"Gremlin Nob","floor":8,"turns":2},{"damage":8,"enemies":"2 Louse","floor":12,"turns":2},{"damage":0,"enemies":"Exordium Wildlife","floor":13,"turns":2},{"damage":33,"enemies":"Slime Boss","floor":16,"turns":6},{"damage":12,"enemies":"Chosen","floor":18,"turns":4},{"damage":77,"enemies":"3 Byrds","floor":19,"turns":6},{"damage":36,"enemies":"Masked Bandits","floor":20,"turns":2}],"seed_played":"8270879056084937005","potions_obtained":[{"floor":2.0,"key":"FairyPotion"},{"floor":2.0,"key":"SneckoOil"},{"floor":4.0,"key":"Fruit Juice"},{"floor":6,"key":"DistilledChaos"},{"floor":12,"key":"AttackPotion"},{"floor":19,"key":"FearPotion"}],"is_trial":false,"path_per_floor":["M","?","$","M","?","E","$","E","T","?","R","M","M","$","R","B",null,"M","M","?"],"character_chosen":"IRONCLAD","items_purchased":["Heavy Blade","Flex","Uppercut","Spot Weakness"],"campfire_rested":0,"item_purchase_floors":[3,3,7,14],"current_hp_per_floor":[78,78,78,85,68,74,74,80,80,80,80,78,84,84,84,58,78,72,31,0,0],"gold":138,"neow_bonus":"THREE_ENEMY_KILL","is_daily":false,"chose_seed":false,"campfire_upgraded":2,"win_rate":0.0,"timestamp":1612305460,"path_taken":["M","?","$","?","?","E","$","E","T","?","R","M","M","?","R","BOSS","M","M","?"],"items_purchased_type":["Card","Card","Card","Card"],"build_version":"2020-12-22","purchased_purges":0,"victory":false,"max_hp_per_floor":[80,80,80,85,85,85,85,85,85,85,85,85,85,85,85,85,85,85,85,85,85],"card_choices":[{"not_picked":["Shrug It Off","Clothesline"],"picked":"Wild Strike","floor":1.0},{"not_picked":["Clothesline","Twin Strike"],"picked":"Wild Strike","floor":4.0},{"not_picked":["Reckless Charge","Dark Embrace"],"picked":"Fire Breathing","floor":6},{"not_picked":["Heavy Blade","Pummel"],"picked":"Spot Weakness","floor":8},{"not_picked":["Warcry","Iron Wave","Carnage"],"picked":"SKIP","floor":12},{"not_picked":["Clash","Sever Soul"],"picked":"Twin Strike","floor":13},{"not_picked":["Brutality","Barricade"],"picked":"Demon Form","floor":16},{"not_picked":["Warcry+1","Cleave"],"picked":"Reckless Charge+1","floor":18},{"not_picked":["Havoc","Hemokinesis","Perfected Strike"],"picked":"SKIP","floor":19}],"player_experience":396399,"relics_obtained":[{"floor":6,"key":"Bottled Flame"},{"floor":8,"key":"Bird Faced Urn"},{"floor":9,"key":"Blue Candle"}],"event_choices":[{"damage_healed":0.0,"max_hp_gain":0.0,"max_hp_loss":0.0,"gold_gain":0.0,"event_name":"Lab","player_choice":"Got Potions","floor":2.0,"gold_loss":0.0,"damage_taken":0.0},{"damage_healed":85.0,"max_hp_gain":0.0,"max_hp_loss":85.0,"gold_gain":0.0,"event_name":"betterThird:BetterShining","player_choice":"Upgrade","floor":5.0,"gold_loss":0.0,"damage_taken":17.0,"cards_upgraded":["Wild Strike","Bash"]},{"damage_healed":0,"gold_gain":0,"player_choice":"Leave","damage_taken":0,"max_hp_gain":0,"max_hp_loss":0,"event_name":"The Cleric","floor":10,"gold_loss":0},{"damage_healed":0,"gold_gain":0,"player_choice":"Fought Bandits","damage_taken":0,"max_hp_gain":0,"max_hp_loss":0,"event_name":"Masked Bandits","floor":20,"gold_loss":0}],"is_beta":false,"boss_relics":[{"not_picked":["Ectoplasm","Fusion Hammer"],"picked":"Philosopher\u0027s Stone"}],"items_purged_floors":[],"is_endless":false,"potions_floor_spawned":[4,6,12,19],"killed_by":"Masked Bandits","ascension_level":11}}