{"host":"c44ey07ufggfw2m8","time":1612257314,"event":{"mods":["2.2 Compatiblity","BaseMod","Colored Map","DeckTracker","Highlight Path","Keyboard Shortcuts","Minty Spire (QoL Compilation)","Permanent Neow","Quick Restart","StSLib","SuperFastMode","UnlockEverythingMod"],"gold_per_floor":[13,13,23,43,59,71,71,87,87,103,103,118,118,134,134,239,239,252,351,361,276,276,276,10,10,10,25,43,61,78,106,106,205,205,220,270,94,141,141,141,51,51,51,51,65,65,91,106,106,106],"floor_reached":51,"language":"KOR","playtime":1650,"items_purged":["Strike_G","Strike_G"],"score":1044,"play_id":"e45f579c-99d6-4446-addd-71cfd8fbec2a","local_time":"20210202181514","is_ascension_mode":true,"campfire_choices":[{"data":"Blade Dance","floor":13.0,"key":"SMITH"},{"data":"Blade Dance","floor":15.0,"key":"SMITH"},{"data":"Adrenaline","floor":23.0,"key":"SMITH"},{"data":"Prepared","floor":32.0,"key":"SMITH"},{"data":"Accuracy","floor":40.0,"key":"SMITH"},{"data":"Cloak And Dagger","floor":42.0,"key":"SMITH"},{"data":"Blur","floor":44.0,"key":"SMITH"},{"data":"PiercingWail","floor":46.0,"key":"SMITH"},{"data":"Backflip","floor":49.0,"key":"SMITH"}],"circlet_count":0,"master_deck":["AscendersBane","Defend_G","Defend_G","Defend_G","Defend_G","Survivor","Neutralize+1","PiercingWail+1","Dagger Spray","Backflip+1","Masterful Stab","Blur+1","Slice","Blade Dance+1","Blade Dance+1","Prepared+1","Adrenaline+1","Escape Plan","Cloak And Dagger+1","Backflip","Cloak And Dagger+1","Tactician+1","Well Laid Plans+1","Venomology+1","Bullet Time+1","Calculated Gamble+1","Accuracy+1"],"relics":["Ring of the Snake","Boot","Gremlin Horn","WristBlade","Bag of Marbles","Oddly Smooth Stone","Toxic Egg 2","Red Mask","Busted Crown","StoneCalendar","Pocketwatch","Pantograph","Snake Skull"],"acts_visited":["Exordium","TheCity","TheBeyond"],"potions_floor_usage":[50,50],"damage_taken":[{"damage":4.0,"enemies":"Jaw Worm","floor":1.0,"turns":5.0},{"damage":3.0,"enemies":"Cultist","floor":3.0,"turns":6.0},{"damage":1.0,"enemies":"2 Louse","floor":4.0,"turns":3.0},{"damage":8.0,"enemies":"Large Slime","floor":5.0,"turns":9.0},{"damage":0.0,"enemies":"Blue Slaver","floor":6.0,"turns":3.0},{"damage":0.0,"enemies":"2 Fungi Beasts","floor":8.0,"turns":4.0},{"damage":0.0,"enemies":"Exordium Wildlife","floor":10.0,"turns":4.0},{"damage":0.0,"enemies":"Looter","floor":12.0,"turns":2.0},{"damage":0.0,"enemies":"Exordium Thugs","floor":14.0,"turns":3.0},{"damage":23.0,"enemies":"The Guardian","floor":16.0,"turns":15.0},{"damage":0.0,"enemies":"3 Byrds","floor":18.0,"turns":2.0},{"damage":1.0,"enemies":"2 Thieves","floor":20.0,"turns":3.0},{"damage":0.0,"enemies":"3 Cultists","floor":27.0,"turns":2.0},{"damage":0.0,"enemies":"Snecko","floor":28.0,"turns":2.0},{"damage":0.0,"enemies":"Snake Plant","floor":29.0,"turns":2.0},{"damage":0.0,"enemies":"Centurion and Healer","floor":30.0,"turns":2.0},{"damage":0.0,"enemies":"Masked Bandits","floor":31.0,"turns":2.0},{"damage":46.0,"enemies":"Collector","floor":33.0,"turns":9.0},{"damage":0.0,"enemies":"Orb Walker","floor":35.0,"turns":2.0},{"damage":0.0,"enemies":"Mind Bloom Boss Battle","floor":36.0,"turns":7.0},{"damage":0.0,"enemies":"2 Orb Walkers","floor":38.0,"turns":3.0},{"damage":0.0,"enemies":"3 Darklings","floor":45.0,"turns":3.0},{"damage":2.0,"enemies":"Reptomancer","floor":47.0,"turns":3.0},{"damage":0.0,"enemies":"Transient","floor":48.0,"turns":5.0},{"damage":17,"enemies":"Time Eater","floor":50,"turns":6}],"seed_played":"-8189628994570233489","potions_obtained":[{"floor":4.0,"key":"Explosive Potion"},{"floor":5.0,"key":"DistilledChaos"},{"floor":6.0,"key":"FearPotion"},{"floor":14.0,"key":"SkillPotion"},{"floor":20.0,"key":"Fruit Juice"},{"floor":28.0,"key":"EntropicBrew"},{"floor":30.0,"key":"Fruit Juice"},{"floor":31.0,"key":"Explosive Potion"},{"floor":33.0,"key":"CultistPotion"}],"is_trial":false,"path_per_floor":["M","?","M","M","M","M","$","M","T","M","T","M","R","M","R","B",null,"M","?","M","?","?","R","$","?","T","M","M","M","M","?","R","B",null,"M","?","$","?","?","R","?","R","T","R","M","R","E","M","R","B",null],"character_chosen":"THE_SILENT","items_purchased":["Backflip","Oddly Smooth Stone","Accuracy"],"campfire_rested":0,"item_purchase_floors":[24,24,37],"current_hp_per_floor":[59,52,49,48,40,40,40,40,40,40,40,40,40,40,40,17,57,57,57,56,56,56,56,56,56,56,56,56,56,66,66,66,20,65,65,65,65,65,55,55,55,55,55,55,55,55,53,53,53,61],"gold":106,"neow_bonus":"REMOVE_TWO","is_daily":false,"chose_seed":false,"campfire_upgraded":9,"win_rate":0.0,"timestamp":1612257314,"path_taken":["M","?","?","M","M","M","?","M","T","M","?","M","R","M","R","BOSS","M","?","M","?","?","R","?","?","T","?","M","M","M","?","R","BOSS","M","?","$","?","?","R","?","R","T","R","M","R","E","?","R","BOSS"],"items_purchased_type":["Card","Relic","Card"],"build_version":"2020-12-22","purchased_purges":2,"victory":true,"max_hp_per_floor":[70,70,70,70,70,70,70,70,70,70,70,70,70,70,70,70,70,70,70,70,70,70,70,70,70,70,70,70,70,80,80,80,80,80,80,80,80,80,80,80,80,80,80,80,80,80,80,80,80,80],"card_choices":[{"not_picked":["Accuracy","Caltrops"],"picked":"PiercingWail","floor":1.0},{"not_picked":["Poisoned Stab","Slice"],"picked":"Dagger Spray","floor":3.0},{"not_picked":["Distraction","Catalyst"],"picked":"Backflip","floor":4.0},{"not_picked":["Dodge and Roll","Dagger Throw"],"picked":"Masterful Stab","floor":5.0},{"not_picked":["Dagger Spray","Finisher"],"picked":"Blur","floor":6.0},{"not_picked":["Outmaneuver","Accuracy"],"picked":"Slice","floor":8.0},{"not_picked":["Deflect","Setup"],"picked":"Blade Dance","floor":10.0},{"not_picked":["Dagger Spray","Outmaneuver"],"picked":"Blade Dance","floor":12.0},{"not_picked":["Storm of Steel","Dodge and Roll"],"picked":"Prepared","floor":14.0},{"not_picked":["Venomology","Tools of the Trade"],"picked":"Adrenaline","floor":16.0},{"not_picked":["All Out Attack+1","Dodge and Roll","Slice+1"],"picked":"SKIP","floor":18.0},{"not_picked":["Blade Dance+1","Infinite Blades"],"picked":"Escape Plan","floor":20.0},{"not_picked":["Concentrate+1","Dagger Throw+1","Backflip+1"],"picked":"SKIP","floor":27.0},{"not_picked":["Dodge and Roll+1","Crippling Poison+1"],"picked":"Cloak And Dagger+1","floor":28.0},{"not_picked":["Flechettes","Dash+1"],"picked":"Tactician+1","floor":29.0},{"not_picked":["Noxious Fumes+1","Eviscerate"],"picked":"Well Laid Plans+1","floor":30.0},{"not_picked":["Deadly Poison+1","Quick Slash+1"],"picked":"Venomology+1","floor":31.0},{"not_picked":["Tools of the Trade","Unload"],"picked":"Bullet Time+1","floor":33.0},{"not_picked":[],"picked":"Calculated Gamble+1","floor":35.0},{"not_picked":["Well Laid Plans"],"picked":"SKIP","floor":45.0},{"not_picked":["Slice+1"],"picked":"SKIP","floor":47.0},{"not_picked":["Well Laid Plans+1"],"picked":"SKIP","floor":48.0}],"player_experience":100881,"relics_obtained":[{"floor":9.0,"key":"Boot"},{"floor":11.0,"key":"Gremlin Horn"},{"floor":26.0,"key":"Toxic Egg 2"},{"floor":31.0,"key":"Red Mask"},{"floor":36.0,"key":"StoneCalendar"},{"floor":38.0,"key":"Pocketwatch"},{"floor":43.0,"key":"Pantograph"},{"floor":47.0,"key":"Snake Skull"}],"event_choices":[{"damage_healed":0.0,"max_hp_gain":0.0,"max_hp_loss":0.0,"gold_gain":0.0,"event_name":"Wheel of Change","player_choice":"Damaged","floor":2.0,"gold_loss":0.0,"damage_taken":7.0},{"damage_healed":0.0,"max_hp_gain":0.0,"max_hp_loss":0.0,"gold_gain":99.0,"event_name":"Nest","player_choice":"Stole From Cult","floor":19.0,"gold_loss":0.0,"damage_taken":0.0},{"damage_healed":0.0,"max_hp_gain":0.0,"max_hp_loss":0.0,"gold_gain":0.0,"event_name":"Addict","player_choice":"Obtained Relic","floor":21.0,"gold_loss":85.0,"damage_taken":0.0,"relics_obtained":["Bag of Marbles"]},{"damage_healed":0.0,"max_hp_gain":0.0,"max_hp_loss":0.0,"gold_gain":0.0,"event_name":"The Library","player_choice":"Read","floor":22.0,"gold_loss":0.0,"damage_taken":0.0,"cards_obtained":["Cloak And Dagger"]},{"cards_removed":["Strike_G"],"damage_healed":0.0,"max_hp_gain":0.0,"max_hp_loss":0.0,"gold_gain":0.0,"event_name":"Back to Basics","player_choice":"Elegance","floor":25.0,"gold_loss":0.0,"damage_taken":0.0},{"damage_healed":0.0,"max_hp_gain":0.0,"max_hp_loss":0.0,"gold_gain":0.0,"event_name":"Masked Bandits","player_choice":"Fought Bandits","floor":31.0,"gold_loss":0.0,"damage_taken":0.0},{"damage_healed":0.0,"max_hp_gain":0.0,"max_hp_loss":0.0,"gold_gain":0.0,"event_name":"MindBloom","player_choice":"Fight","floor":36.0,"gold_loss":0.0,"damage_taken":0.0},{"damage_healed":0.0,"max_hp_gain":0.0,"max_hp_loss":0.0,"gold_gain":0.0,"event_name":"Mysterious Sphere","player_choice":"Fight","floor":38.0,"gold_loss":0.0,"damage_taken":0.0},{"damage_healed":0.0,"max_hp_gain":0.0,"max_hp_loss":0.0,"gold_gain":0.0,"event_name":"SensoryStone","player_choice":"Memory 3","floor":39.0,"gold_loss":0.0,"damage_taken":10.0},{"cards_removed":["Strike_G"],"damage_healed":0.0,"max_hp_gain":0.0,"max_hp_loss":0.0,"gold_gain":0.0,"event_name":"Designer","player_choice":"Upgrade and Remove","floor":41.0,"gold_loss":90.0,"damage_taken":0.0,"cards_upgraded":["Neutralize"]}],"is_beta":false,"boss_relics":[{"not_picked":["Fusion Hammer","Astrolabe"],"picked":"WristBlade"},{"not_picked":["Runic Pyramid","Runic Dome"],"picked":"Busted Crown"}],"items_purged_floors":[24,37],"is_endless":false,"potions_floor_spawned":[4,5,6,14,20,28,30,31,33,35,36,47],"ascension_level":10}}