{"host":"nozk9xg7ssf2drdi","time":1612246002,"event":{"mods":["BaseMod","Colored Map","Minty Spire (QoL Compilation)","Relic Stats","Slay the Relics Exporter","StSLib","everything is the same but u backflip on backflip"],"gold_per_floor":[112,112,137,157,232,284,284,336,336,388,388,25,25,54,54,156,156,183,207,207,241,273,318,350,393,402,402,426,453,486,184,184,291,318,345,358,358,382,401,441,441,464,497,497,547,547,572,617,617,617,617,617,617,4,40,40],"floor_reached":57,"language":"ENG","playtime":13609,"items_purged":["Strike_P","Pain","Clumsy"],"score":3065,"play_id":"c9b934d1-6f1b-45e0-9852-af7ee0490e6c","local_time":"20210202000642","is_ascension_mode":true,"campfire_choices":[{"floor":7,"key":"REST"},{"data":"SashWhip","floor":11,"key":"SMITH"},{"data":"Tantrum","floor":13,"key":"SMITH"},{"data":"Wallop","floor":15,"key":"SMITH"},{"floor":27,"key":"REST"},{"floor":32,"key":"RECALL"},{"floor":41,"key":"DIG"},{"floor":46,"key":"DIG"},{"floor":49,"key":"DIG"},{"data":"Ragnarok","floor":53,"key":"SMITH"}],"circlet_count":0,"master_deck":["AscendersBane","Strike_P+1","Defend_P+1","Defend_P+1","Defend_P+1","Defend_P+1","Eruption+1","Vigilance+1","Meditate","SashWhip+1","Indignation","CutThroughFate","Tantrum+1","Wallop+1","FearNoEvil+1","Wallop+1","ThirdEye+1","Halt+1","ThirdEye+1","Vault+1","Ghostly+1","Ghostly+1","Ghostly+1","Adaptation","InnerPeace+1","Ragnarok+1","WaveOfTheHand+1","WindmillStrike+1","Meditate+1","Halt+1","BowlingBash","SpiritShield+1","ClearTheMind+1","Scrawl+1"],"relics":["PureWater","NeowsBlessing","Golden Idol","Anchor","CeramicFish","Gambling Chip","Singing Bowl","Bird Faced Urn","Sling","Cursed Key","Nilry\u0027s Codex","Toxic Egg 2","Vajra","Mango","Astrolabe","Shovel","Pear","Bag of Marbles","Boot","Pantograph","StrikeDummy","Nunchaku","Torii","Akabeko"],"acts_visited":["Exordium","TheCity","TheBeyond","TheEnding"],"potions_floor_usage":[8,19,23,42,45,56,56],"damage_taken":[{"damage":0,"enemies":"Small Slimes","floor":1,"turns":1},{"damage":0,"enemies":"Jaw Worm","floor":4,"turns":1},{"damage":0,"enemies":"3 Sentries","floor":6,"turns":1},{"damage":17,"enemies":"Lagavulin","floor":8,"turns":5},{"damage":12,"enemies":"Gremlin Nob","floor":10,"turns":3},{"damage":0,"enemies":"Cultist","floor":14,"turns":1},{"damage":7,"enemies":"Hexaghost","floor":16,"turns":6},{"damage":12,"enemies":"3 Byrds","floor":18,"turns":4},{"damage":0,"enemies":"Shell Parasite","floor":19,"turns":4},{"damage":10,"enemies":"Snake Plant","floor":21,"turns":4},{"damage":0,"enemies":"Chosen and Byrds","floor":22,"turns":4},{"damage":0,"enemies":"Slavers","floor":23,"turns":3},{"damage":0,"enemies":"Snecko","floor":24,"turns":2},{"damage":0,"enemies":"Gremlin Leader","floor":25,"turns":4},{"damage":4,"enemies":"Centurion and Healer","floor":28,"turns":29},{"damage":2,"enemies":"Book of Stabbing","floor":30,"turns":4},{"damage":2,"enemies":"Champ","floor":33,"turns":14},{"damage":0,"enemies":"Orb Walker","floor":35,"turns":4},{"damage":2,"enemies":"3 Darklings","floor":36,"turns":5},{"damage":0,"enemies":"4 Shapes","floor":38,"turns":3},{"damage":27,"enemies":"Maw","floor":39,"turns":13},{"damage":0,"enemies":"Giant Head","floor":40,"turns":7},{"damage":0,"enemies":"Spire Growth","floor":42,"turns":5},{"damage":0,"enemies":"Reptomancer","floor":45,"turns":3},{"damage":0,"enemies":"4 Shapes","floor":47,"turns":7},{"damage":1,"enemies":"Giant Head","floor":48,"turns":6},{"damage":31,"enemies":"Donu and Deca","floor":50,"turns":10},{"damage":19,"enemies":"Time Eater","floor":51,"turns":10},{"damage":1,"enemies":"Shield and Spear","floor":55,"turns":6},{"damage":77,"enemies":"The Heart","floor":56,"turns":9}],"seed_played":"-4274931659159097202","potions_obtained":[{"floor":1,"key":"SpeedPotion"},{"floor":8,"key":"SmokeBomb"},{"floor":19,"key":"GamblersBrew"},{"floor":21,"key":"EssenceOfSteel"},{"floor":28,"key":"Dexterity Potion"},{"floor":30,"key":"LiquidBronze"},{"floor":36,"key":"Swift Potion"},{"floor":42,"key":"EssenceOfSteel"},{"floor":47,"key":"CultistPotion"}],"is_trial":false,"path_per_floor":["M","?","T","M","?","E","R","E","T","E","R","$","R","M","R","B",null,"M","M","?","M","M","E","M","E","T","R","M","?","E","$","R","B",null,"M","M","?","M","M","E","R","M","T","?","E","R","M","E","R","B","B",null,"R","$","E","B",null],"character_chosen":"WATCHER","items_purchased":["Tantrum","Sling","AttackPotion","Adaptation","InnerPeace+1","Swift Potion","Torii","Scrawl+1"],"campfire_rested":2,"item_purchase_floors":[12,12,12,31,31,31,54,54],"current_hp_per_floor":[61,38,38,38,27,27,47,30,30,18,18,18,18,18,18,11,54,42,44,23,15,17,17,17,21,21,42,66,36,50,50,50,51,52,52,54,64,66,49,59,69,71,71,71,75,75,79,80,80,53,67,78,78,78,79,9],"gold":40,"neow_bonus":"THREE_ENEMY_KILL","is_daily":false,"chose_seed":false,"campfire_upgraded":4,"win_rate":0.0,"timestamp":1612246002,"path_taken":["M","?","?","M","?","E","R","E","T","E","R","?","R","M","R","BOSS","M","M","?","M","M","E","M","E","T","R","M","?","E","$","R","BOSS","M","M","?","M","?","E","R","M","T","?","E","R","M","E","R","BOSS","BOSS","R","$","E","BOSS"],"items_purchased_type":["Card","Relic","Potion","Card","Card","Potion","Relic","Card"],"build_version":"2020-12-22","purchased_purges":3,"victory":true,"max_hp_per_floor":[68,68,68,68,68,68,68,68,68,68,68,68,68,68,68,68,68,68,70,70,70,70,70,70,72,72,72,72,36,52,52,52,52,52,52,54,64,66,68,70,80,80,80,80,80,80,82,82,82,82,82,82,82,82,84,84],"relic_stats":{"Singing Bowl":18,"Torii":51,"counters":[30,178],"Golden Idol":236,"CeramicFish":252,"Astrolabe":["WaveOfTheHand","WindmillStrike","Meditate"],"Cursed Key":2,"Boot":[31],"Nunchaku":[7],"Shovel":3,"Gambling Chip":[80],"Bird Faced Urn":[77],"Pantograph":32,"obtain_stats":[{"Pear":41,"NeowsBlessing":0,"Singing Bowl":9,"Torii":54,"Golden Idol":2,"Nilry\u0027s Codex":20,"CeramicFish":6,"Astrolabe":34,"Vajra":25,"Mango":30,"Sling":12,"Cursed Key":17,"Boot":45,"Akabeko":55,"Anchor":3,"Nunchaku":49,"Shovel":40,"Gambling Chip":8,"Bird Faced Urn":10,"Pantograph":46,"Bag of Marbles":43,"PureWater":0,"Toxic Egg 2":23,"StrikeDummy":48},{"Pear":22,"NeowsBlessing":0,"Singing Bowl":4,"Torii":28,"Golden Idol":1,"Nilry\u0027s Codex":9,"CeramicFish":3,"Astrolabe":17,"Vajra":14,"Mango":16,"Sling":5,"Cursed Key":7,"Boot":24,"Akabeko":29,"Anchor":1,"Nunchaku":26,"Shovel":22,"Gambling Chip":4,"Bird Faced Urn":5,"Pantograph":24,"Bag of Marbles":23,"PureWater":0,"Toxic Egg 2":12,"StrikeDummy":26},{"Pear":122,"NeowsBlessing":0,"Singing Bowl":8,"Torii":163,"Golden Idol":1,"Nilry\u0027s Codex":26,"CeramicFish":3,"Astrolabe":90,"Vajra":43,"Mango":76,"Sling":11,"Cursed Key":18,"Boot":130,"Akabeko":169,"Anchor":1,"Nunchaku":143,"Shovel":122,"Gambling Chip":8,"Bird Faced Urn":11,"Pantograph":130,"Bag of Marbles":127,"PureWater":0,"Toxic Egg 2":37,"StrikeDummy":143}]},"card_choices":[{"not_picked":["DeceiveReality","Prostrate"],"picked":"Meditate","floor":1},{"not_picked":["Protect","Indignation"],"picked":"ReachHeaven","floor":4},{"not_picked":["Evaluate","Consecrate"],"picked":"SashWhip","floor":6},{"not_picked":["Wireheading","Evaluate"],"picked":"Indignation","floor":8},{"not_picked":["Pray","Consecrate"],"picked":"CutThroughFate","floor":10},{"not_picked":["EmptyFist","PathToVictory"],"picked":"Wallop","floor":14},{"not_picked":["Wish","Brilliance"],"picked":"LessonLearned","floor":16},{"not_picked":["BowlingBash","FlurryOfBlows"],"picked":"FearNoEvil+1","floor":18},{"not_picked":["EmptyBody","EmptyFist+1","Worship"],"picked":"Singing Bowl","floor":19},{"not_picked":["LessonLearned","ThirdEye"],"picked":"Wallop","floor":21},{"not_picked":["Halt","EmptyFist"],"picked":"ThirdEye+1","floor":22},{"not_picked":["ThirdEye+1","SashWhip"],"picked":"Halt+1","floor":23},{"not_picked":["ClearTheMind+1","EmptyBody+1"],"picked":"ThirdEye+1","floor":24},{"not_picked":["Protect+1","Sanctity+1","Crescendo+1"],"picked":"Singing Bowl","floor":25},{"not_picked":["FollowUp","SashWhip"],"picked":"Vault+1","floor":28},{"not_picked":["EmptyBody+1","BowlingBash","WindmillStrike"],"picked":"Singing Bowl","floor":30},{"not_picked":["LessonLearned","DevaForm"],"picked":"Ragnarok","floor":33},{"not_picked":["SashWhip","FlurryOfBlows"],"picked":"Halt+1","floor":35},{"not_picked":["Swivel+1","EmptyFist","WindmillStrike"],"picked":"Singing Bowl","floor":36},{"not_picked":["Study","EmptyFist","Indignation+1"],"picked":"Singing Bowl","floor":38},{"not_picked":["CutThroughFate","Consecrate","Prostrate+1"],"picked":"Singing Bowl","floor":39},{"not_picked":["BattleHymn","Worship+1","Evaluate+1"],"picked":"Singing Bowl","floor":40},{"not_picked":["CutThroughFate","Judgement+1"],"picked":"BowlingBash","floor":42},{"not_picked":["Sanctity+1","Meditate+1"],"picked":"SpiritShield+1","floor":45},{"not_picked":["FollowUp","CutThroughFate","Protect+1"],"picked":"Singing Bowl","floor":47},{"not_picked":["PathToVictory+1","Crescendo+1"],"picked":"ClearTheMind+1","floor":48},{"not_picked":["JustLucky","CutThroughFate","Protect+1"],"picked":"Singing Bowl","floor":55}],"player_experience":6019034,"relics_obtained":[{"floor":3,"key":"Anchor"},{"floor":6,"key":"CeramicFish"},{"floor":8,"key":"Gambling Chip"},{"floor":9,"key":"Singing Bowl"},{"floor":10,"key":"Bird Faced Urn"},{"floor":20,"key":"Nilry\u0027s Codex"},{"floor":23,"key":"Toxic Egg 2"},{"floor":25,"key":"Vajra"},{"floor":30,"key":"Mango"},{"floor":40,"key":"Shovel"},{"floor":41,"key":"Pear"},{"floor":43,"key":"Bag of Marbles"},{"floor":45,"key":"Boot"},{"floor":46,"key":"Pantograph"},{"floor":48,"key":"StrikeDummy"},{"floor":49,"key":"Nunchaku"},{"floor":55,"key":"Akabeko"}],"event_choices":[{"damage_healed":0,"gold_gain":0,"player_choice":"Take Damage","damage_taken":23,"relics_obtained":["Golden Idol"],"max_hp_gain":0,"max_hp_loss":0,"event_name":"Golden Idol","floor":2,"gold_loss":0},{"damage_healed":0,"gold_gain":75,"player_choice":"Gather Gold","damage_taken":11,"max_hp_gain":0,"max_hp_loss":0,"event_name":"World of Goop","floor":5,"gold_loss":0},{"damage_healed":0,"gold_gain":0,"player_choice":"Obtained Book","damage_taken":21,"max_hp_gain":0,"max_hp_loss":0,"event_name":"Cursed Tome","floor":20,"gold_loss":0},{"damage_healed":0,"gold_gain":0,"player_choice":"Became a Ghost","damage_taken":0,"max_hp_gain":0,"max_hp_loss":36,"event_name":"Ghosts","floor":29,"gold_loss":0,"cards_obtained":["Ghostly","Ghostly","Ghostly"]},{"cards_removed":["LessonLearned"],"damage_healed":0,"gold_gain":0,"player_choice":"Offered Rare","damage_taken":0,"max_hp_gain":10,"max_hp_loss":0,"event_name":"Bonfire Elementals","floor":37,"gold_loss":0},{"damage_healed":0,"gold_gain":0,"player_choice":"Ignored","damage_taken":0,"max_hp_gain":0,"max_hp_loss":0,"event_name":"Tomb of Lord Red Mask","floor":44,"gold_loss":0}],"is_beta":false,"boss_relics":[{"not_picked":["Coffee Dripper","Calling Bell"],"picked":"Cursed Key"},{"not_picked":["HolyWater","SacredBark"],"picked":"Astrolabe"}],"items_purged_floors":[12,31,54],"is_endless":false,"potions_floor_spawned":[1,8,16,19,21,28,30,33,36,42,47,48],"ascension_level":20}}