{"host":"6bsan6hkua32tfq7","time":1612241745,"event":{"mods":["BaseMod","Better Third Choice","Colored Map","Highlight Path","Minty Spire (QoL Compilation)","StSLib"],"gold_per_floor":[113,113,46,46,46,46,64,93,93,123,48,59,59,78,78,152,152,170,188,88,88,88],"floor_reached":21,"language":"ENG","playtime":415,"items_purged":["Strike_B","Strike_B"],"score":424,"play_id":"bf7c43f4-2533-461e-95d8-64260d240007","local_time":"20210202055545","is_ascension_mode":true,"campfire_choices":[{"data":"Zap","floor":6,"key":"SMITH"},{"data":"Creative AI","floor":13,"key":"SMITH"},{"floor":15,"key":"REST"}],"circlet_count":0,"master_deck":["AscendersBane","Strike_B","Strike_B","Defend_B","Defend_B","Defend_B","Zap+1","Dualcast","Ball Lightning","Compile Driver","Creative AI+1","Redo","Storm","Steam","Defragment","Biased Cognition"],"relics":["Cracked Core","NeowsBlessing","betterThird:SlimedRelic","Strawberry","Prayer Wheel","Orichalcum","Fusion Hammer"],"acts_visited":["Exordium","TheCity"],"potions_floor_usage":[21,21],"damage_taken":[{"damage":0,"enemies":"Jaw Worm","floor":1,"turns":1},{"damage":0,"enemies":"2 Louse","floor":7,"turns":1},{"damage":0,"enemies":"Lagavulin","floor":8,"turns":1},{"damage":44,"enemies":"Gremlin Nob","floor":10,"turns":4},{"damage":0,"enemies":"Cultist","floor":12,"turns":3},{"damage":6,"enemies":"Looter","floor":14,"turns":3},{"damage":30,"enemies":"Slime Boss","floor":16,"turns":8},{"damage":22,"enemies":"Shell Parasite","floor":18,"turns":5},{"damage":16,"enemies":"Spheric Guardian","floor":19,"turns":4},{"damage":24,"enemies":"3 Cultists","floor":21,"turns":3}],"seed_played":"8215897241535312486","potions_obtained":[{"floor":14,"key":"Weak Potion"},{"floor":16,"key":"LiquidMemories"}],"is_trial":false,"path_per_floor":["M","?","?","$","?","R","M","E","T","E","$","M","R","M","R","B",null,"M","M","$","M"],"character_chosen":"DEFECT","items_purchased":[],"campfire_rested":1,"item_purchase_floors":[],"current_hp_per_floor":[64,64,53,53,53,53,53,60,60,16,16,16,16,10,33,3,59,37,21,21,0,0],"gold":88,"neow_bonus":"THREE_ENEMY_KILL","is_daily":false,"chose_seed":false,"campfire_upgraded":2,"win_rate":0.0,"timestamp":1612241745,"path_taken":["M","?","?","$","?","R","M","E","T","E","?","M","R","M","R","BOSS","M","M","$","M"],"items_purchased_type":[],"build_version":"2020-12-22","purchased_purges":2,"victory":false,"max_hp_per_floor":[71,71,71,71,71,71,71,78,78,78,78,78,78,78,78,78,78,78,78,78,78,78],"card_choices":[{"not_picked":["Hologram","Double Energy"],"picked":"Ball Lightning","floor":1},{"not_picked":["Redo","Stack"],"picked":"Compile Driver","floor":7},{"not_picked":["Static Discharge","BootSequence"],"picked":"Creative AI","floor":8},{"not_picked":["Compile Driver","Heatsinks"],"picked":"Redo","floor":10},{"not_picked":["Streamline","Leap"],"picked":"Storm","floor":12},{"not_picked":["Rebound","Stack","Steam Power"],"picked":"SKIP","floor":12},{"not_picked":["All For One","Stack","Ball Lightning"],"picked":"SKIP","floor":14},{"not_picked":["Gash","Leap","Redo"],"picked":"SKIP","floor":14},{"not_picked":["BootSequence","Sweeping Beam"],"picked":"Steam","floor":18},{"not_picked":["Coolheaded","Stack"],"picked":"Defragment","floor":18},{"not_picked":["Undo","Turbo"],"picked":"Biased Cognition","floor":19},{"not_picked":["Leap","Fusion","Hologram+1"],"picked":"SKIP","floor":19}],"player_experience":5369351,"relics_obtained":[{"floor":8,"key":"Strawberry"},{"floor":9,"key":"Prayer Wheel"},{"floor":10,"key":"Orichalcum"}],"event_choices":[{"cards_removed":["Defend_B"],"damage_healed":0,"gold_gain":0,"player_choice":"Forget","damage_taken":0,"max_hp_gain":0,"max_hp_loss":0,"event_name":"Living Wall","floor":2,"gold_loss":0},{"damage_healed":0,"gold_gain":0,"player_choice":"Slimed","damage_taken":11,"max_hp_gain":0,"max_hp_loss":0,"event_name":"betterThird:BetterGoop","floor":3,"gold_loss":67},{"damage_healed":0,"gold_gain":0,"player_choice":"Ignored","damage_taken":46,"max_hp_gain":0,"max_hp_loss":0,"event_name":"betterThird:BetterSerpent","floor":5,"gold_loss":0}],"is_beta":false,"boss_relics":[{"not_picked":["Astrolabe","SlaversCollar"],"picked":"Fusion Hammer"}],"items_purged_floors":[11,20],"is_endless":false,"potions_floor_spawned":[14,16,18],"killed_by":"3 Cultists","ascension_level":20}}