{"host":"6bsan6hkua32tfq7","time":1612302790,"event":{"mods":["BaseMod","Better Third Choice","Colored Map","Highlight Path","Minty Spire (QoL Compilation)","StSLib"],"gold_per_floor":[116,116,41,55,55,55,89,105,105,105,129,129,169,183,183,281,281,304,304,319,239,239,239,252,273,273,273,35,35,35,50,50,50,50],"floor_reached":33,"language":"ENG","playtime":1271,"items_purged":["Defend_G","Strike_G","Strike_G"],"score":560,"play_id":"930d3e02-cee6-4c96-b599-4cb63a5eeb5a","local_time":"20210202225310","is_ascension_mode":true,"campfire_choices":[{"data":"Intimidate","floor":6,"key":"SMITH"},{"floor":12,"key":"REST"},{"data":"Terror","floor":15,"key":"SMITH"},{"floor":23,"key":"REST"},{"floor":27,"key":"REST"},{"data":"Malaise","floor":30,"key":"SMITH"},{"data":"Deadly Poison","floor":32,"key":"SMITH"}],"circlet_count":0,"master_deck":["AscendersBane","Strike_G","Strike_G","Defend_G","Defend_G","Defend_G","Survivor","Neutralize","Flying Knee","Intimidate+1","Dodge and Roll","Burst","Dagger Throw","Predator","Terror+1","Deflect","Malaise+1","Deadly Poison+1","Crippling Poison"],"relics":["Ring of the Snake","NeowsBlessing","Regal Pillow","Mercury Hourglass","Omamori","Golden Idol","The Courier","Philosopher\u0027s Stone","MutagenicStrength","Singing Bowl","ClockworkSouvenir"],"acts_visited":["Exordium","TheCity"],"potions_floor_usage":[16],"damage_taken":[{"damage":0,"enemies":"Jaw Worm","floor":1,"turns":1},{"damage":0,"enemies":"2 Louse","floor":4,"turns":1},{"damage":0,"enemies":"Lagavulin","floor":7,"turns":1},{"damage":1,"enemies":"Small Slimes","floor":8,"turns":3},{"damage":5,"enemies":"Blue Slaver","floor":11,"turns":4},{"damage":24,"enemies":"3 Sentries","floor":13,"turns":7},{"damage":2,"enemies":"Exordium Thugs","floor":14,"turns":3},{"damage":29,"enemies":"The Guardian","floor":16,"turns":14},{"damage":7,"enemies":"3 Byrds","floor":18,"turns":6},{"damage":15,"enemies":"2 Thieves","floor":20,"turns":4},{"damage":7,"enemies":"3 Cultists","floor":24,"turns":6},{"damage":20,"enemies":"Centurion and Healer","floor":25,"turns":7},{"damage":10,"enemies":"Snecko","floor":31,"turns":5},{"damage":105,"enemies":"Collector","floor":33,"turns":9}],"seed_played":"8631100911386603488","potions_obtained":[{"floor":8,"key":"FearPotion"},{"floor":11,"key":"Swift Potion"},{"floor":18,"key":"Dexterity Potion"},{"floor":31,"key":"FairyPotion"}],"is_trial":false,"path_per_floor":["M","?","$","M","?","R","E","M","T","?","M","R","E","M","R","B",null,"M","?","M","$","?","R","M","M","T","R","$","?","R","M","R","B"],"character_chosen":"THE_SILENT","items_purchased":["ClockworkSouvenir"],"campfire_rested":3,"item_purchase_floors":[28],"current_hp_per_floor":[59,36,36,36,29,29,29,28,28,28,23,56,32,30,30,1,45,38,38,23,23,17,50,43,23,23,56,56,56,56,48,48,0,0],"gold":50,"neow_bonus":"THREE_ENEMY_KILL","is_daily":false,"chose_seed":false,"campfire_upgraded":4,"win_rate":0.0,"timestamp":1612302790,"path_taken":["M","?","$","M","?","R","E","M","T","?","M","R","E","M","R","BOSS","M","?","M","$","?","R","M","?","T","R","$","?","R","M","R","BOSS"],"items_purchased_type":["Relic"],"build_version":"2020-12-22","purchased_purges":3,"victory":false,"max_hp_per_floor":[66,66,66,66,66,66,66,66,66,60,60,60,60,60,60,60,60,60,60,60,60,60,60,60,60,60,60,60,60,60,62,62,62,62],"card_choices":[{"not_picked":["Sucker Punch","Expertise"],"picked":"Flying Knee","floor":1},{"not_picked":["Caltrops","Calculated Gamble"],"picked":"Dodge and Roll","floor":4},{"not_picked":["Riddle With Holes","Poisoned Stab"],"picked":"Burst","floor":7},{"not_picked":["Cloak And Dagger","Setup"],"picked":"Dagger Throw","floor":8},{"not_picked":["Riddle With Holes","Prepared"],"picked":"Predator","floor":11},{"not_picked":["Deflect","Adrenaline"],"picked":"Terror","floor":13},{"not_picked":["PiercingWail","Acrobatics"],"picked":"Deflect","floor":14},{"not_picked":["Envenom","Unload"],"picked":"Malaise","floor":16},{"not_picked":["Masterful Stab","Escape Plan"],"picked":"Deadly Poison","floor":18},{"not_picked":["Blade Dance","Underhanded Strike"],"picked":"Crippling Poison","floor":20},{"not_picked":["Sucker Punch","Poisoned Stab","Distraction"],"picked":"SKIP","floor":24},{"not_picked":["Blade Dance","Underhanded Strike","Envenom"],"picked":"SKIP","floor":25},{"not_picked":["Caltrops","Deadly Poison","Calculated Gamble"],"picked":"Singing Bowl","floor":31}],"player_experience":5390849,"relics_obtained":[{"floor":7,"key":"Mercury Hourglass"},{"floor":9,"key":"Omamori"},{"floor":13,"key":"The Courier"},{"floor":26,"key":"Singing Bowl"}],"event_choices":[{"cards_removed":["Defend_G"],"damage_healed":0,"gold_gain":0,"player_choice":"Card Removal","damage_taken":7,"max_hp_gain":0,"max_hp_loss":0,"event_name":"Golden Wing","floor":5,"gold_loss":0},{"damage_healed":0,"gold_gain":0,"player_choice":"Lose Max HP","damage_taken":0,"relics_obtained":["Golden Idol"],"max_hp_gain":0,"max_hp_loss":6,"event_name":"Golden Idol","floor":10,"gold_loss":0},{"damage_healed":0,"gold_gain":0,"player_choice":"Inject Mutagens","damage_taken":0,"relics_obtained":["MutagenicStrength"],"max_hp_gain":0,"max_hp_loss":0,"event_name":"Drug Dealer","floor":19,"gold_loss":0},{"damage_healed":0,"gold_gain":0,"player_choice":"","damage_taken":6,"max_hp_gain":0,"max_hp_loss":0,"event_name":"Knowing Skull","floor":22,"potions_obtained":[],"gold_loss":0,"cards_obtained":[]},{"cards_removed":["Strike_G"],"damage_healed":0,"gold_gain":0,"player_choice":"Elegance","damage_taken":0,"max_hp_gain":0,"max_hp_loss":0,"event_name":"betterThird:BetterWriting","floor":29,"gold_loss":0}],"is_beta":false,"boss_relics":[{"not_picked":["Empty Cage","Calling Bell"],"picked":"Philosopher\u0027s Stone"}],"items_purged_floors":[3,21,28],"is_endless":false,"potions_floor_spawned":[8,11,13,14,18,24,31],"killed_by":"Collector","ascension_level":20}}