{"host":"xltl1aroowo69o4n","time":1612307361,"event":{"mods":["BaseMod","Colored Map","Colored Powertips","Downfall","Minty Spire (QoL Compilation)","StSLib","The Cursed","The Hierophant","The Mystic"],"gold_per_floor":[114,140,163,191,40,40,21,21,21],"floor_reached":8,"language":"ENG","playtime":511,"items_purged":[],"score":50,"play_id":"d1a3fb23-10d1-4712-a119-02674ab9a0db","local_time":"20210202180921","is_ascension_mode":false,"campfire_choices":[{"floor":6.0,"key":"RECALL"}],"circlet_count":0,"master_deck":["hierophant:Strike_Hierophant","hierophant:Strike_Hierophant","hierophant:Strike_Hierophant","hierophant:Strike_Hierophant","hierophant:Punish","hierophant:Defend_Hierophant","hierophant:Defend_Hierophant","hierophant:Defend_Hierophant","hierophant:Defend_Hierophant","hierophant:ChurchCoffers","hierophant:Doubloon","hierophant:Charity","hierophant:HammerAndAnvil","hierophant:MorningPrayer","hierophant:Smite","hierophant:Doubloon"],"relics":["hierophant:PropheticMaskRelic","NeowsBlessing","Lee\u0027s Waffle"],"acts_visited":["Exordium"],"potions_floor_usage":[8],"damage_taken":[{"damage":0.0,"enemies":"Cultist","floor":1.0,"turns":1.0},{"damage":0.0,"enemies":"Jaw Worm","floor":2.0,"turns":1.0},{"damage":0.0,"enemies":"Small Slimes","floor":3.0,"turns":1.0},{"damage":6.0,"enemies":"3 Louse","floor":4.0,"turns":4.0},{"damage":15,"enemies":"Looter","floor":7,"turns":4},{"damage":68,"enemies":"Gremlin Nob","floor":8,"turns":6}],"seed_played":"-4005847628152336558","potions_obtained":[{"floor":2.0,"key":"BlessingOfTheForge"},{"floor":3.0,"key":"Block Potion"},{"floor":7,"key":"Energy Potion"}],"is_trial":false,"path_per_floor":["M","M","M","M","$","R","M","E"],"character_chosen":"HIEROPHANT","items_purchased":["Lee\u0027s Waffle"],"campfire_rested":0,"item_purchase_floors":[5],"current_hp_per_floor":[75,75,75,69,82,82,67,0,0],"gold":21,"neow_bonus":"THREE_ENEMY_KILL","is_daily":false,"chose_seed":false,"campfire_upgraded":0,"win_rate":0.0,"timestamp":1612307361,"path_taken":["M","M","M","?","$","R","M","E"],"items_purchased_type":["Relic"],"build_version":"2020-12-13","purchased_purges":0,"victory":false,"max_hp_per_floor":[75,75,75,75,82,82,82,82,82],"card_choices":[{"not_picked":["hierophant:Doubloon","hierophant:Zeal"],"picked":"hierophant:Charity","floor":1.0},{"not_picked":["hierophant:AuricBeam","hierophant:FieryStrike"],"picked":"hierophant:HammerAndAnvil","floor":2.0},{"not_picked":["hierophant:Chorus","hierophant:PassingBell"],"picked":"hierophant:MorningPrayer","floor":3.0},{"not_picked":["hierophant:FlamingChariot","hierophant:Purify"],"picked":"hierophant:Smite","floor":4.0},{"not_picked":["hierophant:Prophecy","hierophant:MintersHammer"],"picked":"hierophant:Doubloon","floor":7}],"player_experience":103228,"relics_obtained":[],"event_choices":[],"is_beta":false,"boss_relics":[],"items_purged_floors":[],"is_endless":false,"potions_floor_spawned":[2,3,7],"killed_by":"Gremlin Nob","ascension_level":0}}