{"host":"q6r63elxu27obe7v","time":1612279906,"event":{"mods":["2.2 Compatiblity","AchievementEnabler","BaseMod","CapriCore","Colored Map","DeckTracker","KOR Keyword Fix","Keyboard Shortcuts","Minty Spire (QoL Compilation)","Permanent Neow","Quick Restart","Replay The Spire","StSLib","SuperFastMode","everything is the same but u backflip on backflip","¡¼?Úª?ø«¡½REMEMod"],"gold_per_floor":[366,119,119,155,68,68,68,96,144,248,285,349,349,383,383,481,481,452,126,169,211,231,231,310,345,369,396,433,433,433,45,45,190,190,210,93,106,106,122,122,136,136,162,162,162,162,215,253,253,253,253],"floor_reached":50,"language":"KOR","playtime":2447,"items_purged":["Strike_R","Strike_R","Defend_R"],"score":1032,"play_id":"36969dd4-bf12-4a73-8a21-9fc950fddb2c","local_time":"20210203003146","is_ascension_mode":true,"campfire_choices":[{"data":"HandOfGreed","floor":6,"key":"SMITH"},{"data":"Body Slam","floor":13,"key":"SMITH"},{"floor":15,"key":"REST"},{"data":"Corruption","floor":23,"key":"SMITH"},{"floor":32,"key":"RECALL"},{"data":"Dark Embrace","floor":40,"key":"SMITH"},{"data":"Entrench","floor":42,"key":"SMITH"},{"data":"Immolate","floor":46,"key":"SMITH"},{"data":"Entrench","floor":49,"key":"SMITH"}],"circlet_count":0,"master_deck":["Strike_R","Strike_R","Defend_R","Defend_R","Defend_R","Bash","Bloodletting","HandOfGreed+1","Sword Boomerang","Shrug It Off","Second Wind","Impervious","Body Slam+1","Feel No Pain","Corruption+1","Shrug It Off","Dark Embrace+1","Body Slam+1","Battle Trance+1","Sentinel+1","Cleave","Shrug It Off","REME_FirmDetermination+1","Immolate+1","Flame Barrier","Disarm+1","Entrench+1","Dark Embrace+1","Entrench+1"],"relics":["Burning Blood","REME_ComplimentaryCards","CultistMask","Tiny Chest","Replay:Rubber Ducky","Anchor","Bronze Scales","Coffee Dripper","DollysMirror","Boot","Replay:Baseball","Replay:Mystery Machine","Blue Doll","The Courier","FossilizedHelix","Replay:Bronze Core","Bag of Marbles","Akabeko","REME_HourglassOfDeath","Paper Frog"],"acts_visited":["Exordium","TheCity","TheBeyond"],"potions_floor_usage":[8,10,14,14,16,25,50],"damage_taken":[{"damage":10,"enemies":"Cultist","floor":1,"turns":4},{"damage":7,"enemies":"2 Louse","floor":4,"turns":3},{"damage":10,"enemies":"Lagavulin","floor":8,"turns":7},{"damage":25,"enemies":"3 Sentries","floor":10,"turns":13},{"damage":2,"enemies":"Jaw Worm","floor":11,"turns":6},{"damage":20,"enemies":"Exordium Wildlife","floor":12,"turns":5},{"damage":2,"enemies":"Gremlin Nob","floor":14,"turns":4},{"damage":49,"enemies":"Fading Forest","floor":16,"turns":11},{"damage":6,"enemies":"2 Thieves","floor":18,"turns":5},{"damage":0,"enemies":"3 Byrds","floor":20,"turns":2},{"damage":5,"enemies":"Sentry and Sphere","floor":22,"turns":6},{"damage":0,"enemies":"Book of Stabbing","floor":25,"turns":4},{"damage":0,"enemies":"Gremlin Leader","floor":27,"turns":5},{"damage":0,"enemies":"Snake Plant","floor":28,"turns":4},{"damage":0,"enemies":"Pondfish","floor":33,"turns":5},{"damage":18,"enemies":"3 Darklings","floor":35,"turns":4},{"damage":0,"enemies":"3 Shapes","floor":37,"turns":3},{"damage":0,"enemies":"Spire Growth","floor":39,"turns":2},{"damage":0,"enemies":"Sphere and 2 Shapes","floor":41,"turns":3},{"damage":0,"enemies":"R_Hoarder","floor":47,"turns":5},{"damage":0,"enemies":"3 Darklings","floor":48,"turns":2},{"damage":86,"enemies":"Replay:Hell Engine","floor":50,"turns":9}],"seed_played":"4828972170090740206","potions_obtained":[{"floor":3,"key":"SteroidPotion"},{"floor":3,"key":"SneckoOil"},{"floor":3,"key":"Fire Potion"},{"floor":8,"key":"Toxic Potion"},{"floor":10,"key":"BloodPotion"},{"floor":11,"key":"Adrenaline Potion"},{"floor":20,"key":"Energy Potion"},{"floor":21,"key":"Adrenaline Potion"},{"floor":27,"key":"EssenceOfSteel"},{"floor":28,"key":"Death Potion"},{"floor":37,"key":"Fire Potion"}],"is_trial":false,"path_per_floor":["M","$","?","M","$","R","?","E","T","E","M","M","R","E","R_BF","B",null,"M","$","M","?","M","R","T","E","T","E","M","T","?","$","R","B",null,"M","$","M","?","M","R","M","R","T","T","?","R","E","M","R","B"],"character_chosen":"IRONCLAD","items_purchased":["HandOfGreed","Shrug It Off","Second Wind","Dark Embrace","DollysMirror","FossilizedHelix","REME_FirmDetermination+1","Bag of Marbles"],"campfire_rested":1,"item_purchase_floors":[2,5,5,19,19,31,31,36],"current_hp_per_floor":[52,52,52,51,51,51,51,47,47,44,48,34,34,38,62,19,80,80,80,80,60,61,61,61,67,67,73,79,79,79,79,79,80,80,68,68,74,74,80,80,80,80,80,80,80,80,80,80,80,0,0],"gold":253,"neow_bonus":"TWO_FIFTY_GOLD","is_daily":false,"chose_seed":false,"campfire_upgraded":7,"win_rate":0.0,"timestamp":1612279906,"path_taken":["M","$","?","?","$","R","?","E","T","E","M","?","R","E","R_BF","BOSS","M","$","M","?","M","R","?","E","T","E","M","?","?","?","R","BOSS","M","$","M","?","M","R","M","R","T","?","?","R","E","?","R","BOSS"],"items_purchased_type":["Card","Card","Card","Card","Relic","Relic","Card","Relic"],"build_version":"2020-12-22","purchased_purges":3,"victory":false,"max_hp_per_floor":[80,80,80,80,80,80,80,80,80,80,80,80,80,80,80,80,80,80,80,80,80,80,80,80,80,80,80,80,80,80,80,80,80,80,80,80,80,80,80,80,80,80,80,80,80,80,80,80,80,80,80],"card_choices":[{"not_picked":["Thunderclap","ReplayTheSpireMod:Limb From Limb"],"picked":"Bloodletting","floor":1},{"not_picked":["ReplayTheSpireMod:Limb From Limb","Perfected Strike"],"picked":"Sword Boomerang","floor":4},{"not_picked":["ReplayTheSpireMod:Corrosion Curse","Thunderclap"],"picked":"True Grit","floor":8},{"not_picked":["Massacre","Sword Boomerang"],"picked":"Impervious","floor":10},{"not_picked":["Twin Strike","ReplayTheSpireMod:LeadingStrike"],"picked":"Body Slam","floor":11},{"not_picked":["Heavy Blade","Flex"],"picked":"Feel No Pain","floor":12},{"not_picked":["Thunderclap","Juggernaut","Twin Strike"],"picked":"SKIP","floor":14},{"not_picked":["Fiend Fire","Demonic Infusion"],"picked":"Corruption","floor":16},{"not_picked":["Perfected Strike+1","Hemokinesis"],"picked":"Shrug It Off","floor":18},{"not_picked":["Warcry","Iron Wave","Headbutt"],"picked":"SKIP","floor":20},{"not_picked":["ReplayTheSpireMod:Strike From Hell","Intimidate"],"picked":"Battle Trance","floor":21},{"not_picked":["ReplayTheSpireMod:Corrosion Curse","Sentinel+1","Replay:Undeath\u0027s Touch+1"],"picked":"SKIP","floor":22},{"not_picked":["ReplayTheSpireMod:Corrosion Curse","Replay:Undeath\u0027s Touch+1"],"picked":"Sentinel+1","floor":22},{"not_picked":["Fiend Fire","Searing Blow"],"picked":"Cleave","floor":25},{"not_picked":["Clash","Rampage+1","Replay:Undeath\u0027s Touch"],"picked":"SKIP","floor":27},{"not_picked":["Cleave","Inflame+1"],"picked":"Shrug It Off","floor":28},{"not_picked":["Replay:Many Hands","Bludgeon"],"picked":"Immolate","floor":33},{"not_picked":["Anger","Iron Wave"],"picked":"Flame Barrier","floor":35},{"not_picked":["Sword Boomerang","Clash"],"picked":"Disarm+1","floor":37},{"not_picked":["Spot Weakness+1","ReplayTheSpireMod:Strike From Hell+1","Dual Wield+1"],"picked":"SKIP","floor":39},{"not_picked":["Iron Wave+1","Rage"],"picked":"Entrench","floor":41},{"not_picked":["Perfected Strike+1","Iron Wave+1"],"picked":"Dark Embrace+1","floor":47},{"not_picked":["Iron Wave","REME_Scribble"],"picked":"Entrench","floor":48}],"player_experience":106647,"relics_obtained":[{"floor":8,"key":"Tiny Chest"},{"floor":9,"key":"Replay:Rubber Ducky"},{"floor":10,"key":"Anchor"},{"floor":14,"key":"Bronze Scales"},{"floor":21,"key":"Boot"},{"floor":25,"key":"Replay:Baseball"},{"floor":26,"key":"Replay:Mystery Machine"},{"floor":27,"key":"Blue Doll"},{"floor":29,"key":"The Courier"},{"floor":43,"key":"Akabeko"},{"floor":44,"key":"REME_HourglassOfDeath"},{"floor":47,"key":"Paper Frog"}],"event_choices":[{"damage_healed":0,"gold_gain":0,"player_choice":"Got Potions","damage_taken":0,"max_hp_gain":0,"max_hp_loss":0,"event_name":"Lab","floor":3,"gold_loss":0},{"damage_healed":0,"gold_gain":0,"player_choice":"Trade","damage_taken":0,"relics_obtained":["CultistMask"],"max_hp_gain":0,"max_hp_loss":0,"event_name":"FaceTrader","floor":7,"gold_loss":0},{"cards_removed":["Strike_R"],"damage_healed":0,"gold_gain":0,"player_choice":"Elegance","damage_taken":0,"max_hp_gain":0,"max_hp_loss":0,"event_name":"Back to Basics","floor":30,"gold_loss":0},{"cards_removed":["True Grit"],"damage_healed":0,"gold_gain":0,"player_choice":"Removed Skill","damage_taken":0,"max_hp_gain":0,"max_hp_loss":0,"event_name":"Falling","floor":38,"gold_loss":0},{"damage_healed":0,"gold_gain":0,"player_choice":"Upgraded","damage_taken":0,"max_hp_gain":0,"max_hp_loss":0,"event_name":"Upgrade Shrine","floor":45,"gold_loss":0,"cards_upgraded":["Battle Trance"]}],"is_beta":false,"boss_relics":[{"not_picked":["Tiny House","Mark of Pain"],"picked":"Coffee Dripper"},{"not_picked":["REME_LowDesire","Runic Dome"],"picked":"Replay:Bronze Core"}],"items_purged_floors":[2,19,31],"is_endless":false,"potions_floor_spawned":[8,10,11,20,27,28,33,37,39,47,48],"killed_by":"Replay:Hell Engine","ascension_level":3}}