{"host":"19r1ww88x2tc73i0","time":1612246028,"event":{"mods":["BaseMod","BetterRewards","Colored Map","Minty Spire (QoL Compilation)","Relic Stats","StSLib","SuperFastMode","slay the spire mod where everything is the same but ironclad has a cowboy hat"],"gold_per_floor":[114,125,143,156,168,168,168,168],"floor_reached":7,"language":"ENG","playtime":251,"items_purged":[],"score":90,"play_id":"7fdb968e-0e8c-413b-99b9-dea8a6e46155","local_time":"25640202130708","is_ascension_mode":true,"campfire_choices":[{"data":"Streamline","floor":6,"key":"SMITH"}],"circlet_count":0,"master_deck":["AscendersBane","Strike_B","Strike_B","Strike_B","Strike_B","Defend_B","Defend_B","Defend_B","Defend_B","Zap","Dualcast","Rebound","Cold Snap","Streamline+1","Capacitor","Leap"],"relics":["Cracked Core"],"acts_visited":["Exordium"],"potions_floor_usage":[7],"damage_taken":[{"damage":1,"enemies":"Cultist","floor":1,"turns":3},{"damage":4,"enemies":"Small Slimes","floor":2,"turns":4},{"damage":3,"enemies":"2 Louse","floor":3,"turns":4},{"damage":9,"enemies":"Blue Slaver","floor":4,"turns":3},{"damage":14,"enemies":"Lots of Slimes","floor":5,"turns":4},{"damage":18,"enemies":"3 Sentries","floor":7,"turns":4}],"seed_played":"6375434748851955776","potions_obtained":[{"floor":2,"key":"PowerPotion"}],"is_trial":false,"path_per_floor":["M","M","M","M","M","R","E"],"character_chosen":"DEFECT","items_purchased":[],"campfire_rested":0,"item_purchase_floors":[],"current_hp_per_floor":[59,55,52,43,29,29,11,11],"gold":168,"neow_bonus":"TWENTY_PERCENT_HP_BONUS","is_daily":false,"chose_seed":false,"campfire_upgraded":1,"win_rate":0.0,"timestamp":1612246028,"path_taken":["M","?","M","M","M","R","E"],"items_purchased_type":[],"build_version":"2020-12-22","purchased_purges":0,"victory":false,"max_hp_per_floor":[85,85,85,85,85,85,85,85],"relic_stats":{"counters":[6,22],"obtain_stats":[{"Cracked Core":0},{"Cracked Core":0},{"Cracked Core":0}]},"card_choices":[{"not_picked":["Beam Cell","Aggregate"],"picked":"Rebound","floor":1},{"not_picked":["Conserve Battery","Tempest"],"picked":"Cold Snap","floor":2},{"not_picked":["Sunder","Leap"],"picked":"Streamline","floor":3},{"not_picked":["Doom and Gloom","Rebound"],"picked":"Capacitor","floor":4},{"not_picked":["Fusion","Barrage"],"picked":"Leap","floor":5}],"player_experience":988136,"relics_obtained":[],"event_choices":[],"is_beta":false,"boss_relics":[],"items_purged_floors":[],"is_endless":false,"potions_floor_spawned":[2],"killed_by":"3 Sentries","ascension_level":20}}