{"host":"f76wcztdlwlduum6","time":1612242416,"event":{"mods":["BaseMod","BetterRewards","Colored Powertips","Downfall","Minty Spire (QoL Compilation)","Quick Restart","Rare Cards Sparkle","Relic Stats","StSLib","SuperFastMode","everything is the same but u backflip on backflip"],"gold_per_floor":[110,110,37,52,227,227,256,275,299,311,375,375,375,417,417,526,526,539,449,466,127,227,266,266,191,191,221,249,258,297,317,317,421,421,440,458,458,282,282,312,312,312,312,324,357,357,380,420,420,420,420,420,248,283,283],"floor_reached":56,"language":"ENG","playtime":1855,"items_purged":["Eruption","Defend_P+1"],"score":2485,"play_id":"ad32b55d-e5b8-411f-bdcf-5ec7c29176d9","local_time":"20210201230656","is_ascension_mode":true,"campfire_choices":[{"data":"Sadistic Nature","floor":6,"key":"SMITH"},{"data":"1","floor":13,"key":"LIFT"},{"data":"2","floor":15,"key":"LIFT"},{"data":"3","floor":24,"key":"LIFT"},{"floor":32,"key":"RECALL"},{"data":"TalkToTheHand","floor":42,"key":"SMITH"},{"floor":46,"key":"REST"},{"floor":49,"key":"REST"},{"floor":52,"key":"REST"}],"circlet_count":0,"master_deck":["Vigilance+1","Sadistic Nature+1","The Bomb+1","Dark Shackles+1","Finesse+1","Wallop+1","PathToVictory+1","MentalFortress+1","PathToVictory+1","Brilliance+1","Devotion+1","Prostrate+1","Prostrate+1","Sadistic Nature+1","TalkToTheHand+1","Sadistic Nature+1","LikeWater+1","Crescendo+1","TalkToTheHand+1","DeceiveReality+1","LikeWater+1","Crescendo+1","Devotion+1","Sadistic Nature+1","Evaluate+1","LikeWater+1","expansioncontent:InvincibleStrength+1","Brilliance+1","sneckomod:Unknown1Cost+1","Seeing Red+1","ClearTheMind+1","The Bomb+1","The Bomb+1","WaveOfTheHand+1","TalkToTheHand+1","DeceiveReality+1","Offering+1"],"relics":["PureWater","TheAbacus","Toxic Egg 2","Slimebound:StickyStick","Omamori","Sling","Membership Card","Frozen Egg 2","Akabeko","Pen Nib","Anchor","Girya","Happy Flower","Damaru","HornCleat","CloakClasp","Bag of Marbles","Ice Cream","Bag of Preparation","DollysMirror","Bronze Scales","Pear","Guardian:PocketSentry","TeardropLocket","Strawberry","Meat on the Bone","Whetstone","CeramicFish","MealTicket","SlaversCollar","Orichalcum","Mercury Hourglass","PrismaticShard","War Paint","Boot","Ancient Tea Set","sneckomod:SneckoTalon","Medical Kit","Art of War","bronze:BronzeIdol","Ornamental Fan","Vajra","Blue Candle","Ginger","Turnip"],"acts_visited":["Exordium","TheCity","TheBeyond","TheEnding"],"potions_floor_usage":[31,45,54,55,55,55],"damage_taken":[{"damage":0,"enemies":"Cultist","floor":1,"turns":1},{"damage":0,"enemies":"2 Louse","floor":4,"turns":2},{"damage":0,"enemies":"3 Sentries","floor":7,"turns":5},{"damage":0,"enemies":"Jaw Worm","floor":8,"turns":1},{"damage":0,"enemies":"Exordium Thugs","floor":10,"turns":3},{"damage":0,"enemies":"3 Sentries","floor":11,"turns":3},{"damage":0,"enemies":"Lagavulin","floor":14,"turns":3},{"damage":16,"enemies":"Hexaghost","floor":16,"turns":5},{"damage":0,"enemies":"Chosen","floor":18,"turns":2},{"damage":0,"enemies":"Shell Parasite","floor":20,"turns":2},{"damage":0,"enemies":"Book of Stabbing","floor":23,"turns":3},{"damage":0,"enemies":"Slavers","floor":27,"turns":3},{"damage":0,"enemies":"Snake Plant","floor":28,"turns":2},{"damage":0,"enemies":"Book of Stabbing","floor":30,"turns":3},{"damage":0,"enemies":"Chosen and Byrds","floor":31,"turns":3},{"damage":0,"enemies":"Champ","floor":33,"turns":5},{"damage":0,"enemies":"3 Darklings","floor":35,"turns":3},{"damage":0,"enemies":"Reptomancer","floor":40,"turns":5},{"damage":0,"enemies":"Orb Walker","floor":44,"turns":2},{"damage":3,"enemies":"Nemesis","floor":45,"turns":3},{"damage":0,"enemies":"Reptomancer","floor":48,"turns":3},{"damage":5,"enemies":"Donu and Deca","floor":50,"turns":5},{"damage":28,"enemies":"Shield and Spear","floor":54,"turns":5},{"damage":61,"enemies":"The Heart","floor":55,"turns":6}],"seed_played":"5074708864876547029","potions_obtained":[{"floor":1,"key":"hexamod:SoulburnPotion"},{"floor":10,"key":"champ:CounterPotion"},{"floor":16,"key":"AttackPotion"},{"floor":33,"key":"FearPotion"},{"floor":54,"key":"EntropicBrew"}],"is_trial":false,"path_per_floor":["M","?","$","M","?","R","E","M","T","M","?","?","R","E","R","B",null,"M","?","M","$","?","E","R","$","T","E","M","?","E","M","R","B",null,"M","?","?","$","?","E","?","R","T","M","E","R","T","E","R","B",null,"R","$","E","B",null],"character_chosen":"WATCHER","items_purchased":["TheAbacus","Toxic Egg 2","Slimebound:StickyStick","Omamori","Sadistic Nature","Sling","Membership Card","Frozen Egg 2","The Bomb+1","Akabeko","Dark Shackles+1","Pen Nib","Anchor","Girya","Finesse+1","Happy Flower","Wallop","Damaru","PathToVictory+1","MentalFortress+1","PathToVictory+1","HornCleat","CloakClasp","Bag of Marbles","Brilliance","Prostrate+1","Ice Cream","Bag of Preparation","DollysMirror","Bronze Scales","Pear","TalkToTheHand","Sadistic Nature+1","Guardian:PocketSentry","LikeWater+1","Strawberry","Sadistic Nature+1","Orichalcum","Mercury Hourglass","Evaluate+1","PrismaticShard","Medical Kit","Art of War","WaveOfTheHand+1","Ginger","DeceiveReality+1"],"campfire_rested":3,"item_purchase_floors":[0,0,0,0,0,0,0,0,0,0,0,0,0,0,0,0,0,0,0,0,0,0,0,0,0,0,0,0,0,0,0,0,0,0,0,3,21,21,21,21,25,38,38,38,53,53],"current_hp_per_floor":[75,75,82,82,82,82,82,82,82,82,82,64,64,64,64,48,79,79,79,79,89,89,89,89,89,89,89,89,89,89,89,89,89,89,89,79,79,89,85,85,85,85,85,85,82,85,85,85,85,80,84,85,85,57,37],"gold":283,"neow_bonus":"","is_daily":false,"chose_seed":false,"campfire_upgraded":2,"win_rate":0.0,"timestamp":1612242416,"path_taken":["M","?","$","?","?","R","E","M","T","M","?","?","R","E","R","BOSS","M","?","M","?","?","E","R","$","T","E","?","?","E","M","R","BOSS","M","?","?","$","?","E","?","R","T","M","E","R","?","E","R","BOSS","R","$","E","BOSS"],"items_purchased_type":["Relic","Relic","Relic","Relic","Card","Relic","Relic","Relic","Card","Relic","Card","Relic","Relic","Relic","Card","Relic","Card","Relic","Card","Card","Card","Relic","Relic","Relic","Card","Card","Relic","Relic","Relic","Relic","Relic","Card","Card","Relic","Card","Relic","Card","Relic","Relic","Card","Relic","Relic","Relic","Card","Relic","Card"],"build_version":"2020-12-22","purchased_purges":2,"victory":true,"max_hp_per_floor":[82,82,89,89,89,89,89,89,89,89,89,89,89,89,89,89,89,89,89,89,89,89,89,89,89,89,89,89,89,89,89,89,89,89,89,89,89,89,85,85,85,85,85,85,85,85,85,85,85,85,85,85,85,85,85],"relic_stats":{"Happy Flower":[26],"counters":[53,225],"CeramicFish":144,"Blue Candle":[0],"Pen Nib":[6],"CloakClasp":[695],"Bag of Preparation":[48],"Whetstone":["Wallop","Brilliance"],"Ginger":[2],"Orichalcum":[12],"War Paint":["Defend_P","Defend_P","Vigilance"],"Boot":[4],"Medical Kit":[2],"Mercury Hourglass":[217],"TheAbacus":[18],"Ornamental Fan":[8],"Bronze Scales":[259],"MealTicket":20,"Turnip":[2],"Art of War":[9],"obtain_stats":[{"Ice Cream":0,"CeramicFish":11,"Vajra":23,"Whetstone":9,"Ginger":53,"Sling":37,"Boot":27,"HornCleat":53,"DollysMirror":0,"Strawberry":3,"MealTicket":14,"VioletLotus":1,"Toxic Egg 2":3,"Girya":43,"Pear":0,"Happy Flower":0,"Blue Candle":48,"Pen Nib":0,"Guardian:PocketSentry":0,"Letter Opener":26,"War Paint":37,"sneckomod:SneckoTalon":34,"Akabeko":37,"Du-Vu Doll":8,"SlaversCollar":17,"Bottled Flame":54,"Bronze Scales":0,"Slimebound:PreparedRelic":37,"Meat on the Bone":2,"Pocketwatch":47,"Lantern":38,"Mango":19,"StoneCalendar":53,"CloakClasp":1,"Juzu Bracelet":6,"Bag of Preparation":0,"TeardropLocket":0,"PrismaticShard":25,"Ancient Tea Set":30,"TheAbacus":0,"Slimebound:StickyStick":2,"Mummified Hand":23,"Pantograph":53,"Chemical X":53,"Potion Belt":44,"Lee\u0027s Waffle":19,"Damaru":0,"The Courier":31,"Omamori":0,"Frozen Egg 2":0,"Orichalcum":21,"Medical Kit":38,"bronze:BronzeIdol":28,"Mercury Hourglass":21,"Anchor":0,"Ornamental Fan":45,"Turnip":54,"Coffee Dripper":34,"Bag of Marbles":0,"Art of War":38,"Bottled Lightning":8,"Membership Card":0,"PureWater":0,"hexamod:BolsterEngine":40,"Toy Ornithopter":11},{"Ice Cream":29,"CeramicFish":35,"Vajra":14,"Whetstone":33,"Ginger":51,"Sling":21,"Boot":41,"HornCleat":27,"DollysMirror":29,"Strawberry":30,"MealTicket":36,"VioletLotus":1,"Toxic Egg 2":1,"Girya":23,"Pear":29,"Happy Flower":29,"Blue Candle":50,"Pen Nib":29,"Guardian:PocketSentry":29,"Letter Opener":15,"War Paint":21,"sneckomod:SneckoTalon":45,"Akabeko":21,"Du-Vu Doll":5,"SlaversCollar":9,"Bottled Flame":28,"Bronze Scales":29,"Slimebound:PreparedRelic":21,"Meat on the Bone":1,"Pocketwatch":26,"Lantern":21,"Mango":10,"StoneCalendar":27,"CloakClasp":1,"Juzu Bracelet":4,"Bag of Preparation":29,"TeardropLocket":0,"PrismaticShard":40,"Ancient Tea Set":43,"TheAbacus":29,"Slimebound:StickyStick":1,"Mummified Hand":14,"Pantograph":27,"Chemical X":27,"Potion Belt":24,"Lee\u0027s Waffle":10,"Damaru":29,"The Courier":18,"Omamori":29,"Frozen Egg 2":29,"Orichalcum":39,"Medical Kit":46,"bronze:BronzeIdol":16,"Mercury Hourglass":39,"Anchor":29,"Ornamental Fan":49,"Turnip":52,"Coffee Dripper":19,"Bag of Marbles":29,"Art of War":46,"Bottled Lightning":5,"Membership Card":29,"PureWater":0,"hexamod:BolsterEngine":23,"Toy Ornithopter":6},{"Ice Cream":149,"CeramicFish":163,"Vajra":72,"Whetstone":157,"Ginger":214,"Sling":100,"Boot":180,"HornCleat":136,"DollysMirror":149,"Strawberry":150,"MealTicket":166,"VioletLotus":3,"Toxic Egg 2":8,"Girya":113,"Pear":149,"Happy Flower":149,"Blue Candle":209,"Pen Nib":149,"Guardian:PocketSentry":149,"Letter Opener":74,"War Paint":100,"sneckomod:SneckoTalon":193,"Akabeko":100,"Du-Vu Doll":27,"SlaversCollar":44,"Bottled Flame":141,"Bronze Scales":149,"Slimebound:PreparedRelic":100,"Meat on the Bone":8,"Pocketwatch":129,"Lantern":100,"Mango":48,"StoneCalendar":136,"CloakClasp":3,"Juzu Bracelet":23,"Bag of Preparation":149,"TeardropLocket":0,"PrismaticShard":177,"Ancient Tea Set":185,"TheAbacus":149,"Slimebound:StickyStick":8,"Mummified Hand":70,"Pantograph":136,"Chemical X":136,"Potion Belt":120,"Lee\u0027s Waffle":48,"Damaru":149,"The Courier":85,"Omamori":149,"Frozen Egg 2":149,"Orichalcum":175,"Medical Kit":196,"bronze:BronzeIdol":77,"Mercury Hourglass":175,"Anchor":149,"Ornamental Fan":206,"Turnip":219,"Coffee Dripper":92,"Bag of Marbles":149,"Art of War":196,"Bottled Lightning":27,"Membership Card":149,"PureWater":0,"hexamod:BolsterEngine":113,"Toy Ornithopter":31}],"Meat on the Bone":132},"card_choices":[{"not_picked":["FlurryOfBlows","Protect+1"],"picked":"Crescendo+1","floor":1},{"not_picked":["Evaluate+1","CrushJoints","SashWhip"],"picked":"SKIP","floor":4},{"not_picked":["Wallop","JustLucky"],"picked":"TalkToTheHand","floor":7},{"not_picked":["Evaluate+1","WreathOfFlame+1"],"picked":"DeceiveReality+1","floor":8},{"not_picked":["JustLucky","Crescendo+1"],"picked":"LikeWater+1","floor":10},{"not_picked":["ThirdEye+1","Consecrate"],"picked":"Crescendo+1","floor":14},{"not_picked":["Omniscience+1","DevaForm+1"],"picked":"Devotion+1","floor":16},{"not_picked":["Evaluate+1","SashWhip","Halt+1"],"picked":"SKIP","floor":18},{"not_picked":["Pray+1","EmptyBody+1","Evaluate+1"],"picked":"SKIP","floor":20},{"not_picked":["WindmillStrike","InnerPeace+1"],"picked":"LikeWater+1","floor":23},{"not_picked":["Slimebound:SplitLeeching+1","Guardian:WalkerClaw","champ:Circumvent+1"],"picked":"SKIP","floor":27},{"not_picked":["True Grit+1","bronze:FineTuning+1"],"picked":"expansioncontent:InvincibleStrength+1","floor":28},{"not_picked":["hexamod:Again+1","sneckomod:RainOfDice"],"picked":"sneckomod:Unknown1Cost+1","floor":30},{"not_picked":["Force Field+1","Thunderclap"],"picked":"Seeing Red+1","floor":31},{"not_picked":["hexamod:SecondSeal","BattleHymn+1"],"picked":"ClearTheMind+1","floor":35},{"not_picked":["Jack Of All Trades+1","PanicButton+1"],"picked":"The Bomb+1","floor":36},{"not_picked":["Purity+1","Violence+1"],"picked":"The Bomb+1","floor":36},{"not_picked":["sneckomod:UnknownClassGREEN+1","champ:FalseCounter+1","Hemokinesis"],"picked":"SKIP","floor":40},{"not_picked":["Slimebound:HauntingLick+1","Stack+1","Bane+1"],"picked":"SKIP","floor":44},{"not_picked":["sneckomod:SoulRoll+1","Slimebound:ForwardTackle+1","Trip+1"],"picked":"SKIP","floor":45},{"not_picked":["Guardian:BronzeOrb+1","Body Slam+1"],"picked":"TalkToTheHand+1","floor":48},{"not_picked":["champ:Haymaker","champ:GladiatorStyle+1"],"picked":"Offering+1","floor":54}],"player_experience":268988,"relics_obtained":[{"floor":7,"key":"Meat on the Bone"},{"floor":9,"key":"Whetstone"},{"floor":11,"key":"CeramicFish"},{"floor":14,"key":"MealTicket"},{"floor":26,"key":"War Paint"},{"floor":27,"key":"Boot"},{"floor":30,"key":"Ancient Tea Set"},{"floor":40,"key":"bronze:BronzeIdol"},{"floor":45,"key":"Ornamental Fan"},{"floor":47,"key":"Vajra"},{"floor":48,"key":"Blue Candle"},{"floor":54,"key":"Turnip"}],"event_choices":[{"cards_removed":["Strike_P"],"damage_healed":0,"gold_gain":0,"player_choice":"Offered Basic","damage_taken":0,"max_hp_gain":0,"max_hp_loss":0,"event_name":"Bonfire Elementals","floor":2,"gold_loss":0},{"damage_healed":0,"gold_gain":175,"player_choice":"AGREE","damage_taken":0,"max_hp_gain":0,"max_hp_loss":0,"event_name":"Liars Game","floor":5,"gold_loss":0,"cards_obtained":["Doubt"]},{"damage_healed":0,"gold_gain":0,"player_choice":"Searched \u00271\u0027 times","damage_taken":0,"max_hp_gain":0,"max_hp_loss":0,"event_name":"Dead Adventurer","floor":11,"gold_loss":0},{"damage_healed":0,"gold_gain":0,"player_choice":"Entered Light","damage_taken":18,"max_hp_gain":0,"max_hp_loss":0,"event_name":"Shining Light","floor":12,"gold_loss":0,"cards_upgraded":["Defend_P","Defend_P"]},{"cards_removed":["Defend_P"],"damage_healed":0,"gold_gain":0,"player_choice":"Upgrade and Remove","damage_taken":0,"max_hp_gain":0,"max_hp_loss":0,"event_name":"Designer","floor":19,"gold_loss":90,"cards_upgraded":["TalkToTheHand"]},{"damage_healed":0,"gold_gain":100,"player_choice":"Pray","damage_taken":0,"max_hp_gain":0,"max_hp_loss":0,"event_name":"Golden Shrine","floor":22,"gold_loss":0},{"damage_healed":0,"gold_gain":0,"player_choice":"Copied","damage_taken":0,"max_hp_gain":0,"max_hp_loss":0,"event_name":"Duplicator","floor":29,"gold_loss":0,"cards_obtained":["Brilliance"]},{"damage_healed":0,"gold_gain":0,"player_choice":"Memory 3","damage_taken":10,"max_hp_gain":0,"max_hp_loss":0,"event_name":"SensoryStone","floor":36,"gold_loss":0},{"damage_healed":0,"gold_gain":0,"player_choice":"Ignored","damage_taken":0,"max_hp_gain":0,"max_hp_loss":0,"event_name":"Tomb of Lord Red Mask","floor":37,"gold_loss":0},{"damage_healed":0,"gold_gain":0,"player_choice":"Max HP","damage_taken":0,"max_hp_gain":0,"max_hp_loss":4,"event_name":"Winding Halls","floor":39,"gold_loss":0},{"damage_healed":0,"gold_gain":0,"player_choice":"Ignored","damage_taken":0,"max_hp_gain":0,"max_hp_loss":0,"event_name":"Mysterious Sphere","floor":41,"gold_loss":0}],"is_beta":false,"boss_relics":[{"not_picked":["expansioncontent:StudyCardRelic","Busted Crown"],"picked":"SlaversCollar"},{"not_picked":["Runic Dome","Runic Pyramid"],"picked":"sneckomod:SneckoTalon"}],"items_purged_floors":[0,21],"is_endless":false,"potions_floor_spawned":[1,10,16,20,27,30,33,40,44,54],"ascension_level":7}}