{"host":"ewe4oe702q4ujr6i","time":1612258646,"event":{"mods":["BaseMod","Colored Map","Colored Powertips","DeckTracker","Minty Spire (QoL Compilation)","SuperFastMode"],"gold_per_floor":[111,286,296,296,307,333,333,364,389,389,489,489,114,129,129,234,234,217,217,228,33,303,334,334,361,361,361,57,57,157,183,183,285,285,298,298,311,311,331,361,376,396,396,414,434,200,214,233,233,233,233,233,10,36,36],"floor_reached":56,"language":"KOR","playtime":4133,"items_purged":["Strike_G","Strike_G","Strike_G","Strike_G","Dagger Spray"],"score":1395,"play_id":"37fb3990-bd06-481d-a584-a4ba549d9ad9","local_time":"20210202183726","is_ascension_mode":false,"campfire_choices":[{"data":"A Thousand Cuts","floor":10,"key":"SMITH"},{"floor":12,"key":"REST"},{"data":"Bouncing Flask","floor":15,"key":"SMITH"},{"data":"Catalyst","floor":24,"key":"SMITH"},{"data":"Backflip","floor":32,"key":"SMITH"},{"floor":49,"key":"RECALL"},{"data":"Catalyst","floor":52,"key":"SMITH"}],"circlet_count":0,"master_deck":["Defend_G","Defend_G","Defend_G","Defend_G","Defend_G","Survivor","Neutralize+1","Backflip+1","Escape Plan","Deadly Poison","Bouncing Flask+1","Well Laid Plans","Catalyst+1","Neutralize+1","Backflip","Night Terror","Setup","Blur","Bouncing Flask+1","Catalyst+1"],"relics":["Ring of the Snake","NeowsBlessing","Lantern","Smiling Mask","Juzu Bracelet","Thread and Needle","SacredBark","Membership Card","Molten Egg 2","Torii","Singing Bowl","InkBottle","FossilizedHelix","Gremlin Horn","Snake Skull","WristBlade","Kunai","Letter Opener","Lee\u0027s Waffle","Omamori","Blue Candle","Whetstone"],"acts_visited":["Exordium","TheCity","TheBeyond","TheEnding"],"potions_floor_usage":[6,6,8,23,30,31,33,37,37,39,47,50,55,55,55],"damage_taken":[{"damage":0,"enemies":"Small Slimes","floor":1,"turns":1},{"damage":0,"enemies":"2 Louse","floor":3,"turns":1},{"damage":0,"enemies":"Cultist","floor":5,"turns":1},{"damage":21,"enemies":"Lagavulin","floor":6,"turns":11},{"damage":34,"enemies":"Gremlin Nob","floor":8,"turns":6},{"damage":2,"enemies":"Exordium Wildlife","floor":14,"turns":3},{"damage":0,"enemies":"Hexaghost","floor":16,"turns":8},{"damage":2,"enemies":"2 Thieves","floor":18,"turns":4},{"damage":2,"enemies":"Shell Parasite","floor":20,"turns":4},{"damage":3,"enemies":"Gremlin Leader","floor":23,"turns":6},{"damage":12,"enemies":"Book of Stabbing","floor":25,"turns":5},{"damage":32,"enemies":"Colosseum Slavers","floor":30,"turns":6},{"damage":1,"enemies":"Colosseum Nobs","floor":30,"turns":4},{"damage":2,"enemies":"Slavers","floor":31,"turns":6},{"damage":0,"enemies":"Champ","floor":33,"turns":9},{"damage":0,"enemies":"3 Shapes","floor":35,"turns":5},{"damage":14,"enemies":"3 Darklings","floor":37,"turns":5},{"damage":0,"enemies":"4 Shapes","floor":39,"turns":5},{"damage":0,"enemies":"Nemesis","floor":40,"turns":5},{"damage":0,"enemies":"Writhing Mass","floor":41,"turns":4},{"damage":1,"enemies":"Jaw Worm Horde","floor":42,"turns":6},{"damage":0,"enemies":"3 Darklings","floor":44,"turns":7},{"damage":0,"enemies":"Transient","floor":45,"turns":5},{"damage":0,"enemies":"Jaw Worm Horde","floor":47,"turns":5},{"damage":15,"enemies":"3 Darklings","floor":48,"turns":6},{"damage":86,"enemies":"Awakened One","floor":50,"turns":15},{"damage":44,"enemies":"Shield and Spear","floor":54,"turns":8},{"damage":37,"enemies":"The Heart","floor":55,"turns":11}],"seed_played":"3024291699887980598","potions_obtained":[{"floor":1,"key":"AttackPotion"},{"floor":5,"key":"SteroidPotion"},{"floor":6,"key":"SpeedPotion"},{"floor":20,"key":"SkillPotion"},{"floor":23,"key":"SteroidPotion"},{"floor":25,"key":"GamblersBrew"},{"floor":30,"key":"Dexterity Potion"},{"floor":33,"key":"Fire Potion"},{"floor":35,"key":"PowerPotion"},{"floor":37,"key":"Energy Potion"},{"floor":42,"key":"Block Potion"},{"floor":47,"key":"Swift Potion"},{"floor":48,"key":"Block Potion"}],"is_trial":false,"path_per_floor":["M","?","M","?","M","E","?","E","T","R","?","R","$","M","R","B",null,"M","?","M","$","?","E","R","E","T","?","$","?","?","E","R","B",null,"M","?","M","?","M","E","M","M","T","M","M","$","M","M","R","B",null,"R","$","E","B",null],"character_chosen":"THE_SILENT","items_purchased":["Bouncing Flask","Thread and Needle","Membership Card","Singing Bowl","InkBottle","Lee\u0027s Waffle","EssenceOfSteel","Omamori","Dexterity Potion","PowerPotion","Blue Candle"],"campfire_rested":1,"item_purchase_floors":[13,13,21,28,28,46,46,46,53,53,53],"current_hp_per_floor":[70,70,70,70,70,49,49,15,15,15,15,36,36,34,34,34,70,68,68,66,66,39,36,36,24,24,80,80,65,34,34,34,34,89,89,89,77,77,79,81,83,82,82,82,84,106,108,93,93,7,108,108,108,66,29],"gold":36,"neow_bonus":"THREE_ENEMY_KILL","is_daily":false,"chose_seed":false,"campfire_upgraded":5,"win_rate":0.0,"timestamp":1612258646,"path_taken":["M","?","M","?","?","E","?","E","T","R","?","R","$","M","R","BOSS","M","?","M","?","?","E","R","E","T","?","$","?","?","E","R","BOSS","M","?","M","?","M","E","M","M","T","M","M","$","M","M","R","BOSS","R","$","E","BOSS"],"items_purchased_type":["Card","Relic","Relic","Relic","Relic","Relic","Potion","Relic","Potion","Potion","Relic"],"build_version":"2020-12-22","purchased_purges":5,"victory":true,"max_hp_per_floor":[70,70,70,70,70,70,70,70,70,70,70,70,70,70,70,70,70,70,70,70,70,70,70,70,70,70,80,80,85,87,89,89,89,89,89,89,91,91,93,95,97,97,97,97,99,106,108,108,108,108,108,108,108,110,110],"card_choices":[{"not_picked":["Skewer","Acrobatics"],"picked":"Backflip","floor":1},{"not_picked":["Backstab","Terror"],"picked":"Escape Plan","floor":3},{"not_picked":["Backflip","Deflect"],"picked":"Dagger Spray","floor":5},{"not_picked":["Slice","Dagger Spray"],"picked":"A Thousand Cuts","floor":6},{"not_picked":["Underhanded Strike","Riddle With Holes"],"picked":"Deadly Poison","floor":8},{"not_picked":["Poisoned Stab","Bane"],"picked":"Well Laid Plans","floor":14},{"not_picked":["Sucker Punch","Outmaneuver"],"picked":"Catalyst","floor":18},{"not_picked":["Dagger Spray","Dodge and Roll","Underhanded Strike"],"picked":"SKIP","floor":20},{"not_picked":["All Out Attack+1","Prepared","Grand Finale+1"],"picked":"SKIP","floor":23},{"not_picked":["Sucker Punch+1","Blade Dance"],"picked":"Backflip","floor":25},{"not_picked":["Slice+1","Dodge and Roll+1","Acrobatics+1"],"picked":"Singing Bowl","floor":30},{"not_picked":["Backstab+1","Quick Slash+1","Endless Agony+1"],"picked":"Singing Bowl","floor":31},{"not_picked":["Unload+1","Doppelganger"],"picked":"Night Terror","floor":33},{"not_picked":["Escape Plan","Sucker Punch+1"],"picked":"Setup","floor":35},{"not_picked":["Terror+1","Acrobatics+1","Endless Agony+1"],"picked":"Singing Bowl","floor":37},{"not_picked":["Flying Knee+1","Bane+1","Acrobatics+1"],"picked":"Singing Bowl","floor":39},{"not_picked":["Slice+1","Cloak And Dagger","Deflect"],"picked":"Singing Bowl","floor":40},{"not_picked":["Dodge and Roll+1","Sucker Punch+1","Deadly Poison+1"],"picked":"Singing Bowl","floor":41},{"not_picked":["Deflect+1","Backstab+1"],"picked":"Blur","floor":42},{"not_picked":["Prepared+1","Outmaneuver+1"],"picked":"Bouncing Flask+1","floor":44},{"not_picked":["Quick Slash+1","Predator+1","Underhanded Strike+1"],"picked":"Singing Bowl","floor":45},{"not_picked":["Escape Plan","All Out Attack+1","Finisher+1"],"picked":"Singing Bowl","floor":47},{"not_picked":["Dagger Throw+1","Setup+1"],"picked":"Catalyst","floor":48},{"not_picked":["Escape Plan","Doppelganger","Prepared"],"picked":"Singing Bowl","floor":54}],"player_experience":192360,"relics_obtained":[{"floor":6,"key":"Lantern"},{"floor":8,"key":"Smiling Mask"},{"floor":9,"key":"Juzu Bracelet"},{"floor":23,"key":"Molten Egg 2"},{"floor":25,"key":"Torii"},{"floor":30,"key":"FossilizedHelix"},{"floor":30,"key":"Gremlin Horn"},{"floor":31,"key":"Snake Skull"},{"floor":40,"key":"Kunai"},{"floor":43,"key":"Letter Opener"},{"floor":54,"key":"Whetstone"}],"event_choices":[{"damage_healed":0,"gold_gain":175,"player_choice":"AGREE","damage_taken":0,"max_hp_gain":0,"max_hp_loss":0,"event_name":"Liars Game","floor":2,"gold_loss":0,"cards_obtained":["Doubt"]},{"damage_healed":0,"gold_gain":0,"player_choice":"Forge","damage_taken":0,"max_hp_gain":0,"max_hp_loss":0,"event_name":"Accursed Blacksmith","floor":4,"gold_loss":0,"cards_upgraded":["Neutralize"]},{"cards_removed":["Doubt"],"damage_healed":0,"gold_gain":0,"player_choice":"Purged","damage_taken":0,"max_hp_gain":0,"max_hp_loss":0,"event_name":"Purifier","floor":7,"gold_loss":0},{"damage_healed":0,"gold_gain":100,"player_choice":"Gold","damage_taken":0,"max_hp_gain":0,"max_hp_loss":0,"event_name":"Wheel of Change","floor":11,"gold_loss":0},{"damage_healed":0,"gold_gain":0,"player_choice":"1 cards matched","damage_taken":0,"max_hp_gain":0,"max_hp_loss":0,"event_name":"Match and Keep!","floor":19,"gold_loss":0,"cards_obtained":["Neutralize"]},{"damage_healed":0,"gold_gain":270,"player_choice":"GOLD GOLD GOLD ","damage_taken":27,"max_hp_gain":0,"max_hp_loss":0,"event_name":"Knowing Skull","floor":22,"potions_obtained":[],"gold_loss":0,"cards_obtained":[]},{"cards_removed":["A Thousand Cuts"],"damage_healed":46,"gold_gain":0,"player_choice":"Offered Rare","damage_taken":0,"max_hp_gain":10,"max_hp_loss":0,"event_name":"Bonfire Elementals","floor":27,"gold_loss":0},{"damage_healed":0,"gold_gain":0,"player_choice":"Shed Blood","damage_taken":20,"max_hp_gain":5,"max_hp_loss":0,"event_name":"Forgotten Altar","floor":29,"gold_loss":0},{"damage_healed":0,"gold_gain":0,"player_choice":"Fight","damage_taken":0,"max_hp_gain":0,"max_hp_loss":0,"event_name":"Colosseum","floor":30,"gold_loss":0},{"damage_healed":0,"gold_gain":0,"player_choice":"Fought Nobs","damage_taken":0,"max_hp_gain":0,"max_hp_loss":0,"event_name":"Colosseum","floor":30,"gold_loss":0},{"cards_removed":["Strike_G"],"damage_healed":0,"gold_gain":0,"player_choice":"Removed Attack","damage_taken":0,"max_hp_gain":0,"max_hp_loss":0,"event_name":"Falling","floor":36,"gold_loss":0},{"damage_healed":0,"gold_gain":0,"player_choice":"Ignored","damage_taken":0,"max_hp_gain":0,"max_hp_loss":0,"event_name":"Tomb of Lord Red Mask","floor":38,"gold_loss":0}],"is_beta":false,"boss_relics":[{"not_picked":["Fusion Hammer","Cursed Key"],"picked":"SacredBark"},{"not_picked":["Runic Pyramid","Calling Bell"],"picked":"WristBlade"}],"items_purged_floors":[13,21,28,46,53],"is_endless":false,"potions_floor_spawned":[1,5,6,20,23,25,30,33,35,37,42,47,48],"ascension_level":0}}