{"host":"qmnyg5dk1o6rw6mz","time":1612229966,"event":{"mods":["2.2 Compatiblity","AchievementEnabler","Act Like it!","Aspiration","Astrologer","BaseMod","Beaked The Cultist","Better Altar","Better Match","Better Note","Better Sensory Stone","Better Skull","Better Third Choice","Better Vampires","Block Reminder","CapriCore","Challenge The Spire","ChefMod","Colored Map","Colored Powertips","Conspire","Defuse TimeMaze Blight","Disable Question Mark Monsters","Displayed Cursed Tome","Downfall","Energized Spire","Fox Events","Gensokyo","GifTheSpireLib","Hermit","Highlight Path","Hubris","Infinite Spire","Jedi Mod","Marisa¡]Ãú«B¡@Å]²z¨F¡^","Marked Mod","Minty Spire (QoL Compilation)","Monster B Gone","Pale of the Ancients","Permanent Neow","Quick Restart","Reimu¡]³Õ???¡^","Relic Filter","Reliquary","Replay The Spire","StSLib","Synergy Search","The Construct","The Cursed","The Dragon Tamer","The Gatherer","The Hayseed","The Poker Player","The Runesmith","The Showman","Unceasing Turn Reminder","Weighted Paths","Wide Potions","thorton"],"gold_per_floor":[127,158,158,158,186,225,225,249,249,249,28,0,16,33,33,48,48,48],"floor_reached":16,"language":"ENG","playtime":452,"items_purged":["Normality"],"score":102,"play_id":"e937f110-41fe-43b5-891c-8327187d73a1","local_time":"20210202093926","is_ascension_mode":false,"campfire_choices":[{"data":"Ragnarok","floor":7,"key":"SMITH"},{"data":"thethorton:PowerUp","floor":10,"key":"SMITH"},{"data":"thethorton:Investment","floor":15,"key":"SMITH"}],"circlet_count":0,"master_deck":["thethorton:Strike","thethorton:Strike","thethorton:Strike","thethorton:Strike","thethorton:Defend","thethorton:Defend","thethorton:Defend","thethorton:Defend","thethorton:Heckle","thethorton:CreditCard","Bandage Up","thethorton:CoinShield","thethorton:CoffeeBlast","Spot Weakness","Ragnarok+1","thethorton:Crash","thethorton:PowerUp+1","Enlightenment","thethorton:Investment+1","thethorton:BusinessCard"],"relics":["thethorton:CouragePotion","Runesmith:AutoHammer","infinitespire:FocusingShard","jedi:archwizardhat","reliquary:SilkGlove","hubris:Spice","Replay:Mystery Machine"],"acts_visited":["Exordium"],"potions_floor_usage":[6,16],"damage_taken":[{"damage":2,"enemies":"2 Louse","floor":1,"turns":6},{"damage":7,"enemies":"Jaw Worm","floor":2,"turns":4},{"damage":10,"enemies":"Small Slimes","floor":5,"turns":3},{"damage":10,"enemies":"Gremlin Nob","floor":6,"turns":4},{"damage":16,"enemies":"3 Louse","floor":8,"turns":4},{"damage":0,"enemies":"2 Fungi Beasts","floor":13,"turns":2},{"damage":0,"enemies":"Exordium Wildlife","floor":14,"turns":2},{"damage":37,"enemies":"Fading Forest","floor":16,"turns":4}],"seed_played":"-7648640614514029310","potions_obtained":[{"floor":5,"key":"Venom Potion"},{"floor":6,"key":"jedi:holywater"},{"floor":8,"key":"Elixir"}],"is_trial":false,"path_per_floor":["M","M","?","T","M","E","R","M","T","R","$","?","M","M","R","B"],"character_chosen":"THE_THORT","items_purchased":["Replay:Mystery Machine"],"campfire_rested":0,"item_purchase_floors":[11],"current_hp_per_floor":[68,65,36,36,30,24,24,12,20,20,20,26,26,26,26,0,0,0],"gold":48,"neow_bonus":"RANDOM_COLORLESS","is_daily":false,"chose_seed":false,"campfire_upgraded":3,"win_rate":0.0,"timestamp":1612229966,"path_taken":["M","M","?","?","M","E","R","M","T","R","$","?","M","M","R","BOSS"],"items_purchased_type":["Relic"],"build_version":"2020-12-22","purchased_purges":1,"victory":false,"max_hp_per_floor":[68,68,68,68,68,68,68,68,76,76,76,82,82,82,82,82,82,82],"card_choices":[{"not_picked":["Replay:Sssssssssstrike","Dark Shackles"],"picked":"Bandage Up","floor":0},{"not_picked":["thethorton:Distance","thethorton:ToxicGreed"],"picked":"thethorton:CoinShield","floor":1},{"not_picked":["thethorton:RunningKick","thethorton:Crash"],"picked":"thethorton:CoffeeBlast","floor":2},{"not_picked":["thethorton:CallIn","thethorton:FearfulRun"],"picked":"thethorton:Crash","floor":5},{"not_picked":["thethorton:HitAhead","thethorton:ElbowSmash","thethorton:DownPayment"],"picked":"SKIP","floor":6},{"not_picked":["thethorton:FearfulRun","thethorton:Crash"],"picked":"thethorton:PowerUp","floor":8},{"not_picked":["thethorton:ShoutAndRun","thethorton:DownPayment"],"picked":"thethorton:Investment","floor":13},{"not_picked":["thethorton:PocketChange","thethorton:WhirlingBriefcase"],"picked":"thethorton:BusinessCard","floor":14}],"player_experience":209364,"relics_obtained":[{"floor":4,"key":"jedi:archwizardhat"},{"floor":6,"key":"reliquary:SilkGlove"},{"floor":9,"key":"hubris:Spice"}],"event_choices":[{"damage_healed":0,"gold_gain":0,"player_choice":"RENOUNCE","damage_taken":28,"max_hp_gain":0,"max_hp_loss":0,"event_name":"betterThird:BetterSerpent","floor":12,"gold_loss":28,"cards_obtained":["Enlightenment"]}],"is_beta":false,"boss_relics":[],"items_purged_floors":[11],"is_endless":false,"potions_floor_spawned":[5,6,8],"killed_by":"Fading Forest","ascension_level":0}}