{"host":"yqveedbda5h7irme","time":1612232111,"event":{"mods":["AchievementEnabler","Aspiration","BaseMod","BetterRewards","Colored Powertips","Conspire","Downfall","GifTheSpireLib","Hermit","Hubris","Infinite Spire","Marked Mod","Minty Spire (QoL Compilation)","Reliquary","Replay The Spire","StSLib","Stuff the Spire","The Death Knight","The Hierophant","The Jungle","The Necromancer","The Servant 0.9.4"],"gold_per_floor":[99,119,136,236,236,248,248,274,274,290,290,106,106,4,19,19,19,19],"floor_reached":16,"language":"ENG","playtime":878,"items_purged":[],"score":105,"play_id":"6aa0db0b-b96d-4a99-9d47-362ea0fdb36f","local_time":"20210202031511","is_ascension_mode":true,"campfire_choices":[{"data":"bronze:Replicate","floor":1,"key":"SMITH"},{"floor":9,"key":"REST"},{"data":"bronze:ItsAFeature","floor":13,"key":"SMITH"},{"data":"bronze:FineTuning","floor":13,"key":"SMITH"}],"circlet_count":0,"master_deck":["bronze:BronzeOrb+1","bronze:Strike","bronze:Strike","bronze:Strike","bronze:Strike","bronze:Defend","bronze:Defend","bronze:Defend","bronze:Defend","bronze:Replicate+1","bronze:Goto","bronze:Flail","bronze:Explode","bronze:FineTuning+1","bronze:Iterate","bronze:CleanCode","bronze:Frontload","bronze:Flail","infinitespire:Pacifist","bronze:ItsAFeature+1","bronze:Boost","bronze:WhirlingStrike+1","bronze:BugBarrage","bronze:Repair"],"relics":["bronze:BronzeCore","ReplayTheSpireMod:TigerMarble","infinitespire:FocusingShard","infinitespire:BottledMercury","downfall:BrokenWingStatue","ReplayTheSpireMod:CursedCoin","Replay:Arrowhead"],"acts_visited":["Exordium"],"potions_floor_usage":[16,16],"damage_taken":[{"damage":0,"enemies":"2 Louse","floor":2,"turns":2},{"damage":0,"enemies":"conspire:RoseBush","floor":3,"turns":3},{"damage":0,"enemies":"conspire:RoseBush","floor":5,"turns":2},{"damage":0,"enemies":"Jaw Worm","floor":6,"turns":2},{"damage":22,"enemies":"Gremlin Nob","floor":8,"turns":4},{"damage":9,"enemies":"conspire:2 RoseBushes","floor":10,"turns":3},{"damage":2,"enemies":"downfall:FleeingMerchant","floor":12,"turns":4},{"damage":11,"enemies":"downfall:FleeingMerchant","floor":14,"turns":4},{"damage":0,"enemies":"3 Louse","floor":15,"turns":1},{"damage":63,"enemies":"SI_SHIV_ARCHETYPE","floor":16,"turns":10}],"seed_played":"1890604942542530595","potions_obtained":[{"floor":8,"key":"Swift Potion"},{"floor":10,"key":"DistilledChaos"},{"floor":15,"key":"SkillPotion"}],"is_trial":false,"path_per_floor":["R","M","M","?","?","M","T","E","R","M","?","$","R","$","M","B"],"character_chosen":"THE_AUTOMATON","items_purchased":["ReplayTheSpireMod:CursedCoin","bronze:ItsAFeature","Replay:Arrowhead","bronze:WhirlingStrike+1","bronze:BugBarrage"],"campfire_rested":1,"item_purchase_floors":[12,12,12,14,14],"current_hp_per_floor":[70,70,70,70,70,70,70,48,69,60,60,58,58,47,47,0,0,0],"gold":19,"neow_bonus":"RANDOM_COMMON_RELIC","is_daily":false,"chose_seed":false,"campfire_upgraded":3,"win_rate":0.0,"timestamp":1612232111,"path_taken":["R","M","M","?","?","M","T","E","R","M","?","$","R","$","M","BOSS"],"items_purchased_type":["Relic","Card","Relic","Card","Card"],"build_version":"2020-12-22","purchased_purges":0,"victory":false,"max_hp_per_floor":[70,70,70,70,70,70,70,70,70,70,70,70,70,70,70,70,70,70],"card_choices":[{"not_picked":["bronze:Refactor","bronze:ChildClass","bronze:BuggyMess"],"picked":"SKIP","floor":2},{"not_picked":["bronze:BitShift","bronze:OilSpill"],"picked":"bronze:Flail","floor":3},{"not_picked":[],"picked":"bronze:Explode","floor":5},{"not_picked":["bronze:WildBeam","bronze:BitShift"],"picked":"bronze:FineTuning","floor":5},{"not_picked":["bronze:DelayedGuard","bronze:Safeguard"],"picked":"bronze:Iterate","floor":6},{"not_picked":["bronze:Return","bronze:ClassDefault"],"picked":"bronze:CleanCode","floor":8},{"not_picked":["bronze:Overheat","bronze:Fortify"],"picked":"bronze:Frontload","floor":10},{"not_picked":["bronze:CleanCode","bronze:TinkerersToolbox"],"picked":"bronze:Flail","floor":12},{"not_picked":["bronze:CutThrough","bronze:ShipIt"],"picked":"bronze:Boost","floor":14},{"not_picked":["bronze:Shield","bronze:Backtrace"],"picked":"bronze:Repair","floor":15}],"player_experience":176603,"relics_obtained":[{"floor":7,"key":"infinitespire:FocusingShard"},{"floor":8,"key":"infinitespire:BottledMercury"}],"event_choices":[],"is_beta":false,"boss_relics":[],"items_purged_floors":[],"is_endless":false,"potions_floor_spawned":[8,10,15],"killed_by":"SI_SHIV_ARCHETYPE","ascension_level":1}}