{"host":"9mz6x6ekz95y53i5","time":1612285942,"event":{"mods":["AchievementEnabler","BaseMod","Downfall","Energized Spire","FoggyMod","Minty Spire (QoL Compilation)","Reliquary","Replay The Spire","Spicy Shops","StSLib","The Bug Knight","The Servant 0.9.4","¡¾ÒÅÎï¿¨ÅÆ¡¿REMEMod"],"gold_per_floor":[111,128,53,53,53,53,69,69,69,97,97,117,0,0,0,71,71,83,133,133,0,0,0,0,0,27,62,82,132,32,32,32,111,111,130,1129,330,330,330,330,330,330,353,353,353,369,369,369,369,369,369,369],"floor_reached":51,"language":"ZHS","playtime":2394,"items_purged":["Pain","Shame","Normality"],"score":1273,"play_id":"792be87e-f124-4b80-b8ff-db51c965accf","local_time":"20210203011222","is_ascension_mode":true,"campfire_choices":[{"data":"After Image","floor":6.0,"key":"SMITH"},{"floor":8.0,"key":"REST"},{"floor":15.0,"key":"DIG"},{"floor":23.0,"key":"REST"},{"data":"Creative AI","floor":25.0,"key":"SMITH"},{"data":"Rainbow","floor":40.0,"key":"SMITH"},{"data":"Chaos","floor":45,"key":"SMITH"},{"floor":47,"key":"REST"},{"floor":49,"key":"REST"}],"circlet_count":0,"master_deck":["AscendersBane","Defend_B","Defend_B","Defend_B","Zap","Dualcast","After Image+1","HollowMod:QuickDashStart","Slimebound:Tackle","Ball Lightning","Ball Lightning","Coolheaded+1","Melter","Static Discharge","Rainbow+1","Creative AI+1","Redo","ReplayTheSpireMod:Calculation Training","White Noise","Slimebound:Tackle+1","Slimebound:Tackle+1","Thunder Strike","Time Bomb","Normality","REME_Shoggoth","Stack","Crystallizer","Crystallizer","Writhe","Turbo","Chaos+1","Sunder+1","Overencumbered"],"relics":["Cracked Core","REME_ComplimentaryCards","reliquary:IridiumChain","HollowMod:LifeEnderRelic","Replay:Antivirus Software","reliquary:PartyBalloon","Replay:Grab Bag","energizedSpire:DeadBattery","energizedSpire:OgreHead","Honey Jar","Meat on the Bone","Nunchaku","Garlic","Velvet Choker","BargainBundle","Replay:Rubber Ducky","Bag of Preparation","Toy Ornithopter","Ring of Panic","ReplayTheSpireMod:Ring of Challenge"],"acts_visited":["Exordium","TheCity","TheBeyond"],"potions_floor_usage":[46,50,51],"damage_taken":[{"damage":7.0,"enemies":"Small Slimes","floor":1.0,"turns":4.0},{"damage":11.0,"enemies":"2 Louse","floor":7.0,"turns":2.0},{"damage":17.0,"enemies":"Lagavulin","floor":10.0,"turns":7.0},{"damage":2.0,"enemies":"Cultist","floor":12.0,"turns":3.0},{"damage":43.0,"enemies":"The Guardian","floor":16.0,"turns":9.0},{"damage":22.0,"enemies":"Shell Parasite","floor":18.0,"turns":5.0},{"damage":21.0,"enemies":"Gremlin Leader","floor":27.0,"turns":6.0},{"damage":17.0,"enemies":"2 Thieves","floor":28.0,"turns":4.0},{"damage":52.0,"enemies":"Automaton","floor":33.0,"turns":10.0},{"damage":31.0,"enemies":"3 Shapes","floor":35.0,"turns":6.0},{"damage":54,"enemies":"3 Darklings","floor":46,"turns":5},{"damage":90,"enemies":"Donu and Deca","floor":50,"turns":9},{"damage":81,"enemies":"Awakened One","floor":51,"turns":3}],"seed_played":"-1070594049567277012","potions_obtained":[{"floor":1.0,"key":"Strength Potion"},{"floor":2.0,"key":"EntropicBrew"},{"floor":2.0,"key":"Guardian:BlockOnCardUsePotion"},{"floor":18.0,"key":"PowerPotion"},{"floor":28.0,"key":"FocusPotion"},{"floor":35.0,"key":"EssenceOfDarkness"}],"is_trial":false,"path_per_floor":["M","?","$","?","?","R","M","R","T","E","?","M","$","?","R","B",null,"M","?","?","?","?","R","$","R","T","E","M","?","$","?","R","B",null,"M","?","$","?","?","R","M","?","T","?","R","M","R","?","R","B","B"],"character_chosen":"DEFECT","items_purchased":["Rainbow","BargainBundle","Replay:Rubber Ducky","Bag of Preparation","FairyPotion","REME_Shoggoth","Stack","Crystallizer","AttackPotion"],"campfire_rested":4,"item_purchase_floors":[13,37,37,37,37,37,37,37,37],"current_hp_per_floor":[71,71,71,76,69,69,58,85,85,68,90,88,88,88,88,45,79,57,57,30,30,30,58,58,58,58,49,44,44,44,44,72,32,79,48,48,48,48,67,67,67,67,67,67,67,30,58,58,86,13,0,0],"gold":369,"neow_bonus":"TWENTY_PERCENT_HP_BONUS","is_daily":false,"chose_seed":false,"campfire_upgraded":4,"win_rate":0.0,"timestamp":1612285942,"path_taken":["M","?","?","?","?","R","?","R","T","E","?","?","?","?","R","BOSS","M","?","?","?","?","R","?","R","T","E","?","?","?","?","R","BOSS","M","?","$","?","?","R","?","?","T","?","R","?","R","?","R","BOSS","BOSS"],"items_purchased_type":["Card","Relic","Relic","Relic","Potion","Card","Card","Card","Potion"],"build_version":"2020-12-22","purchased_purges":3,"victory":false,"max_hp_per_floor":[85,85,85,90,90,90,90,90,90,90,90,90,90,90,90,90,90,90,90,95,95,95,95,95,95,95,95,95,95,95,95,95,95,95,95,95,95,95,95,95,95,95,95,95,95,95,95,95,95,95,95,95],"card_choices":[{"not_picked":["Turbo","Rebound"],"picked":"Ball Lightning","floor":1.0},{"not_picked":["ReplaySort","REME_Compress"],"picked":"Ball Lightning","floor":2.0},{"not_picked":["Leap","Barrage"],"picked":"Coolheaded","floor":7.0},{"not_picked":["Sunder","FTL"],"picked":"Melter","floor":10.0},{"not_picked":["Panic Button","Ball Lightning"],"picked":"Static Discharge","floor":12.0},{"not_picked":["ReplayTheSpireMod:Fabricate Wheel","ReplayTheSpireMod:Omega Cannon"],"picked":"Creative AI","floor":16.0},{"not_picked":["Gash","Stack","Conserve Battery"],"picked":"Redo","floor":18.0},{"not_picked":["REME_Compress","Streamline","Ball Lightning"],"picked":"ReplayTheSpireMod:Calculation Training","floor":27.0},{"not_picked":["Hologram","ReplaySort","Ball Lightning+1"],"picked":"White Noise","floor":28.0},{"not_picked":["Seek","Creative AI","Meteor Strike"],"picked":"Thunder Strike","floor":33.0},{"not_picked":["Steam","Ball Lightning","Compile Driver"],"picked":"Time Bomb","floor":35.0},{"not_picked":["BasicCrystalCard","Static Discharge","Sweeping Beam"],"picked":"Sunder+1","floor":46}],"player_experience":206606,"relics_obtained":[{"floor":9.0,"key":"reliquary:IridiumChain"},{"floor":10.0,"key":"HollowMod:LifeEnderRelic"},{"floor":15.0,"key":"reliquary:PartyBalloon"},{"floor":26.0,"key":"Nunchaku"},{"floor":27.0,"key":"Garlic"},{"floor":43,"key":"Toy Ornithopter"},{"floor":48,"key":"Ring of Panic"},{"floor":48,"key":"ReplayTheSpireMod:Ring of Challenge"}],"event_choices":[{"damage_healed":0.0,"max_hp_gain":5.0,"max_hp_loss":0.0,"gold_gain":0.0,"event_name":"Big Fish","player_choice":"Donut","floor":4.0,"gold_loss":0.0,"damage_taken":0.0},{"cards_removed":["Defend_B"],"damage_healed":0.0,"max_hp_gain":0.0,"max_hp_loss":0.0,"gold_gain":0.0,"event_name":"Golden Wing","player_choice":"Card Removal","floor":5.0,"gold_loss":0.0,"damage_taken":7.0},{"damage_healed":22.0,"max_hp_gain":0.0,"max_hp_loss":0.0,"gold_gain":0.0,"event_name":"Wheel of Change","player_choice":"Full Heal","floor":11.0,"gold_loss":0.0,"damage_taken":0.0},{"damage_healed":0.0,"max_hp_gain":0.0,"max_hp_loss":0.0,"gold_gain":0.0,"event_name":"Dead Adventurer","player_choice":"Searched \u00271\u0027 times","floor":14.0,"gold_loss":0.0,"damage_taken":0.0,"relics_obtained":["Replay:Antivirus Software"]},{"damage_healed":0.0,"max_hp_gain":0.0,"max_hp_loss":0.0,"gold_gain":50.0,"event_name":"Nest","player_choice":"Stole From Cult","floor":19.0,"gold_loss":0.0,"damage_taken":0.0},{"damage_healed":0.0,"max_hp_gain":5.0,"max_hp_loss":0.0,"gold_gain":0.0,"event_name":"Forgotten Altar","player_choice":"Shed Blood","floor":20.0,"gold_loss":0.0,"damage_taken":32.0},{"damage_healed":0.0,"max_hp_gain":0.0,"max_hp_loss":0.0,"gold_gain":0.0,"event_name":"Masked Bandits","player_choice":"Paid Fearfully","floor":21.0,"gold_loss":133.0,"damage_taken":0.0},{"damage_healed":0.0,"max_hp_gain":0.0,"max_hp_loss":0.0,"gold_gain":0.0,"event_name":"Addict","player_choice":"Stole Relic","floor":22.0,"gold_loss":0.0,"damage_taken":0.0,"relics_obtained":["Meat on the Bone"],"cards_obtained":["Shame"]},{"damage_healed":0.0,"max_hp_gain":0.0,"max_hp_loss":0.0,"gold_gain":100.0,"event_name":"The Joust","player_choice":"Bet on Murderer","floor":29.0,"gold_loss":50.0,"damage_taken":0.0},{"damage_healed":0.0,"max_hp_gain":0.0,"max_hp_loss":0.0,"gold_gain":999.0,"event_name":"MindBloom","player_choice":"Gold","floor":36.0,"gold_loss":0.0,"damage_taken":0.0,"cards_obtained":["Normality","Normality"]},{"cards_removed":["Slimebound:Tackle"],"damage_healed":0.0,"max_hp_gain":0.0,"max_hp_loss":0.0,"gold_gain":0.0,"event_name":"Falling","player_choice":"Removed Attack","floor":38.0,"gold_loss":0.0,"damage_taken":0.0},{"damage_healed":19.0,"max_hp_gain":0.0,"max_hp_loss":0.0,"gold_gain":0.0,"event_name":"Winding Halls","player_choice":"Writhe","floor":39.0,"gold_loss":0.0,"damage_taken":0.0,"cards_obtained":["Writhe"]},{"damage_healed":0,"gold_gain":0,"player_choice":"Ignored","damage_taken":0,"max_hp_gain":0,"max_hp_loss":0,"event_name":"Tomb of Lord Red Mask","floor":41,"gold_loss":0},{"damage_healed":0,"gold_gain":0,"player_choice":"Ignored","damage_taken":0,"max_hp_gain":0,"max_hp_loss":0,"event_name":"Mysterious Sphere","floor":42,"gold_loss":0},{"damage_healed":0,"gold_gain":0,"player_choice":"2 cards matched","damage_taken":0,"max_hp_gain":0,"max_hp_loss":0,"event_name":"Match and Keep!","floor":44,"gold_loss":0,"cards_obtained":["Turbo","Chaos"]}],"is_beta":false,"boss_relics":[{"not_picked":["Philosopher\u0027s Stone","ChewingGum"],"picked":"Replay:Grab Bag"},{"not_picked":["energizedSpire:HugeHouse","energizedSpire:CursedPentagram"],"picked":"energizedSpire:DeadBattery"},{"not_picked":["Cursed Key","Sozu"],"picked":"energizedSpire:OgreHead"},{"not_picked":["Runic Pyramid","Nuclear Battery"],"picked":"Honey Jar"},{"not_picked":["SlaversCollar","Busted Crown"],"picked":"Velvet Choker"}],"items_purged_floors":[3,30,37],"is_endless":false,"potions_floor_spawned":[1,7,18,28,35],"killed_by":"Awakened One","ascension_level":20}}