{"host":"l2kmo5ss1fnqnmvo","time":1612247443,"event":{"mods":["BaseMod","Colored Powertips","Decade(王小明)","Lobotomy","Minty Spire (QoL Compilation)","Reimu（博丽灵梦）","WarShipGirlsR/战舰少女R mod"],"gold_per_floor":[111,131,144,110,80,97,149,149,172,206,206,227,227,262,262,262,262],"floor_reached":16,"language":"ZHS","playtime":955,"items_purged":[],"score":104,"play_id":"054d2f35-535f-4389-8d1c-5112793a9126","local_time":"20210202153043","is_ascension_mode":false,"campfire_choices":[{"floor":8,"key":"REST"},{"floor":13,"key":"REST"},{"floor":15,"key":"REST"}],"circlet_count":0,"master_deck":["rmod:strick","rmod:strick","rmod:strick","rmod:strick","rmod:defend","rmod:defend","rmod:defend","rmod:defend","rmod:basicallowance","rmod:maingunfire","LittlePrince","rmod:fletcherpendant","VoidDream","rmod:advancebysurprise","BlackSwan","rmod:steelsupply","rmod:expedition","ShyLook","rmod:diaomin","PunishingBird","rmod:openingtorpedo","Wellcheers","rmod:diamondstrike","rmod:luckystar","OSAHOGD","rmod:openingtorpedo"],"relics":["rmod:firstchargereward","CogitoBucket","CeramicFish","ChangeAnything"],"acts_visited":["Exordium"],"potions_floor_usage":[7,10,16],"damage_taken":[{"damage":4,"enemies":"Jaw Worm","floor":1,"turns":3},{"damage":0,"enemies":"Cultist","floor":2,"turns":3},{"damage":0,"enemies":"Small Slimes","floor":3,"turns":3},{"damage":23,"enemies":"2 Fungi Beasts","floor":6,"turns":7},{"damage":33,"enemies":"Lagavulin","floor":7,"turns":8},{"damage":27,"enemies":"Lots of Slimes","floor":10,"turns":6},{"damage":10,"enemies":"Exordium Wildlife","floor":12,"turns":2},{"damage":114,"enemies":"3 Louse","floor":14,"turns":3},{"damage":40,"enemies":"Hexaghost","floor":16,"turns":9}],"seed_played":"-7442019572765158331","potions_obtained":[{"floor":2,"key":"LiquidBronze"},{"floor":5,"key":"Block Potion"},{"floor":5,"key":"Energy Potion"},{"floor":7,"key":"FairyPotion"},{"floor":10,"key":"BlessingOfTheForge"}],"is_trial":false,"path_per_floor":["M","M","M","$","?","M","E","R","T","M","?","M","R","M","R","B"],"character_chosen":"PRAEFECT","items_purchased":["rmod:expedition"],"campfire_rested":3,"item_purchase_floors":[4],"current_hp_per_floor":[71,71,71,71,71,48,15,37,37,20,20,15,37,14,36,0,0],"gold":262,"neow_bonus":"","is_daily":false,"chose_seed":false,"campfire_upgraded":0,"win_rate":0.0,"timestamp":1612247443,"path_taken":["M","M","M","$","?","M","E","R","T","?","?","M","R","?","R","BOSS"],"items_purchased_type":["Card"],"build_version":"2020-12-22","purchased_purges":0,"victory":false,"max_hp_per_floor":[75,75,75,75,75,75,75,75,75,75,75,75,75,75,75,75,75],"card_choices":[{"not_picked":["MeatLantern","QueenBee"],"picked":"LittlePrince","floor":1},{"not_picked":["rmod:slowdown","rmod:selfconfidence"],"picked":"rmod:fletcherpendant","floor":1},{"not_picked":["Wellcheers","CherryBlossoms"],"picked":"VoidDream","floor":2},{"not_picked":["rmod:garrisonisland","rmod:aluminumsupply"],"picked":"rmod:advancebysurprise","floor":2},{"not_picked":["LaLuna","SpiderBud","OSAHOGD"],"picked":"Singing Bowl","floor":3},{"not_picked":["MeatLantern","Wellcheers"],"picked":"BlackSwan","floor":3},{"not_picked":["rmod:circuitoustactics","rmod:intelligenceanalysis"],"picked":"rmod:steelsupply","floor":3},{"not_picked":["Scorched","OldLady"],"picked":"ShyLook","floor":6},{"not_picked":["rmod:firesupport","rmod:victimresponsibility"],"picked":"rmod:diaomin","floor":6},{"not_picked":["Murderer","LaLuna","Bloodbath"],"picked":"Singing Bowl","floor":7},{"not_picked":["FairyFestival","BeautyBeast"],"picked":"PunishingBird","floor":7},{"not_picked":["rmod:expedition","rmod:salvage"],"picked":"rmod:openingtorpedo","floor":7},{"not_picked":["Murderer","SingingMachine","HeroicMonk"],"picked":"Singing Bowl","floor":10},{"not_picked":["UniverseFragment","BeautyBeast"],"picked":"Wellcheers","floor":10},{"not_picked":["rmod:goodfighter","rmod:capitalist"],"picked":"rmod:diamondstrike","floor":10},{"not_picked":["FairyFestival","QueenOfHatred","BlackArmy"],"picked":"Singing Bowl","floor":12},{"not_picked":["rmod:sl","rmod:guardianhero"],"picked":"rmod:luckystar","floor":12},{"not_picked":["Murderer","Scorched","NakedNest"],"picked":"Singing Bowl","floor":14},{"not_picked":["Porccubus","UniverseFragment"],"picked":"OSAHOGD","floor":14},{"not_picked":["rmod:wolves","rmod:garrisonisland"],"picked":"rmod:openingtorpedo","floor":14}],"player_experience":594698,"relics_obtained":[{"floor":7,"key":"CeramicFish"}],"event_choices":[{"damage_healed":0,"gold_gain":0,"player_choice":"Bought 2 Potions","damage_taken":0,"max_hp_gain":0,"max_hp_loss":0,"event_name":"The Woman in Blue","floor":5,"gold_loss":0},{"damage_healed":0,"gold_gain":0,"player_choice":"Got Potions","damage_taken":0,"max_hp_gain":0,"max_hp_loss":0,"event_name":"Lab","floor":11,"gold_loss":0}],"is_beta":false,"boss_relics":[],"items_purged_floors":[],"is_endless":false,"potions_floor_spawned":[2,7,10,12],"killed_by":"Hexaghost","ascension_level":0}}