{"host":"opyh6vr790e42ffe","time":1612243540,"event":{"mods":["BaseMod","Bestiary","Colored Map","Downfall","Highlight Path","Minty Spire (QoL Compilation)","Relic Stats","StSLib"],"gold_per_floor":[99,113,113,127,144,158,158,58,10,38,38,71,71,81,99,201,201,101,146,159,69,19,77,77,177,208,208,269,317,317,344,369,369],"floor_reached":32,"language":"ENG","playtime":15988,"items_purged":[],"score":419,"play_id":"2742c0c8-6913-45fc-813f-79daf1a89c89","local_time":"20210201212540","is_ascension_mode":true,"campfire_choices":[{"floor":1.0,"key":"RECALL"},{"data":"sneckomod:UnknownUncommonPower","floor":8.0,"key":"SMITH"},{"floor":11.0,"key":"REST"},{"data":"sneckomod:UnknownBoss","floor":13.0,"key":"SMITH"},{"data":"sneckomod:Unknown3Cost","floor":18,"key":"SMITH"},{"floor":27,"key":"REST"}],"circlet_count":0,"master_deck":["sneckomod:Strike","sneckomod:Strike","sneckomod:Strike","sneckomod:Defend","sneckomod:Defend","sneckomod:Defend","sneckomod:TailWhip","sneckomod:SnekBite","sneckomod:Unknown","sneckomod:Unknown","sneckomod:Cheat+1","sneckomod:DiceBlock+1","Parasite","sneckomod:WideSting","sneckomod:UnknownUncommonPower+1","sneckomod:DiceCrush","sneckomod:UnknownBoss+1","sneckomod:UnknownUncommonPower","sneckomod:Restock","sneckomod:UnknownUncommonPower","sneckomod:Unknown3Cost+1","sneckomod:UnknownUncommonPower","sneckomod:Nope+1","sneckomod:UnknownRareAttack","sneckomod:UnknownStrength","bronze:Optimize","sneckomod:QuickBite","sneckomod:UnknownExhaust","sneckomod:UnknownRarePower","Good Instincts","downfall:Bewildered","sneckomod:TrashToTreasure","sneckomod:UnknownDraw","sneckomod:Restock","Pain","sneckomod:UnknownStrength"],"relics":["sneckomod:SneckoSoul","downfall:HeartBlessingRed","Pantograph","InkBottle","Snecko Eye","downfall:HeartBlessingBlue","Orichalcum","StrikeDummy","downfall:GremlinSack","bronze:DecasWashers","Shuriken","WarpedTongs","Strawberry"],"acts_visited":["Exordium","TheCity"],"potions_floor_usage":[28],"damage_taken":[{"damage":0.0,"enemies":"Cultist","floor":2.0,"turns":2.0},{"damage":0.0,"enemies":"Small Slimes","floor":4.0,"turns":4.0},{"damage":2.0,"enemies":"2 Louse","floor":5.0,"turns":2.0},{"damage":0.0,"enemies":"Large Slime","floor":6.0,"turns":5.0},{"damage":0.0,"enemies":"downfall:FleeingMerchant","floor":9.0,"turns":4.0},{"damage":40.0,"enemies":"Lagavulin","floor":10.0,"turns":8.0},{"damage":26.0,"enemies":"3 Sentries","floor":12.0,"turns":9.0},{"damage":12.0,"enemies":"Exordium Thugs","floor":14.0,"turns":3.0},{"damage":0.0,"enemies":"Gremlin Gang","floor":15.0,"turns":4.0},{"damage":9.0,"enemies":"IC_STATUS_ARCHETYPE","floor":16.0,"turns":7.0},{"damage":20,"enemies":"Spheric Guardian","floor":19,"turns":5},{"damage":0,"enemies":"Centurion and Healer","floor":20,"turns":4},{"damage":10,"enemies":"downfall:FleeingMerchant","floor":21,"turns":5},{"damage":13,"enemies":"Gremlin Leader","floor":23,"turns":6},{"damage":12,"enemies":"Gremlin Leader","floor":25,"turns":4},{"damage":45,"enemies":"Slavers","floor":26,"turns":3},{"damage":26,"enemies":"Book of Stabbing","floor":28,"turns":5},{"damage":4,"enemies":"Cultist and Chosen","floor":29,"turns":5},{"damage":33,"enemies":"Slavers","floor":31,"turns":4},{"damage":19,"enemies":"Snecko","floor":32,"turns":5}],"seed_played":"-413029743527866057","potions_obtained":[{"floor":4.0,"key":"FearPotion"},{"floor":10.0,"key":"Dexterity Potion"},{"floor":12.0,"key":"DistilledChaos"},{"floor":15.0,"key":"Guardian:BlockOnCardUsePotion"},{"floor":26,"key":"AttackPotion"},{"floor":29,"key":"Slimebound:ThreeZeroPotion"}],"is_trial":false,"path_per_floor":["R","M","?","M","M","M","T","R","$","E","R","E","R","M","M","B",null,"R","M","M","$","?","E","T","?","E","R","E","M","?","E","M"],"character_chosen":"THE_SNECKO","items_purchased":["sneckomod:UnknownUncommonPower","sneckomod:UnknownRareAttack"],"campfire_rested":2,"item_purchase_floors":[9,21],"current_hp_per_floor":[63,63,63,63,61,61,61,61,61,26,53,37,37,25,25,41,90,100,80,80,70,100,87,87,75,40,70,44,40,40,14,0,0],"gold":369,"neow_bonus":"THREE_RARE_CARDS","is_daily":false,"chose_seed":false,"campfire_upgraded":3,"win_rate":0.0,"timestamp":1612243540,"path_taken":["R","M","?","M","?","M","T","R","$","E","R","E","R","M","M","BOSS","R","M","M","$","?","E","T","?","E","R","E","?","?","E","M"],"items_purchased_type":["Card","Card"],"build_version":"2020-12-22","purchased_purges":0,"victory":false,"max_hp_per_floor":[90,90,90,90,90,90,90,90,90,90,90,90,90,90,90,90,90,100,100,100,100,100,100,100,100,100,100,100,100,100,107,107,107],"relic_stats":{"counters":[20,94],"Shuriken":[5],"Pantograph":25,"Snecko Eye":[81,102,104,87],"Orichalcum":[42],"obtain_stats":[{"downfall:HeartBlessingRed":8,"bronze:DecasWashers":26,"Orichalcum":23,"sneckomod:SneckoSoul":0,"WarpedTongs":30,"downfall:GremlinSack":25,"downfall:HeartBlessingBlue":18,"Shuriken":28,"Pantograph":10,"Strawberry":31,"Snecko Eye":17,"StrikeDummy":24,"InkBottle":12},{"downfall:HeartBlessingRed":4,"bronze:DecasWashers":16,"Orichalcum":14,"sneckomod:SneckoSoul":0,"WarpedTongs":18,"downfall:GremlinSack":15,"downfall:HeartBlessingBlue":10,"Shuriken":17,"Pantograph":6,"Strawberry":19,"Snecko Eye":10,"StrikeDummy":14,"InkBottle":7},{"downfall:HeartBlessingRed":13,"bronze:DecasWashers":75,"Orichalcum":68,"sneckomod:SneckoSoul":0,"WarpedTongs":85,"downfall:GremlinSack":72,"downfall:HeartBlessingBlue":48,"Shuriken":80,"Pantograph":25,"Strawberry":89,"Snecko Eye":48,"StrikeDummy":68,"InkBottle":34}],"InkBottle":[26],"WarpedTongs":[9]},"card_choices":[{"not_picked":["sneckomod:Unknown3Cost","sneckomod:Restock"],"picked":"sneckomod:Cheat","floor":0.0},{"not_picked":["sneckomod:MixItUp","sneckomod:Unknown1Cost"],"picked":"sneckomod:DiceBlock","floor":2.0},{"not_picked":["sneckomod:UnknownDraw","sneckomod:DiceCrush"],"picked":"sneckomod:WideSting","floor":4.0},{"not_picked":["sneckomod:DefensiveFlair","sneckomod:UnknownCommonSkill"],"picked":"sneckomod:UnknownUncommonPower","floor":5.0},{"not_picked":["sneckomod:Unknown0Cost","sneckomod:UnknownCommonSkill"],"picked":"sneckomod:DiceCrush","floor":6.0},{"not_picked":["sneckomod:QuickMove","sneckomod:Unknown1Cost"],"picked":"sneckomod:UnknownBoss","floor":9.0},{"not_picked":["sneckomod:SoulDraw","sneckomod:Unknown0Cost"],"picked":"sneckomod:Restock","floor":10.0},{"not_picked":["sneckomod:Memorize","sneckomod:UnknownUncommonAttack","sneckomod:QuickMove"],"picked":"SKIP","floor":12.0},{"not_picked":["sneckomod:WideSting","sneckomod:QuickMove","sneckomod:DiceCrush"],"picked":"SKIP","floor":14.0},{"not_picked":["sneckomod:IronFang","sneckomod:ImprovisedGuard"],"picked":"sneckomod:UnknownUncommonPower","floor":15.0},{"not_picked":["sneckomod:Mudshield","sneckomod:Restock"],"picked":"sneckomod:Unknown3Cost","floor":16.0},{"not_picked":["sneckomod:Rotation","sneckomod:SoulRoll+1"],"picked":"sneckomod:UnknownUncommonPower","floor":19},{"not_picked":["sneckomod:QuickBite+1","sneckomod:RainOfDice","sneckomod:UnknownUncommonAttack+1"],"picked":"SKIP","floor":20},{"not_picked":["sneckomod:UnknownClassPURPLE","sneckomod:UnknownClassGUARDIAN+1"],"picked":"sneckomod:Nope+1","floor":21},{"not_picked":["sneckomod:SoulRoll","sneckomod:UnknownStrike"],"picked":"sneckomod:UnknownStrength","floor":23},{"not_picked":["sneckomod:UnknownClassTHE_CHAMP_GRAY","sneckomod:SoulDraw"],"picked":"sneckomod:TrashToTreasure","floor":25},{"not_picked":["sneckomod:UnknownCommonAttack+1","sneckomod:RainOfDice"],"picked":"sneckomod:UnknownDraw","floor":26},{"not_picked":["sneckomod:QuickMove+1","sneckomod:RainOfDice","sneckomod:DiceBoulder+1"],"picked":"SKIP","floor":28},{"not_picked":["sneckomod:DefensiveFlair","sneckomod:SoulDraw"],"picked":"sneckomod:Restock","floor":29},{"not_picked":["sneckomod:ImprovisedGuard","sneckomod:UnknownClassPURPLE+1"],"picked":"sneckomod:UnknownStrength","floor":31}],"player_experience":2705136,"relics_obtained":[{"floor":10.0,"key":"Pantograph"},{"floor":12.0,"key":"InkBottle"},{"floor":23,"key":"Orichalcum"},{"floor":24,"key":"StrikeDummy"},{"floor":25,"key":"downfall:GremlinSack"},{"floor":26,"key":"bronze:DecasWashers"},{"floor":28,"key":"Shuriken"},{"floor":31,"key":"Strawberry"}],"event_choices":[{"damage_healed":0,"gold_gain":0,"player_choice":"Rummage","damage_taken":0,"relics_obtained":["WarpedTongs"],"max_hp_gain":0,"max_hp_loss":0,"event_name":"Accursed Blacksmith","floor":30,"gold_loss":0,"cards_obtained":["Pain"]}],"is_beta":false,"boss_relics":[{"not_picked":["Philosopher\u0027s Stone","Coffee Dripper"],"picked":"Snecko Eye"}],"items_purged_floors":[],"is_endless":false,"potions_floor_spawned":[4,10,12,15,19,23,26,29],"killed_by":"Snecko","ascension_level":1}}