{"host":"v3mpq6flurzldi5g","time":1612307890,"event":{"mods":["AchievementEnabler","BaseMod","Colored Powertips","Highlight Path","Minty Spire (QoL Compilation)","StSLib"],"gold_per_floor":[112,112,131,149,159,159,175,102,153,38,56,56,27,55,55,131,131,112,127,142,142,142,142,142,142],"floor_reached":24,"language":"ENG","playtime":1085,"items_purged":["Strike_G"],"score":327,"play_id":"41037d4c-6a5c-4805-a36a-15a287abfe04","local_time":"20210202181810","is_ascension_mode":true,"campfire_choices":[{"data":"Neutralize","floor":6,"key":"SMITH"},{"floor":12,"key":"REST"},{"floor":15,"key":"REST"},{"floor":23,"key":"REST"}],"circlet_count":0,"master_deck":["AscendersBane","Strike_G","Strike_G","Strike_G","Strike_G","Defend_G","Defend_G","Defend_G","Defend_G","Defend_G","Survivor","Neutralize+1","Poisoned Stab","Sucker Punch","Blade Dance","Leg Sweep","Accuracy","Infinite Blades","Slice","PiercingWail","Adrenaline","Noxious Fumes","Accuracy"],"relics":["Ring of the Serpent","Snake Skull","StrikeDummy","Enchiridion"],"acts_visited":["Exordium","TheCity"],"potions_floor_usage":[16,20,24],"damage_taken":[{"damage":3,"enemies":"Small Slimes","floor":1,"turns":5},{"damage":1,"enemies":"Cultist","floor":3,"turns":4},{"damage":4,"enemies":"Jaw Worm","floor":4,"turns":4},{"damage":5,"enemies":"Exordium Wildlife","floor":5,"turns":4},{"damage":0,"enemies":"Blue Slaver","floor":7,"turns":5},{"damage":3,"enemies":"Looter","floor":11,"turns":3},{"damage":22,"enemies":"Gremlin Nob","floor":14,"turns":5},{"damage":16,"enemies":"The Guardian","floor":16,"turns":8},{"damage":22,"enemies":"2 Thieves","floor":18,"turns":4},{"damage":8,"enemies":"Spheric Guardian","floor":19,"turns":5},{"damage":25,"enemies":"Centurion and Healer","floor":20,"turns":5},{"damage":58,"enemies":"Slavers","floor":24,"turns":3}],"seed_played":"-6097811392234431438","potions_obtained":[{"floor":1,"key":"Strength Potion"},{"floor":3,"key":"LiquidBronze"},{"floor":5,"key":"PowerPotion"},{"floor":16,"key":"PowerPotion"}],"is_trial":false,"path_per_floor":["M","?","M","M","M","R","M","$","T","$","M","R","?","E","R","B",null,"M","M","M","?","?","R","E"],"character_chosen":"THE_SILENT","items_purchased":["Accuracy","Infinite Blades"],"campfire_rested":3,"item_purchase_floors":[8,10],"current_hp_per_floor":[67,60,59,55,50,50,50,50,50,50,47,70,70,48,71,55,72,50,42,17,1,26,49,0,0],"gold":142,"neow_bonus":"TEN_PERCENT_HP_BONUS","is_daily":false,"chose_seed":false,"campfire_upgraded":1,"win_rate":0.0,"timestamp":1612307890,"path_taken":["M","?","?","?","M","R","?","$","T","$","M","R","?","E","R","BOSS","M","M","M","?","?","R","E"],"items_purchased_type":["Card","Card"],"build_version":"2020-12-22","purchased_purges":1,"victory":false,"max_hp_per_floor":[77,77,77,77,77,77,77,77,77,77,77,77,77,77,77,77,77,77,77,77,77,77,77,77,77],"card_choices":[{"not_picked":["Reflex","PiercingWail"],"picked":"Poisoned Stab","floor":1},{"not_picked":["Terror","Predator"],"picked":"Sucker Punch","floor":3},{"not_picked":["Cloak And Dagger","Underhanded Strike"],"picked":"Blade Dance","floor":4},{"not_picked":["Calculated Gamble","Dagger Throw"],"picked":"Leg Sweep","floor":5},{"not_picked":["Eviscerate","Leg Sweep","Masterful Stab"],"picked":"SKIP","floor":7},{"not_picked":["Prepared","Deflect"],"picked":"Slice","floor":11},{"not_picked":["Acrobatics","A Thousand Cuts"],"picked":"PiercingWail","floor":14},{"not_picked":["Storm of Steel","Tools of the Trade"],"picked":"Adrenaline","floor":16},{"not_picked":["Caltrops","Underhanded Strike"],"picked":"Noxious Fumes","floor":18},{"not_picked":["Backstab","Poisoned Stab"],"picked":"Accuracy","floor":19},{"not_picked":["Concentrate","Dagger Throw","Slice"],"picked":"SKIP","floor":20}],"player_experience":1100622,"relics_obtained":[{"floor":9,"key":"Snake Skull"},{"floor":14,"key":"StrikeDummy"},{"floor":21,"key":"Enchiridion"}],"event_choices":[{"damage_healed":0,"gold_gain":0,"player_choice":"Damaged","damage_taken":7,"max_hp_gain":0,"max_hp_loss":0,"event_name":"Wheel of Change","floor":2,"gold_loss":0},{"damage_healed":0,"gold_gain":0,"player_choice":"Left Gold","damage_taken":0,"max_hp_gain":0,"max_hp_loss":0,"event_name":"World of Goop","floor":13,"gold_loss":29},{"damage_healed":0,"gold_gain":0,"player_choice":"Obtained Book","damage_taken":16,"max_hp_gain":0,"max_hp_loss":0,"event_name":"Cursed Tome","floor":21,"gold_loss":0},{"damage_healed":25,"gold_gain":0,"player_choice":"Heal","damage_taken":0,"max_hp_gain":0,"max_hp_loss":0,"event_name":"The Library","floor":22,"gold_loss":0}],"is_beta":false,"boss_relics":[{"not_picked":["Runic Dome","Tiny House"],"picked":"Ring of the Serpent"}],"items_purged_floors":[10],"is_endless":false,"potions_floor_spawned":[1,3,4,5,16,19],"killed_by":"Slavers","ascension_level":13}}