{"host":"jumrmhf584hajrnz","time":1612298298,"event":{"mods":["BaseMod","Duelist Mod","GifTheSpireLib","Minty Spire (QoL Compilation)","Quick Restart","StSLib"],"gold_per_floor":[141,141,156,47,63,11,28,28,28,28,55,3,3,34,34,112,112,129,129,106,119,80,80,99,99,149,177,177,189,189,208,208,283,283,301,319,319,319,337,337,337,371,371,390,390,415,415,429,429,429,429,429,429,44,70,70,70],"floor_reached":56,"language":"ENG","playtime":3490,"items_purged":["theDuelist:SummoningCurse"],"score":2095,"play_id":"eca70a15-c38a-422c-a7c9-685d677eeabf","local_time":"20210202213818","is_ascension_mode":true,"campfire_choices":[{"floor":8,"key":"RECALL"},{"floor":15,"key":"REST"},{"floor":23,"key":"DIG"},{"floor":30,"key":"REST"},{"floor":32,"key":"DIG"},{"floor":40,"key":"REST"},{"floor":45,"key":"REST"},{"floor":47,"key":"DIG"},{"floor":49,"key":"DIG"},{"floor":53,"key":"REST"}],"circlet_count":0,"master_deck":["theDuelist:AngelTrumpeter","AscendersBane","theDuelist:CactusBouncer","theDuelist:CastleWalls","theDuelist:DarkworldThorns","theDuelist:Inmato","theDuelist:JerryBeansMan","theDuelist:JerryBeansMan","theDuelist:Sparks","theDuelist:Sparks","theDuelist:RevivalRose+1","theDuelist:PredaplantSpinodionaea+1","theDuelist:PredaplantPterapenthes","theDuelist:Nameless:Power:ForbiddenLance","theDuelist:MudGolem","theDuelist:PredaplantPterapenthes","theDuelist:WingedKuriboh","theDuelist:Inmato","theDuelist:CactusBouncer","theDuelist:SilverApples+1","theDuelist:RevivalRose","theDuelist:SuperSolarNutrient+1","theDuelist:MillenniumGolem","theDuelist:WhiteRoseDragon","theDuelist:FallenAngelRoses","theDuelist:BlueRoseDragon","theDuelist:VioletCrystal","theDuelist:CopyPlant","theDuelist:SilverApples","theDuelist:Kuriboh","theDuelist:KamionTimelord","theDuelist:MudGolem+1","theDuelist:PredaplantSpinodionaea+1","Parasite","theDuelist:BloomingDarkestRose+1","theDuelist:PredaplantPterapenthes","theDuelist:TwilightRoseKnight+1","theDuelist:WhiteRoseDragon+1","theDuelist:SilverApples","theDuelist:AcidTrapHole+1","theDuelist:PredaplantPterapenthes","theDuelist:WormApocalypse+1","theDuelist:CactusBouncer","theDuelist:VioletCrystal","theDuelist:FallenAngelRoses+1"],"relics":["theDuelist:MillenniumPuzzle","theDuelist:CardPoolRelic","theDuelist:CardPoolBasicRelic","theDuelist:BoosterPackPoolRelic","theDuelist:CardPoolAddRelic","theDuelist:CardPoolMinusRelic","theDuelist:CardPoolSaveRelic","theDuelist:CardPoolOptionsRelic","theDuelist:NamelessWarRelicB","Regal Pillow","theDuelist:BoosterPackTrapEgg","Happy Flower","Shovel","Busted Crown","Tiny Chest","Dream Catcher","Boot","Matryoshka","SlaversCollar","MealTicket","HornCleat","theDuelist:MillenniumRing","Art of War","theDuelist:MetronomeRelicB","Gremlin Horn","Strawberry","Centennial Puzzle","theDuelist:TributeEggRelic","Vajra","Lizard Tail"],"acts_visited":["Exordium","TheCity","TheBeyond","TheEnding"],"potions_floor_usage":[11,16,27,27,29,44,51],"damage_taken":[{"damage":4,"enemies":"Small Slimes","floor":1,"turns":3},{"damage":7,"enemies":"Jaw Worm","floor":3,"turns":3},{"damage":0,"enemies":"Cultist","floor":5,"turns":3},{"damage":0,"enemies":"Exordium Wildlife","floor":7,"turns":2},{"damage":14,"enemies":"3 Sentries","floor":11,"turns":5},{"damage":7,"enemies":"Lagavulin","floor":14,"turns":3},{"damage":0,"enemies":"Slime Boss","floor":16,"turns":5},{"damage":5,"enemies":"Chosen","floor":18,"turns":4},{"damage":0,"enemies":"2 Thieves","floor":20,"turns":4},{"damage":15,"enemies":"Snake Plant","floor":21,"turns":3},{"damage":0,"enemies":"Snecko","floor":24,"turns":4},{"damage":5,"enemies":"Slavers","floor":27,"turns":4},{"damage":8,"enemies":"Centurion and Healer","floor":29,"turns":5},{"damage":0,"enemies":"Shelled Parasite and Fungi","floor":31,"turns":3},{"damage":38,"enemies":"Automaton","floor":33,"turns":8},{"damage":22,"enemies":"3 Shapes","floor":35,"turns":3},{"damage":0,"enemies":"Orb Walker","floor":36,"turns":3},{"damage":29,"enemies":"Writhing Mass","floor":39,"turns":6},{"damage":18,"enemies":"Reptomancer","floor":42,"turns":6},{"damage":0,"enemies":"3 Darklings","floor":44,"turns":3},{"damage":0,"enemies":"Nemesis","floor":46,"turns":4},{"damage":0,"enemies":"Sphere and 2 Shapes","floor":48,"turns":3},{"damage":22,"enemies":"Awakened One","floor":50,"turns":12},{"damage":68,"enemies":"Time Eater","floor":51,"turns":12},{"damage":59,"enemies":"Shield and Spear","floor":55,"turns":6},{"damage":113,"enemies":"The Heart","floor":56,"turns":8}],"seed_played":"796885451418494425","potions_obtained":[{"floor":1,"key":"FocusPotion"},{"floor":5,"key":"theDuelist:BigOrbBottle"},{"floor":11,"key":"theDuelist:FlamingBottle"},{"floor":16,"key":"DistilledChaos"},{"floor":20,"key":"theDuelist:LavaBottle"},{"floor":28,"key":"Energy Potion"},{"floor":28,"key":"FearPotion"},{"floor":31,"key":"theDuelist:SealedPackE"},{"floor":39,"key":"theDuelist:BigOrbBottle"}],"is_trial":false,"path_per_floor":["M","?","M","?","M","$","M","R","T","$","E","$","?","E","R","B",null,"M","?","M","M","$","R","M","?","T","E","?","M","R","M","R","B",null,"M","M","T","?","M","R","?","E","T","M","R","E","R","M","R","B","B",null,"R","$","E","B"],"character_chosen":"THE_DUELIST","items_purchased":["theDuelist:PredaplantPterapenthes","theDuelist:CactusBouncer","theDuelist:FallenAngelRoses","Vajra","theDuelist:CactusBouncer","theDuelist:VioletCrystal"],"campfire_rested":5,"item_purchase_floors":[6,12,22,54,54,54],"current_hp_per_floor":[41,41,34,51,51,51,51,51,51,51,37,37,37,30,71,71,83,78,78,78,63,63,63,63,38,38,33,33,25,67,67,67,29,76,54,54,54,54,25,67,67,49,49,49,91,98,98,98,98,76,8,76,99,99,40,0,0],"gold":70,"neow_bonus":"THREE_RARE_CARDS","is_daily":false,"chose_seed":false,"campfire_upgraded":0,"win_rate":0.0,"timestamp":1612298298,"path_taken":["M","?","M","?","M","?","?","R","T","$","E","$","?","E","R","BOSS","M","?","?","M","$","R","M","?","T","E","?","M","R","M","R","BOSS","M","M","?","?","M","R","?","E","T","M","R","E","R","?","R","BOSS","BOSS","R","$","E","BOSS"],"items_purchased_type":["Card","Card","Card","Relic","Card","Card"],"build_version":"2020-12-22","purchased_purges":1,"victory":false,"max_hp_per_floor":[70,70,70,87,87,87,87,87,87,87,87,87,87,87,87,87,87,87,87,87,87,87,87,87,92,92,92,92,92,92,92,92,92,92,92,92,92,92,92,92,92,92,92,92,92,99,99,99,99,99,99,99,99,99,99,99,99],"card_choices":[{"not_picked":["theDuelist:KamionTimelord","theDuelist:BeastFangs"],"picked":"theDuelist:RevivalRose","floor":0},{"not_picked":["theDuelist:AcidTrapHole+1","theDuelist:FallenAngelRoses+1"],"picked":"theDuelist:PredaplantSpinodionaea+1","floor":1},{"not_picked":["theDuelist:CrystalRose","theDuelist:GracefulCharity","theDuelist:VioletCrystal","theDuelist:RosePaladin"],"picked":"theDuelist:PredaplantPterapenthes","floor":3},{"not_picked":["theDuelist:Blockman","theDuelist:GemElephant","theDuelist:WeepingIdol","theDuelist:KamionTimelord"],"picked":"theDuelist:MudGolem","floor":5},{"not_picked":["theDuelist:LightningVortex","theDuelist:MillenniumGolem","theDuelist:WormWarlord","theDuelist:ForbiddenLance"],"picked":"theDuelist:WingedKuriboh","floor":7},{"not_picked":["theDuelist:CactusBouncer","theDuelist:JerryBeansMan","theDuelist:WhiteRoseDragon","theDuelist:ThornMalice"],"picked":"theDuelist:Inmato","floor":11},{"not_picked":["theDuelist:BotanicalLion","theDuelist:LonefireBlossom","theDuelist:WormApocalypse","theDuelist:FrozenRose"],"picked":"theDuelist:SilverApples+1","floor":14},{"not_picked":["theDuelist:BlossomBombardment+1","theDuelist:PredaplantSarraceniant","theDuelist:PredaplantChimerafflesia","theDuelist:Gigaplant"],"picked":"theDuelist:RevivalRose","floor":16},{"not_picked":["theDuelist:JerryBeansMan","theDuelist:Firegrass"],"picked":"theDuelist:SuperSolarNutrient+1","floor":18},{"not_picked":["theDuelist:MudGolem+1","theDuelist:RainbowOverdragon"],"picked":"theDuelist:MillenniumGolem","floor":20},{"not_picked":["theDuelist:CactusBouncer+1","theDuelist:PredaplantPterapenthes"],"picked":"theDuelist:WhiteRoseDragon","floor":21},{"not_picked":["theDuelist:LonefireBlossom+1","theDuelist:SuperSolarNutrient"],"picked":"theDuelist:BlueRoseDragon","floor":24},{"not_picked":["theDuelist:WorldTree","theDuelist:BloomingDarkestRose+1","theDuelist:SplendidRose+1"],"picked":"theDuelist:VioletCrystal","floor":27},{"not_picked":["theDuelist:WorldCarrot","theDuelist:QueenAngelRoses"],"picked":"theDuelist:CopyPlant","floor":29},{"not_picked":[],"picked":"theDuelist:SilverApples","floor":30},{"not_picked":["theDuelist:FeatherPho","theDuelist:BattleOx"],"picked":"theDuelist:Kuriboh","floor":31},{"not_picked":["theDuelist:RainbowKuriboh+1","theDuelist:RainbowOverdragon"],"picked":"theDuelist:KamionTimelord","floor":33},{"not_picked":["theDuelist:BigFire","theDuelist:WormBarses+1"],"picked":"theDuelist:MudGolem+1","floor":35},{"not_picked":["theDuelist:JerryBeansMan","theDuelist:SangaEarth"],"picked":"theDuelist:PredaplantSpinodionaea+1","floor":36},{"not_picked":["theDuelist:WorldTree","theDuelist:VioletCrystal","theDuelist:SplendidRose+1"],"picked":"theDuelist:BloomingDarkestRose+1","floor":39},{"not_picked":[],"picked":"theDuelist:PredaplantPterapenthes","floor":40},{"not_picked":["theDuelist:SilverApples+1","theDuelist:CactusBouncer"],"picked":"theDuelist:TwilightRoseKnight+1","floor":42},{"not_picked":["theDuelist:BlueBloodedOni","theDuelist:RainbowKuriboh+1"],"picked":"theDuelist:WhiteRoseDragon+1","floor":44},{"not_picked":[],"picked":"theDuelist:SilverApples","floor":45},{"not_picked":["theDuelist:BotanicalLion+1","theDuelist:JerryBeansMan+1"],"picked":"theDuelist:AcidTrapHole+1","floor":46},{"not_picked":["theDuelist:CactusBouncer","theDuelist:DarkworldThorns"],"picked":"theDuelist:PredaplantPterapenthes","floor":48},{"not_picked":[],"picked":"theDuelist:WormApocalypse+1","floor":53},{"not_picked":["theDuelist:PredaplantPterapenthes+1","theDuelist:BloomingDarkestRose+1"],"picked":"theDuelist:FallenAngelRoses+1","floor":55}],"player_experience":1682061,"relics_obtained":[{"floor":9,"key":"Regal Pillow"},{"floor":11,"key":"theDuelist:BoosterPackTrapEgg"},{"floor":14,"key":"Shovel"},{"floor":23,"key":"Dream Catcher"},{"floor":27,"key":"Boot"},{"floor":32,"key":"Matryoshka"},{"floor":37,"key":"MealTicket"},{"floor":37,"key":"HornCleat"},{"floor":42,"key":"Art of War"},{"floor":43,"key":"theDuelist:MetronomeRelicB"},{"floor":43,"key":"Gremlin Horn"},{"floor":46,"key":"Strawberry"},{"floor":47,"key":"Centennial Puzzle"},{"floor":49,"key":"theDuelist:TributeEggRelic"},{"floor":55,"key":"Lizard Tail"}],"event_choices":[{"damage_healed":0,"gold_gain":0,"player_choice":"Grow","damage_taken":0,"max_hp_gain":0,"max_hp_loss":0,"event_name":"Living Wall","floor":2,"gold_loss":0,"cards_upgraded":["theDuelist:RevivalRose"]},{"power_reward":4,"total_magic_score":13,"gold_gain":0,"duelist":true,"damage_taken":0,"relics_obtained":["theDuelist:NamelessWarRelicB"],"points":10,"war_reward":2,"max_hp_gain":17,"max_hp_loss":0,"spent_points":{"magic":0,"greed":0,"war":2,"power":4,"hunger":4},"event_name":"Nameless Tomb","hunger_reward":4,"floor":4,"gold_loss":109,"cards_obtained":["theDuelist:Nameless:Power:ForbiddenLance"]},{"damage_healed":0,"gold_gain":0,"player_choice":"Searched \u00272\u0027 times","damage_taken":0,"relics_obtained":["Happy Flower"],"max_hp_gain":0,"max_hp_loss":0,"event_name":"Dead Adventurer","floor":13,"gold_loss":0},{"damage_healed":0,"gold_gain":0,"player_choice":"Gave Potion","damage_taken":0,"relics_obtained":["Tiny Chest"],"max_hp_gain":0,"max_hp_loss":0,"event_name":"WeMeetAgain","floor":19,"gold_loss":0},{"damage_healed":0,"gold_gain":0,"player_choice":"Shed Blood","damage_taken":30,"max_hp_gain":5,"max_hp_loss":0,"event_name":"Forgotten Altar","floor":25,"gold_loss":0},{"damage_healed":0,"gold_gain":0,"player_choice":"Got Potions","damage_taken":0,"max_hp_gain":0,"max_hp_loss":0,"event_name":"Lab","floor":28,"gold_loss":0},{"damage_healed":0,"gold_gain":0,"player_choice":"Took item - Received: Millennium Ring","duelist":true,"damage_taken":0,"max_hp_gain":0,"max_hp_loss":0,"event_name":"Millennium Items","floor":38,"gold_loss":0},{"cards_removed":["theDuelist:CastleWalls"],"damage_healed":0,"gold_gain":0,"player_choice":"Removed Skill","damage_taken":0,"max_hp_gain":0,"max_hp_loss":0,"event_name":"Falling","floor":41,"gold_loss":0}],"is_beta":false,"boss_relics":[{"not_picked":["Philosopher\u0027s Stone","Runic Cube"],"picked":"Busted Crown"},{"not_picked":["Snecko Eye","Black Star"],"picked":"SlaversCollar"}],"items_purged_floors":[54],"is_endless":false,"potions_floor_spawned":[1,5,11,16,20,21,31,36,39,42],"killed_by":"The Heart","ascension_level":20}}