{"host":"f76wcztdlwlduum6","time":1612298116,"event":{"mods":["AchievementEnabler","BaseMod","BetterRewards","Colored Powertips","Minty Spire (QoL Compilation)","Quick Restart","Rare Cards Sparkle","Relic Stats","StSLib","SuperFastMode","everything is the same but u backflip on backflip"],"gold_per_floor":[116,116,134,152,168,195,195,208,257,276,276,315,370,405,405,476,476,495,495,515,311,327,357,370,396,465,465,465,479,491,503,503,575,575,585,48,61,74,0,0,27,58,58,69,101,126,159,159,159,159,159,159,159,35,64,64],"floor_reached":57,"language":"ENG","playtime":4070,"items_purged":["Strike_B","Strike_B","Strike_B","Strike_B","Defend_B","Dualcast","Defend_B","Coolheaded","Conserve Battery"],"score":4008,"play_id":"a4dfd24b-0367-40d1-b12f-4fe025499585","local_time":"20210202143516","is_ascension_mode":true,"campfire_choices":[{"data":"Glacier","floor":7,"key":"SMITH"},{"data":"Zap","floor":11,"key":"SMITH"},{"data":"Biased Cognition","floor":15,"key":"SMITH"},{"data":"Capacitor","floor":27,"key":"SMITH"},{"data":"Defragment","floor":32,"key":"SMITH"},{"data":"Self Repair","floor":40,"key":"SMITH"},{"floor":49,"key":"RECALL"},{"data":"Machine Learning","floor":53,"key":"SMITH"}],"circlet_count":0,"master_deck":["AscendersBane","Zap+1","Glacier+1","Glacier+1","Capacitor","Flash of Steel","Capacitor+1","Self Repair+1","Consume+1","Consume+1","Glacier+1","Core Surge","Biased Cognition+1","Blizzard+1","Seek+1","Conserve Battery+1","Master of Strategy+1","Defragment+1","Defragment+1","Machine Learning+1","Conserve Battery+1","Glacier+1","Electrodynamics","Capacitor","Loop","Multi-Cast+1"],"relics":["Inserter","Matryoshka","Question Card","ClockworkSouvenir","Lantern","TungstenRod","Calipers","Tiny Chest","Bottled Flame","Toxic Egg 2","Bottled Tornado","Oddly Smooth Stone","Ice Cream","Philosopher\u0027s Stone","DataDisk","Pantograph","Letter Opener","Nuclear Battery","Cables","Red Mask","Bag of Preparation","Orichalcum","Vajra","Meat on the Bone","Bag of Marbles","Smiling Mask","Nunchaku"],"acts_visited":["Exordium","TheCity","TheBeyond","TheEnding"],"potions_floor_usage":[31,33,37,56,56],"damage_taken":[{"damage":0,"enemies":"2 Louse","floor":1,"turns":4},{"damage":0,"enemies":"Jaw Worm","floor":3,"turns":9},{"damage":0,"enemies":"Cultist","floor":4,"turns":5},{"damage":19,"enemies":"Gremlin Gang","floor":5,"turns":5},{"damage":4,"enemies":"3 Sentries","floor":6,"turns":33},{"damage":0,"enemies":"Red Slaver","floor":8,"turns":7},{"damage":5,"enemies":"Blue Slaver","floor":10,"turns":8},{"damage":0,"enemies":"Lagavulin","floor":12,"turns":9},{"damage":0,"enemies":"Gremlin Nob","floor":14,"turns":7},{"damage":0,"enemies":"The Guardian","floor":16,"turns":12},{"damage":0,"enemies":"2 Thieves","floor":18,"turns":5},{"damage":0,"enemies":"Spheric Guardian","floor":20,"turns":8},{"damage":0,"enemies":"Snake Plant","floor":22,"turns":5},{"damage":0,"enemies":"Gremlin Leader","floor":23,"turns":7},{"damage":3,"enemies":"Shelled Parasite and Fungi","floor":24,"turns":6},{"damage":0,"enemies":"Slavers","floor":25,"turns":14},{"damage":0,"enemies":"Centurion and Healer","floor":29,"turns":6},{"damage":0,"enemies":"3 Cultists","floor":30,"turns":6},{"damage":23,"enemies":"Shelled Parasite and Fungi","floor":31,"turns":5},{"damage":18,"enemies":"Champ","floor":33,"turns":6},{"damage":0,"enemies":"3 Darklings","floor":35,"turns":5},{"damage":63,"enemies":"3 Shapes","floor":37,"turns":4},{"damage":68,"enemies":"Sphere and 2 Shapes","floor":38,"turns":5},{"damage":0,"enemies":"Reptomancer","floor":42,"turns":6},{"damage":0,"enemies":"Jaw Worm Horde","floor":44,"turns":3},{"damage":0,"enemies":"Giant Head","floor":45,"turns":14},{"damage":0,"enemies":"Mind Bloom Boss Battle","floor":46,"turns":5},{"damage":0,"enemies":"Nemesis","floor":47,"turns":7},{"damage":12,"enemies":"Donu and Deca","floor":50,"turns":6},{"damage":0,"enemies":"Time Eater","floor":51,"turns":39},{"damage":24,"enemies":"Shield and Spear","floor":55,"turns":5},{"damage":9,"enemies":"The Heart","floor":56,"turns":11}],"seed_played":"-2063487008682061154","potions_obtained":[{"floor":1,"key":"Energy Potion"},{"floor":3,"key":"GamblersBrew"},{"floor":10,"key":"Dexterity Potion"},{"floor":23,"key":"EssenceOfDarkness"},{"floor":30,"key":"EssenceOfDarkness"},{"floor":35,"key":"ColorlessPotion"},{"floor":46,"key":"Ancient Potion"},{"floor":47,"key":"Weak Potion"}],"is_trial":false,"path_per_floor":["M","?","M","M","M","E","R","M","T","M","R","E","T","E","R","B",null,"M","?","M","$","M","E","M","E","T","R","T","M","M","M","R","B",null,"M","$","M","M","?","R","T","E","T","M","E","?","E","T","R","B","B",null,"R","$","E","B",null],"character_chosen":"DEFECT","items_purchased":["Capacitor","Conserve Battery","Matryoshka","Flash of Steel","Capacitor","Question Card","Self Repair","Mercury Hourglass","Lee\u0027s Waffle","ClockworkSouvenir","Lantern","TungstenRod","DollysMirror","Master of Strategy+1","Cables","Loop"],"campfire_rested":0,"item_purchase_floors":[0,0,0,0,0,0,0,0,0,0,0,0,0,21,36,54],"current_hp_per_floor":[78,69,76,78,66,69,69,76,76,78,78,78,78,78,78,78,78,78,78,78,78,78,78,78,78,78,78,78,78,78,62,62,67,75,78,78,22,21,21,21,21,31,31,41,51,78,78,78,78,76,78,78,78,78,64,78],"gold":64,"neow_bonus":"","is_daily":false,"chose_seed":false,"campfire_upgraded":7,"win_rate":0.0,"timestamp":1612298116,"path_taken":["M","?","M","M","M","E","R","M","T","M","R","E","?","E","R","BOSS","M","?","M","$","?","E","M","E","T","R","?","?","?","M","R","BOSS","M","$","M","M","?","R","?","E","T","?","E","?","E","?","R","BOSS","BOSS","R","$","E","BOSS"],"items_purchased_type":["Card","Card","Relic","Card","Card","Relic","Card","Relic","Relic","Relic","Relic","Relic","Relic","Card","Relic","Card"],"build_version":"2020-12-22","purchased_purges":9,"victory":true,"max_hp_per_floor":[78,78,78,78,78,78,78,78,78,78,78,78,78,78,78,78,78,78,78,78,78,78,78,78,78,78,78,78,78,78,78,78,78,78,78,78,78,78,78,78,78,78,78,78,78,78,78,78,78,78,78,78,78,78,78,78],"relic_stats":{"Inserter":[130],"counters":[57,364],"Bag of Preparation":[70],"Letter Opener":[394],"Orichalcum":[6],"Question Card":38,"Smiling Mask":225,"Cables":[110,12,69,0,29],"Nunchaku":[11],"Pantograph":57,"Tiny Chest":2,"obtain_stats":[{"Ice Cream":44,"Calipers":4,"CeramicFish":39,"Vajra":43,"Bottled Tornado":12,"Boot":39,"Blood Vial":53,"Sundial":26,"DollysMirror":0,"Strawberry":53,"Philosopher\u0027s Stone":34,"MealTicket":14,"Necronomicon":20,"Kunai":30,"Toxic Egg 2":0,"Happy Flower":39,"Oddly Smooth Stone":13,"Pen Nib":39,"Letter Opener":28,"Question Card":40,"Cables":36,"Du-Vu Doll":25,"OrangePellets":0,"Bottled Flame":6,"Shuriken":46,"Bird Faced Urn":39,"Bronze Scales":43,"Molten Egg 2":0,"StrikeDummy":39,"Pocketwatch":39,"Meat on the Bone":45,"Lantern":0,"Torii":39,"StoneCalendar":39,"Bag of Preparation":0,"Juzu Bracelet":0,"Incense Burner":22,"TeardropLocket":0,"Empty Cage":17,"Ancient Tea Set":42,"Smiling Mask":48,"ClockworkSouvenir":0,"Nunchaku":39,"Shovel":39,"Matryoshka":0,"Mummified Hand":42,"Pantograph":26,"Tiny Chest":2,"Red Mask":19,"InkBottle":22,"Potion Belt":13,"Lee\u0027s Waffle":0,"Inserter":0,"PreservedInsect":23,"The Courier":38,"Omamori":3,"Odd Mushroom":11,"Orichalcum":42,"Medical Kit":39,"Mercury Hourglass":0,"Nuclear Battery":34,"Anchor":6,"DataDisk":25,"Bag of Marbles":47,"Membership Card":0,"PureWater":0,"FossilizedHelix":39,"Toy Ornithopter":54,"TungstenRod":0},{"Ice Cream":20,"Calipers":2,"CeramicFish":16,"Vajra":49,"Bottled Tornado":4,"Boot":16,"Blood Vial":23,"Sundial":12,"DollysMirror":25,"Strawberry":23,"Philosopher\u0027s Stone":14,"MealTicket":34,"Necronomicon":8,"Kunai":13,"Toxic Egg 2":0,"Happy Flower":16,"Oddly Smooth Stone":33,"Pen Nib":16,"Letter Opener":41,"Question Card":17,"Cables":46,"Du-Vu Doll":12,"OrangePellets":0,"Bottled Flame":30,"Shuriken":21,"Bird Faced Urn":16,"Bronze Scales":19,"Molten Egg 2":0,"StrikeDummy":16,"Pocketwatch":16,"Meat on the Bone":51,"Lantern":0,"Torii":16,"StoneCalendar":16,"Bag of Preparation":0,"Juzu Bracelet":0,"Incense Burner":9,"TeardropLocket":0,"Empty Cage":6,"Ancient Tea Set":19,"Smiling Mask":53,"ClockworkSouvenir":25,"Nunchaku":16,"Shovel":16,"Matryoshka":25,"Mummified Hand":19,"Pantograph":41,"Tiny Chest":26,"Red Mask":8,"InkBottle":9,"Potion Belt":5,"Lee\u0027s Waffle":25,"Inserter":25,"PreservedInsect":10,"The Courier":16,"Omamori":1,"Odd Mushroom":4,"Orichalcum":49,"Medical Kit":16,"Mercury Hourglass":25,"Nuclear Battery":45,"Anchor":3,"DataDisk":41,"Bag of Marbles":53,"Membership Card":0,"PureWater":0,"FossilizedHelix":16,"Toy Ornithopter":24,"TungstenRod":25},{"Ice Cream":66,"Calipers":8,"CeramicFish":54,"Vajra":275,"Bottled Tornado":17,"Boot":54,"Blood Vial":79,"Sundial":38,"DollysMirror":89,"Strawberry":79,"Philosopher\u0027s Stone":46,"MealTicket":175,"Necronomicon":29,"Kunai":42,"Toxic Egg 2":0,"Happy Flower":54,"Oddly Smooth Stone":168,"Pen Nib":54,"Letter Opener":232,"Question Card":59,"Cables":260,"Du-Vu Doll":38,"OrangePellets":0,"Bottled Flame":144,"Shuriken":72,"Bird Faced Urn":54,"Bronze Scales":65,"Molten Egg 2":0,"StrikeDummy":54,"Pocketwatch":54,"Meat on the Bone":292,"Lantern":0,"Torii":54,"StoneCalendar":54,"Bag of Preparation":0,"Juzu Bracelet":0,"Incense Burner":31,"TeardropLocket":0,"Empty Cage":23,"Ancient Tea Set":65,"Smiling Mask":304,"ClockworkSouvenir":89,"Nunchaku":54,"Shovel":54,"Matryoshka":89,"Mummified Hand":65,"Pantograph":232,"Tiny Chest":93,"Red Mask":29,"InkBottle":31,"Potion Belt":20,"Lee\u0027s Waffle":89,"Inserter":89,"PreservedInsect":33,"The Courier":54,"Omamori":6,"Odd Mushroom":17,"Orichalcum":275,"Medical Kit":54,"Mercury Hourglass":89,"Nuclear Battery":255,"Anchor":14,"DataDisk":232,"Bag of Marbles":304,"Membership Card":0,"PureWater":0,"FossilizedHelix":54,"Toy Ornithopter":83,"TungstenRod":89}],"TungstenRod":40,"Meat on the Bone":0},"card_choices":[{"not_picked":["Gash","Fusion","Reprogram"],"picked":"Coolheaded","floor":1},{"not_picked":["BootSequence","Redo","Rebound"],"picked":"Sunder","floor":3},{"not_picked":["Sweeping Beam","Redo","Streamline","Heatsinks"],"picked":"SKIP","floor":4},{"not_picked":["White Noise","Beam Cell","Redo","Sweeping Beam"],"picked":"SKIP","floor":5},{"not_picked":["Lockon","Steam","Go for the Eyes"],"picked":"Glacier","floor":6},{"not_picked":["Turbo","Streamline","Reprogram"],"picked":"Core Surge","floor":8},{"not_picked":["Compile Driver","Leap","Force Field","Beam Cell"],"picked":"SKIP","floor":10},{"not_picked":["Loop","Beam Cell","Multi-Cast+1"],"picked":"Biased Cognition","floor":12},{"not_picked":["BootSequence+1","Sunder","Turbo+1"],"picked":"Blizzard","floor":14},{"not_picked":["Thunder Strike","Creative AI","Multi-Cast+1"],"picked":"Seek+1","floor":16},{"not_picked":["Storm","Cold Snap+1","Coolheaded+1"],"picked":"Conserve Battery+1","floor":18},{"not_picked":["Gash","Compile Driver","BootSequence+1","Core Surge"],"picked":"SKIP","floor":20},{"not_picked":["Leap+1","Turbo+1","Stack+1","Cold Snap+1"],"picked":"SKIP","floor":22},{"not_picked":["Go for the Eyes","Static Discharge","Sweeping Beam","Hologram+1"],"picked":"SKIP","floor":23},{"not_picked":["Consume+1","Lockon+1","Doom and Gloom","Reprogram+1"],"picked":"SKIP","floor":24},{"not_picked":["Ball Lightning","Double Energy+1","Turbo+1","Go for the Eyes"],"picked":"SKIP","floor":25},{"not_picked":["Reinforced Body+1","Redo+1","Hologram+1"],"picked":"Defragment","floor":29},{"not_picked":["Barrage","Storm","Capacitor"],"picked":"Machine Learning","floor":30},{"not_picked":["Ball Lightning","Leap+1","White Noise+1","Streamline"],"picked":"SKIP","floor":31},{"not_picked":["Double Energy+1","Streamline+1","Ball Lightning"],"picked":"Conserve Battery+1","floor":35},{"not_picked":["Static Discharge","Beam Cell+1","Streamline","Force Field+1"],"picked":"SKIP","floor":37},{"not_picked":["Fission+1","Lockon","Rebound","Sweeping Beam+1"],"picked":"SKIP","floor":38},{"not_picked":["Fusion+1","Auto Shields+1","Loop"],"picked":"Electrodynamics","floor":42},{"not_picked":["Leap+1","Coolheaded+1","Gash","Hologram+1"],"picked":"SKIP","floor":44},{"not_picked":["Skim+1","Redo+1","Recycle+1"],"picked":"Capacitor","floor":45},{"not_picked":["Gash+1","Chaos+1","Aggregate+1","Compile Driver+1"],"picked":"SKIP","floor":47},{"not_picked":["Static Discharge","Self Repair","Steam Power+1"],"picked":"Multi-Cast+1","floor":55}],"player_experience":247295,"relics_obtained":[{"floor":6,"key":"Bottled Flame"},{"floor":9,"key":"CeramicFish"},{"floor":12,"key":"Toxic Egg 2"},{"floor":13,"key":"Oddly Smooth Stone"},{"floor":13,"key":"Blood Vial"},{"floor":14,"key":"MealTicket"},{"floor":25,"key":"DataDisk"},{"floor":26,"key":"Pantograph"},{"floor":28,"key":"Letter Opener"},{"floor":41,"key":"Bag of Preparation"},{"floor":42,"key":"Orichalcum"},{"floor":43,"key":"Vajra"},{"floor":45,"key":"Meat on the Bone"},{"floor":47,"key":"Bag of Marbles"},{"floor":48,"key":"Smiling Mask"},{"floor":55,"key":"Nunchaku"}],"event_choices":[{"damage_healed":0,"gold_gain":0,"player_choice":"Success","damage_taken":11,"relics_obtained":["Tiny Chest"],"max_hp_gain":0,"max_hp_loss":0,"event_name":"Scrap Ooze","floor":2,"gold_loss":0},{"damage_healed":0,"gold_gain":0,"player_choice":"Forge","damage_taken":0,"max_hp_gain":0,"max_hp_loss":0,"event_name":"Accursed Blacksmith","floor":19,"gold_loss":0,"cards_upgraded":["Blizzard"]},{"damage_healed":0,"gold_gain":0,"player_choice":"Paid","damage_taken":0,"relics_obtained":["Red Mask"],"max_hp_gain":0,"max_hp_loss":0,"event_name":"Tomb of Lord Red Mask","floor":39,"gold_loss":74},{"damage_healed":0,"gold_gain":0,"player_choice":"Fight","damage_taken":0,"max_hp_gain":0,"max_hp_loss":0,"event_name":"MindBloom","floor":46,"gold_loss":0}],"is_beta":false,"boss_relics":[{"not_picked":["Calling Bell","SacredBark","Velvet Choker"]},{"not_picked":["Snecko Eye","SlaversCollar"],"picked":"Nuclear Battery"}],"items_purged_floors":[0,0,0,0,0,0,0,36,54],"is_endless":false,"potions_floor_spawned":[1,3,10,12,14,16,22,23,29,30,35,46,47],"ascension_level":20}}