{"host":"rqs2099buorjjoja","time":1612243472,"event":{"mods":["AchievementEnabler","Aspiration","BaseMod","Beaked The Cultist","Colored Powertips","Downfall","Hermit","Hubris","Infinite Spire","Jorbs\u0027s Wanderer Trilogy","Minty Spire (QoL Compilation)","Quick Restart","Rare Cards Sparkle","Replay The Spire","StSLib","The Bug Knight","The Construct","The Necromancer","The Servant 0.9.4"],"gold_per_floor":[113,123,139,152,152,152,172,172,217,217,235,85,104,123,123,222,222,239,257,6,6,22,22,22,33,33,33,33,33,50,60,60,60,60],"floor_reached":33,"language":"ENG","playtime":2532,"items_purged":[],"score":241,"play_id":"d32787a0-15bf-4c1b-b3d8-03d4beaf3489","local_time":"20210202002432","is_ascension_mode":false,"campfire_choices":[{"data":"KidneyShot","floor":6,"key":"SMITH"},{"floor":8,"key":"REST"},{"floor":15,"key":"REST"},{"floor":23,"key":"REST"},{"data":"SilverBlades","floor":27,"key":"SMITH"},{"floor":32,"key":"REST"}],"circlet_count":0,"master_deck":["Strike_S","Strike_S","Strike_S","Strike_S","Defend_S","Defend_S","Defend_S+1","Defend_S","KidneyShot+1","Exchange","FanOfKnives","TheWorld","Replace","FastForward","Rearm","JustLucky","Bandage Up","SilverBlades+1","Defy","Acrobatics","KillingDoll","Defy","Barrier","Ricochet+1","Defy+1","Read","Reset"],"relics":["Uniform","aspiration:Nostalgia","Replay:M_StaffOfTheSnake","Odd Mushroom","aspiration:TomeofQuesting","hubris:ScarierMask","Bottled Lightning","Pear"],"acts_visited":["Exordium","TheCity"],"potions_floor_usage":[4,14,16,16,16,22,31,33],"damage_taken":[{"damage":6,"enemies":"Small Slimes","floor":1,"turns":3},{"damage":1,"enemies":"2 Louse","floor":2,"turns":2},{"damage":0,"enemies":"Jaw Worm","floor":3,"turns":3},{"damage":4,"enemies":"Blue Slaver","floor":4,"turns":5},{"damage":25,"enemies":"The Mushroom Lair","floor":7,"turns":5},{"damage":0,"enemies":"2 Fungi Beasts","floor":11,"turns":3},{"damage":12,"enemies":"Gremlin Gang","floor":13,"turns":4},{"damage":12,"enemies":"Exordium Wildlife","floor":14,"turns":3},{"damage":20,"enemies":"The Guardian","floor":16,"turns":15},{"damage":0,"enemies":"3 Byrds","floor":18,"turns":4},{"damage":11,"enemies":"Shell Parasite","floor":19,"turns":5},{"damage":21,"enemies":"Snake Plant","floor":22,"turns":3},{"damage":0,"enemies":"Centurion and Healer","floor":25,"turns":7},{"damage":0,"enemies":"Snecko","floor":30,"turns":8},{"damage":12,"enemies":"Chosen and Byrds","floor":31,"turns":7},{"damage":53,"enemies":"Automaton","floor":33,"turns":8}],"seed_played":"8707852352650915529","potions_obtained":[{"floor":3,"key":"Regen Potion"},{"floor":7,"key":"Fire Potion"},{"floor":11,"key":"DistilledChaos"},{"floor":13,"key":"Death Potion"},{"floor":14,"key":"LiquidBronze"},{"floor":19,"key":"Death Potion"},{"floor":30,"key":"PowerPotion"},{"floor":31,"key":"Strength Potion"}],"is_trial":false,"path_per_floor":["M","M","M","M","?","R","?","R","T","$","M","$","M","M","R","B",null,"M","M","$","?","M","R","?","M","T","R","?","?","M","M","R","B"],"character_chosen":"THE_SERVANT","items_purchased":["Bandage Up","SilverBlades","Bottled Lightning"],"campfire_rested":4,"item_purchase_floors":[12,12,20],"current_hp_per_floor":[59,58,58,64,64,64,39,58,58,58,58,58,50,42,61,45,65,65,58,58,58,41,60,60,64,74,74,74,74,75,63,75,26,26],"gold":60,"neow_bonus":"NOSTALGIA","is_daily":false,"chose_seed":false,"campfire_upgraded":2,"win_rate":0.0,"timestamp":1612243472,"path_taken":["M","M","M","M","?","R","?","R","T","$","M","$","M","M","R","BOSS","M","M","$","?","M","R","?","M","T","R","?","?","M","?","R","BOSS"],"items_purchased_type":["Card","Card","Relic"],"build_version":"2020-12-22","purchased_purges":0,"victory":false,"max_hp_per_floor":[65,65,65,65,65,65,65,65,65,65,65,65,65,65,65,65,65,65,65,65,65,65,65,65,65,75,75,75,75,75,75,75,75,75],"card_choices":[{"not_picked":["SashWhip","Unruled"],"picked":"FanOfKnives","floor":1},{"not_picked":["Potential","Revamp"],"picked":"TheWorld","floor":2},{"not_picked":["DoubleEdge","Crescendo"],"picked":"Replace","floor":3},{"not_picked":["TimeWarp","Spin"],"picked":"FastForward","floor":4},{"not_picked":["StarChef","Duplication"],"picked":"Rearm","floor":7},{"not_picked":["Dagger Throw","CutThroughFate"],"picked":"JustLucky","floor":11},{"not_picked":["DoubleEdge","Rewind"],"picked":"Defy","floor":13},{"not_picked":["DoubleEdge","JustLucky"],"picked":"Acrobatics","floor":14},{"not_picked":["Bullet Time","Initiator"],"picked":"KillingDoll","floor":16},{"not_picked":["Hightail","DoubleEdge"],"picked":"Defy","floor":18},{"not_picked":["BottledTime","TimeWarp"],"picked":"Barrier","floor":19},{"not_picked":["Rewind","ReturningBlade"],"picked":"Ricochet+1","floor":22},{"not_picked":["DualDimension","Sabotage"],"picked":"Defy+1","floor":25},{"not_picked":["StarChef","BottledTime+1"],"picked":"Read","floor":30},{"not_picked":["WasteNot","Read"],"picked":"Reset","floor":31}],"player_experience":196844,"relics_obtained":[{"floor":7,"key":"Odd Mushroom"},{"floor":9,"key":"aspiration:TomeofQuesting"},{"floor":26,"key":"Pear"}],"event_choices":[{"damage_healed":0,"gold_gain":0,"player_choice":"Fought Mushrooms","damage_taken":0,"max_hp_gain":0,"max_hp_loss":0,"event_name":"Mushrooms","floor":7,"gold_loss":0},{"damage_healed":0,"gold_gain":0,"player_choice":"Ignored","damage_taken":0,"max_hp_gain":0,"max_hp_loss":0,"event_name":"Ghosts","floor":24,"gold_loss":0},{"damage_healed":0,"gold_gain":0,"player_choice":"Ignored","damage_taken":0,"max_hp_gain":0,"max_hp_loss":0,"event_name":"NoteForYourself","floor":29,"gold_loss":0}],"is_beta":false,"boss_relics":[{"not_picked":["hubris:HollowSoul","hubris:CrackedHourglass"],"picked":"hubris:ScarierMask"}],"items_purged_floors":[],"is_endless":false,"potions_floor_spawned":[3,7,11,13,14,19,30,31],"killed_by":"Automaton","ascension_level":0}}