{"host":"pgm1p3lvdjflie30","time":1612255702,"event":{"mods":["ATMod(阿瑾Mod)","AchievementEnabler","Aspiration","Astrologer","BaseMod","Colored Map","Colored Powertips","Conspire","Dark Map","Dota2Spire","Energized Spire","Highlight Path","Minty Spire (QoL Compilation)","MostiFishMod","Quarter Circle Forward PUNCH!","Quick Restart","Replay The Spire","Spicy Shops","StSLib","TestMod","The IronCluck","The Jungle","Waifu the Spire","【?物卡牌】REMEMod","篝火指南"],"gold_per_floor":[119,119,41,41,41,41,76,96,96,112,132,132,132,149,149,251,251,271,271,271,290,690,702,742,742,796,806,839,749,201,214,214,310,310,328,54,69,82,1081,244,257,132,155,79,89,89,89,99,99,99,99,99,3,30,30],"floor_reached":56,"language":"ZHS","playtime":1366,"items_purged":["astrologer:Defend","Normality","Normality"],"score":1544,"play_id":"1aca8f8a-3aad-4239-9679-8014bb5422bd","local_time":"20210202164822","is_ascension_mode":false,"campfire_choices":[{"floor":6,"key":"RECALL"},{"data":"Immolate","floor":12,"key":"SMITH"},{"data":"PanicButton","floor":15,"key":"SMITH"},{"data":"REME_FirmDetermination","floor":32,"key":"SMITH"},{"data":"Double Tap","floor":47,"key":"SMITH"},{"data":"astrologer:TheFool","floor":49,"key":"SMITH"},{"data":"astrologer:Strength","floor":52,"key":"SMITH"}],"circlet_count":0,"master_deck":["astrologer:Strike+1","astrologer:TheFool+1","Immolate+1","AT_FamilyPortrait","astrologer:Radiance","FlyingSleeves+1","Carnage+1","Replay:BluntJabs+1","Sword Boomerang+1","PanicButton+1","Magnetism+1","Sunder+1","Leap","testmod-PerfectCombo+1","Pommel Strike+1","Dagger Spray+1","Turbo+1","REME_FirmDetermination+1","Quick Slash+1","Double Tap+1","Sweeping Beam+1","BowlingBash+1","Pommel Strike+1","AT_DrawKnifeCut+1","Go for the Eyes+1","astrologer:Strength+1","Sword Boomerang+1","astrologer:Radiance+1","Static Discharge"],"relics":["astrologer:SkyMirror","AT_ATBox","REME_ComplimentaryCards","DaveBox","PatriotShield","testmod-BouquetWithThorns","NeowsBlessing","SynthV:TestCard","Molten Egg 2","HandDrill","PrismaticShard","Divine Protection","testmod-Fortitude","Eternal Feather","testmod-Temperance","aspiration:RitualStick","StoneCalendar","Happy Flower","AT_DeathDance","GreenFoldingFan","Cauldron","ReplayTheSpireMod:Lightbulb","Bag of Marbles","Ying","qcfpunch:Handcuffs","AT_EbonyIvory","testmod-LifeArmor","White Beast Statue"],"acts_visited":["Exordium","TheCity","TheBeyond","TheEnding"],"potions_floor_usage":[16,24,28,36,36,38,41,50,55,55],"damage_taken":[{"damage":0,"enemies":"Small Slimes","floor":1,"turns":1},{"damage":0,"enemies":"Gremlin Nob","floor":7,"turns":1},{"damage":0,"enemies":"Jaw Worm","floor":8,"turns":1},{"damage":0,"enemies":"2 Louse","floor":10,"turns":1},{"damage":0,"enemies":"Exordium Wildlife","floor":11,"turns":2},{"damage":0,"enemies":"Blue Slaver","floor":14,"turns":1},{"damage":10,"enemies":"The Guardian","floor":16,"turns":3},{"damage":0,"enemies":"conspire:FuzzyDice","floor":18,"turns":2},{"damage":0,"enemies":"3 Byrds","floor":21,"turns":3},{"damage":0,"enemies":"Centurion and Healer","floor":23,"turns":3},{"damage":0,"enemies":"Chosen and Byrds","floor":24,"turns":2},{"damage":0,"enemies":"Snake Plant","floor":27,"turns":1},{"damage":0,"enemies":"Slavers","floor":28,"turns":3},{"damage":0,"enemies":"3 Cultists","floor":31,"turns":2},{"damage":0,"enemies":"Champ","floor":33,"turns":4},{"damage":0,"enemies":"3 Darklings","floor":35,"turns":1},{"damage":3,"enemies":"3 Shapes","floor":37,"turns":1},{"damage":0,"enemies":"Maw","floor":38,"turns":2},{"damage":9,"enemies":"4 Shapes","floor":41,"turns":2},{"damage":0,"enemies":"Sphere and 2 Shapes","floor":45,"turns":1},{"damage":0,"enemies":"Spire Growth","floor":48,"turns":1},{"damage":0,"enemies":"Time Eater","floor":50,"turns":1},{"damage":0,"enemies":"Shield and Spear","floor":54,"turns":2},{"damage":8,"enemies":"The Heart","floor":55,"turns":3}],"seed_played":"5318247709274733939","potions_obtained":[{"floor":10,"key":"SkillPotion"},{"floor":11,"key":"AttackPotion"},{"floor":16,"key":"Dota2Spire:Clarity"},{"floor":23,"key":"Toxic Potion"},{"floor":24,"key":"Block Potion"},{"floor":36,"key":"Fruit Juice"},{"floor":36,"key":"REME_GoldPotion"},{"floor":36,"key":"Energy Potion"},{"floor":41,"key":"SteroidPotion"},{"floor":48,"key":"Regen Potion"},{"floor":54,"key":"FearPotion"}],"is_trial":false,"path_per_floor":["M","?","$","?","?","R","E","M","T","M","M","R","?","M","R","B",null,"M","?","?","M","?","M","M","?","T","M","E","?","$","M","R","B",null,"M","$","M","M","?","R","M","R","T","$","M","?","R","M","R","B",null,"R","$","E","B",null],"character_chosen":"ASTROLOGER","items_purchased":["HandDrill","Happy Flower","AT_DeathDance","REME_FirmDetermination","Cauldron","ReplayTheSpireMod:Lightbulb","Bag of Marbles","Ying","qcfpunch:Handcuffs","AT_EbonyIvory","qcfpunch:Cattail","Fire Potion","astrologer:Radiance+1"],"campfire_rested":0,"item_purchase_floors":[3,30,30,30,36,36,40,40,40,40,44,53,53],"current_hp_per_floor":[70,70,70,63,63,63,63,63,63,63,63,63,63,63,70,60,70,70,56,56,56,56,56,56,56,56,56,56,56,56,56,68,68,70,70,75,75,75,75,75,75,75,75,75,75,75,75,75,75,75,75,75,75,75,75],"gold":30,"neow_bonus":"THREE_ENEMY_KILL","is_daily":false,"chose_seed":false,"campfire_upgraded":6,"win_rate":0.0,"timestamp":1612255702,"path_taken":["M","?","$","?","?","R","E","M","T","M","M","R","?","?","R","BOSS","M","?","?","M","?","M","?","?","T","?","E","?","$","M","R","BOSS","M","$","?","M","?","R","M","R","T","$","M","?","R","?","R","BOSS","R","$","E","BOSS"],"items_purchased_type":["Relic","Relic","Relic","Card","Relic","Relic","Relic","Relic","Relic","Relic","Relic","Potion","Card"],"build_version":"2020-12-22","purchased_purges":3,"victory":true,"max_hp_per_floor":[70,70,70,70,70,70,70,70,70,70,70,70,70,70,70,70,70,70,70,70,70,70,70,70,70,70,70,70,70,70,70,70,70,70,70,75,75,75,75,75,75,75,75,75,75,75,75,75,75,75,75,75,75,75,75],"card_choices":[{"not_picked":["astrologer:Still","astrologer:SpaceDust"],"picked":"astrologer:Radiance","floor":1},{"not_picked":["Crescendo","Reaper+1","Replay:Anticipation","ReplayReversal"],"picked":"FlyingSleeves+1","floor":7},{"not_picked":["Iron Wave+1","astrologer:TheEmperor","astrologer:Eclipse+1","FlyingSleeves+1"],"picked":"Carnage+1","floor":8},{"not_picked":["AT_ChampionStep","REME_TheoryOfElimination","CutThroughFate+1","MostiFishMod:PushDownKick+1"],"picked":"Replay:BluntJabs+1","floor":10},{"not_picked":["Replay:Undeath\u0027s Touch+1","testmod-Illusory","ReplayTheSpireMod:Stacked","astrologer:Moonlight"],"picked":"Sword Boomerang+1","floor":11},{"not_picked":["Wallop+1","AT_DiedThrough","Shrug It Off","AT_SoftenMuscles"],"picked":"PanicButton","floor":14},{"not_picked":["MostiFishMod:Awakening","MostiFishMod:Confrontation","MostiFishMod:LethalBlade","astrologer:Trine"],"picked":"Magnetism","floor":16},{"not_picked":["BattleHymn","Cloak And Dagger","testmod-PocketStoneCalender+1","ReplayTheSpireMod:Tripwire"],"picked":"Sunder+1","floor":18},{"not_picked":["Acrobatics","astrologer:GlassStar","astrologer:Novile","astrologer:TheHierophant"],"picked":"Leap","floor":21},{"not_picked":["astrologer:ReadTheStars","Perseverance","Streamline+1","Blade Dance+1"],"picked":"testmod-PerfectCombo+1","floor":23},{"not_picked":["Leap","ReplayTheSpireMod:Reroute Power","testmod-SubstituteBySubterfuge+1","astrologer:Conjunction"],"picked":"Pommel Strike+1","floor":24},{"not_picked":["astrologer:Stardust","Thunderclap+1","MostiFishMod:InvigoratingSolution+1","astrologer:Quincunx"],"picked":"Dagger Spray+1","floor":27},{"not_picked":["Iron Wave+1","testmod-Wormhole","REME_ShadowStrike+1","Replay:Undeath\u0027s Touch+1"],"picked":"Turbo+1","floor":28},{"not_picked":["Deadly Poison+1","Blade Dance","Pommel Strike+1","AT_WindFlip+1"],"picked":"Quick Slash+1","floor":31},{"not_picked":["Reboot","REME_BattleFury","testmod-Illusory","MostiFishMod:ChineseTea"],"picked":"Double Tap","floor":33},{"not_picked":["Sword Boomerang+1","Iron Wave+1","Redo+1","MostiFishMod:Clarity+1"],"picked":"Sweeping Beam+1","floor":35},{"not_picked":["Ghostly Armor+1","Poisoned Stab+1","MostiFishMod:IceShield+1","MostiFishMod:PathToVictory"],"picked":"BowlingBash+1","floor":37},{"not_picked":["ReplayTheSpireMod:Dual Polarity","Shrug It Off+1","astrologer:Conjunction+1","Clash+1"],"picked":"Pommel Strike+1","floor":38},{"not_picked":["Go for the Eyes+1","MostiFishMod:Dislodge","Cold Snap+1","Ball Lightning+1"],"picked":"AT_DrawKnifeCut+1","floor":41},{"not_picked":["Abandon","astrologer:Conjunction+1","EmptyFist+1","Rebound+1"],"picked":"Go for the Eyes+1","floor":45},{"not_picked":["testmod-Wormhole","Quick Slash+1","Weave+1","Meditate+1"],"picked":"Sword Boomerang+1","floor":48},{"not_picked":["ReplayTheSpireMod:The Works+1","Havoc+1","Coolheaded+1","BowlingBash+1"],"picked":"Static Discharge","floor":54}],"player_experience":233258,"relics_obtained":[{"floor":1,"key":"SynthV:TestCard"},{"floor":7,"key":"Divine Protection"},{"floor":9,"key":"testmod-Fortitude"},{"floor":28,"key":"StoneCalendar"},{"floor":43,"key":"testmod-LifeArmor"},{"floor":54,"key":"White Beast Statue"}],"event_choices":[{"cards_removed":["Injury"],"damage_healed":0,"gold_gain":0,"player_choice":"Card Removal","damage_taken":7,"max_hp_gain":0,"max_hp_loss":0,"event_name":"Golden Wing","floor":4,"gold_loss":0},{"damage_healed":0,"gold_gain":0,"player_choice":"Box","damage_taken":0,"relics_obtained":["Eternal Feather"],"max_hp_gain":0,"max_hp_loss":0,"event_name":"Big Fish","floor":13,"gold_loss":0,"cards_obtained":["Regret"]},{"damage_healed":0,"gold_gain":0,"player_choice":"Leave","damage_taken":0,"max_hp_gain":0,"max_hp_loss":0,"event_name":"conspire:Investor","floor":20,"gold_loss":0},{"damage_healed":0,"gold_gain":400,"player_choice":"Sell","damage_taken":0,"max_hp_gain":0,"max_hp_loss":0,"event_name":"恩洛斯的?子","floor":22,"relics_lost":["testmod-TestBox"],"gold_loss":0},{"damage_healed":0,"gold_gain":0,"player_choice":"Upgraded","damage_taken":0,"max_hp_gain":0,"max_hp_loss":0,"event_name":"Upgrade Shrine","floor":25,"gold_loss":0,"cards_upgraded":["Magnetism"]},{"cards_removed":["astrologer:Defend"],"damage_healed":0,"gold_gain":0,"player_choice":"Upgrade and Remove","damage_taken":0,"max_hp_gain":0,"max_hp_loss":0,"event_name":"Designer","floor":29,"gold_loss":90,"cards_upgraded":["astrologer:Strike"]},{"damage_healed":0,"gold_gain":999,"player_choice":"Gold","damage_taken":0,"max_hp_gain":0,"max_hp_loss":0,"event_name":"MindBloom","floor":39,"gold_loss":0,"cards_obtained":["Normality","Normality"]},{"damage_healed":0,"gold_gain":0,"cards_transformed":["astrologer:Strike"],"player_choice":"Transformed","damage_taken":0,"max_hp_gain":0,"max_hp_loss":0,"event_name":"Transmorgrifier","floor":46,"gold_loss":0,"cards_obtained":["astrologer:Strength"]}],"is_beta":false,"boss_relics":[{"not_picked":["Runic Pyramid","GuanYuAspect"],"picked":"testmod-Temperance"},{"not_picked":["SlaversCollar","qcfpunch:Killian_Engine_Alpha"],"picked":"GreenFoldingFan"}],"items_purged_floors":[30,40,42],"is_endless":false,"potions_floor_spawned":[10,11,16,23,24,41,48,54],"ascension_level":0}}