{"host":"51f0ad793vly1w6u","time":1612247093,"event":{"mods":["BaseMod","Colored Map","DeckTracker","Minty Spire (QoL Compilation)","Replay The Spire","StSLib","SuperFastMode"],"gold_per_floor":[113,130,143,93,93,93,121,141,141,152,152,152,164,184,184,280,330,350,350,8,8,25,25,55,55,55,55,85,104,118,150,150,254,254,272,272,272,172,182,208,208,227,253,283,303,303,303,314,314,314,314,314,4,31,31,31],"floor_reached":55,"language":"KOR","playtime":1560,"items_purged":["Strike_R","Strike_R"],"score":893,"play_id":"2dcb0b97-24dd-477a-83c8-822cc54b0efb","local_time":"20210202152453","is_ascension_mode":true,"campfire_choices":[{"data":"Sword Boomerang","floor":6.0,"key":"SMITH"},{"data":"Disarm","floor":12.0,"key":"SMITH"},{"data":"Abandon","floor":15.0,"key":"SMITH"},{"data":"Berserk","floor":23.0,"key":"SMITH"},{"floor":32.0,"key":"REST"},{"floor":46,"key":"REST"},{"data":"Demon Form","floor":49,"key":"SMITH"},{"data":"Crow Ritual","floor":52,"key":"SMITH"}],"circlet_count":0,"master_deck":["Strike_R","Strike_R+1","Defend_R","Defend_R","Defend_R+2","Defend_R","Bash+1","Sword Boomerang+1","Abandon+1","Flame Barrier+1","Disarm+1","Whirlwind+1","Uppercut","Disarm","Offering+1","Seeing Red","Seeing Red+1","Berserk+1","Evolve","Disarm+1","Inflame+1","Demon Form+1","Secret Technique","Panacea","Crow Ritual+1","Pummel+1","True Grit+1","Shrug It Off","MasterReality+1","ReplayTheSpireMod:Stacked+1"],"relics":["Burning Blood","Blue Candle","Letter Opener","Tiny House","BargainBundle","Pet Ghost","Ring of Searing","Ring of Fury","Gremlin Horn","Orichalcum","Pantograph","ReplayTheSpireMod:Spearhead","Omamori","Garlic","Nunchaku","Bag of Preparation","Simple Rune","ReplayTheSpireMod:CursedCoin","Pocketwatch","Bottled Tornado","ReplayTheSpireMod:Shallot"],"acts_visited":["Exordium","TheCity","TheBeyond","TheEnding"],"potions_floor_usage":[44,50,50,54,55,55,55],"damage_taken":[{"damage":3.0,"enemies":"Small Slimes","floor":1.0,"turns":4.0},{"damage":1.0,"enemies":"2 Louse","floor":2.0,"turns":3.0},{"damage":2.0,"enemies":"Jaw Worm","floor":3.0,"turns":3.0},{"damage":32.0,"enemies":"Lagavulin","floor":7.0,"turns":7.0},{"damage":2.0,"enemies":"Large Slime","floor":8.0,"turns":8.0},{"damage":28.0,"enemies":"Exordium Thugs","floor":10.0,"turns":4.0},{"damage":5.0,"enemies":"Blue Slaver","floor":13.0,"turns":3.0},{"damage":9.0,"enemies":"Looter","floor":14.0,"turns":4.0},{"damage":6.0,"enemies":"Hexaghost","floor":16.0,"turns":11.0},{"damage":23.0,"enemies":"2 Thieves","floor":18.0,"turns":3.0},{"damage":5.0,"enemies":"Chosen","floor":22.0,"turns":3.0},{"damage":6.0,"enemies":"Gremlin Leader","floor":24.0,"turns":4.0},{"damage":5.0,"enemies":"Slavers","floor":28.0,"turns":3.0},{"damage":0.0,"enemies":"Sentry and Sphere","floor":29.0,"turns":1.0},{"damage":33.0,"enemies":"Centurion and Healer","floor":30.0,"turns":3.0},{"damage":21.0,"enemies":"Book of Stabbing","floor":31.0,"turns":6.0},{"damage":23.0,"enemies":"Champ","floor":33.0,"turns":5.0},{"damage":11.0,"enemies":"3 Darklings","floor":35.0,"turns":2.0},{"damage":12.0,"enemies":"Orb Walker","floor":39.0,"turns":3.0},{"damage":17.0,"enemies":"Reptomancer","floor":40.0,"turns":5.0},{"damage":20,"enemies":"Writhing Mass","floor":42,"turns":4},{"damage":32,"enemies":"R_Hoarder","floor":44,"turns":9},{"damage":6,"enemies":"Jaw Worm Horde","floor":45,"turns":1},{"damage":15,"enemies":"Maw","floor":48,"turns":6},{"damage":46,"enemies":"Awakened One","floor":50,"turns":12},{"damage":55,"enemies":"Shield and Spear","floor":54,"turns":5},{"damage":69,"enemies":"The Heart","floor":55,"turns":6}],"seed_played":"-2258109568501808230","potions_obtained":[{"floor":8.0,"key":"EssenceOfSteel"},{"floor":10.0,"key":"Strength Potion"},{"floor":13.0,"key":"SpeedPotion"},{"floor":16.0,"key":"SneckoOil"},{"floor":17.0,"key":"PowerPotion"},{"floor":18.0,"key":"SkillPotion"},{"floor":24.0,"key":"ColorlessPotion"},{"floor":31.0,"key":"Regen Potion"},{"floor":33.0,"key":"DuplicationPotion"},{"floor":39.0,"key":"ColorlessPotion"},{"floor":40.0,"key":"Milkshake"},{"floor":48,"key":"Reflective Coating"},{"floor":54,"key":"Reflective Coating"}],"is_trial":false,"path_per_floor":["M","M","M","?","?","R","E","M","T","M","?","R","M","M","R","B",null,"M","?","$","?","M","R","E","?","T","?","E","M","M","E","R","B",null,"M","?","?","$","M","E","?","M","T","E","M","R","?","M","R","B",null,"R","$","E","B"],"character_chosen":"IRONCLAD","items_purchased":["BargainBundle","Seeing Red+1","Pet Ghost","BloodPotion","Energy Potion","ReplayTheSpireMod:CursedCoin","Shrug It Off","Swift Potion","Reflective Coating","Pocketwatch"],"campfire_rested":2,"item_purchase_floors":[20,20,20,20,20,53,53,53,53,53],"current_hp_per_floor":[80,80,80,80,64,64,38,42,42,20,20,20,21,18,18,18,85,68,52,70,70,71,71,71,71,71,71,72,78,51,36,63,71,90,85,75,75,75,69,58,58,44,44,30,30,57,48,39,39,24,90,90,90,41,0,0],"gold":31,"neow_bonus":"UPGRADE_CARD","is_daily":false,"chose_seed":false,"campfire_upgraded":6,"win_rate":0.0,"timestamp":1612247093,"path_taken":["M","M","M","?","?","R","E","M","T","?","?","R","M","M","R","BOSS","M","?","$","?","M","R","E","?","T","?","E","M","?","E","R","BOSS","M","?","?","$","?","E","?","M","T","E","M","R","?","M","R","BOSS","R","$","E","BOSS"],"items_purchased_type":["Relic","Card","Relic","Potion","Potion","Relic","Card","Potion","Potion","Relic"],"build_version":"2020-12-22","purchased_purges":2,"victory":false,"max_hp_per_floor":[80,80,80,80,80,80,80,80,80,80,80,80,80,80,80,80,85,85,90,90,90,90,90,90,90,90,90,90,90,90,90,90,90,90,90,90,90,90,90,90,90,90,90,90,90,90,90,90,90,90,90,90,90,90,90,90],"card_choices":[{"not_picked":["Body Slam","Replay:Undeath\u0027s Touch"],"picked":"Sword Boomerang","floor":1.0},{"not_picked":["Wild Strike","Heavy Blade"],"picked":"Abandon","floor":2.0},{"not_picked":["Iron Wave","ReplayTheSpireMod:Stacked"],"picked":"Flame Barrier","floor":3.0},{"not_picked":["Corruption","Replay:Undeath\u0027s Touch"],"picked":"Disarm","floor":7.0},{"not_picked":["Iron Wave","Bloodletting"],"picked":"Whirlwind","floor":8.0},{"not_picked":["Intimidate","Havoc","Anger"],"picked":"SKIP","floor":10.0},{"not_picked":["Run Through","Rampage"],"picked":"Uppercut","floor":13.0},{"not_picked":["Wild Strike","Clothesline"],"picked":"Disarm","floor":14.0},{"not_picked":["Bludgeon","Double Tap"],"picked":"Offering","floor":16.0},{"not_picked":["Ghostly Armor","Heavy Blade"],"picked":"Seeing Red","floor":17.0},{"not_picked":["Cleave","Sentinel","Anger"],"picked":"SKIP","floor":18.0},{"not_picked":["ReplayTheSpireMod:Strike From Hell","Headbutt"],"picked":"Berserk","floor":22.0},{"not_picked":["Power Through+1","Clothesline+1"],"picked":"Evolve","floor":24.0},{"not_picked":["ReplayTheSpireMod:Corrosion Curse","Reaper"],"picked":"Disarm+1","floor":28.0},{"not_picked":["Heavy Blade","Armaments","Clash"],"picked":"SKIP","floor":29.0},{"not_picked":["Heavy Blade","True Grit","ReplayTheSpireMod:LeadingStrike"],"picked":"SKIP","floor":30.0},{"not_picked":["Pummel+1","ReplayTheSpireMod:Strike From Hell+1"],"picked":"Inflame+1","floor":31.0},{"not_picked":["Fiend Fire","Eclipse"],"picked":"Demon Form","floor":33.0},{"not_picked":["Body Slam","Sentinel+1","Life Link"],"picked":"SKIP","floor":35.0},{"not_picked":["HandOfGreed","Replay:Bootleg Shield Generator"],"picked":"Secret Technique","floor":36.0},{"not_picked":["Secret Technique","Bandage Up"],"picked":"Panacea","floor":36.0},{"not_picked":["Secret Weapon","Deep Breath"],"picked":"Crow Ritual","floor":36.0},{"not_picked":["ReplayTheSpireMod:Limb From Limb","Pommel Strike","Wild Strike+1"],"picked":"SKIP","floor":39.0},{"not_picked":["True Grit+1","Berserk","Iron Wave+1"],"picked":"SKIP","floor":40.0},{"not_picked":["Defy Death","Pommel Strike","Thunderclap+1"],"picked":"SKIP","floor":42},{"not_picked":["Abandon","Fire Breathing","Seeing Red+1"],"picked":"SKIP","floor":44},{"not_picked":["ReplayTheSpireMod:Strike From Hell+1","Headbutt+1"],"picked":"Pummel+1","floor":45},{"not_picked":["Perfected Strike+1","Rupture"],"picked":"True Grit+1","floor":48},{"not_picked":["Juggernaut","ReplayTheSpireMod:Corrosion Curse"],"picked":"ReplayTheSpireMod:Stacked+1","floor":54}],"player_experience":1433064,"relics_obtained":[{"floor":7.0,"key":"Blue Candle"},{"floor":9.0,"key":"Letter Opener"},{"floor":21.0,"key":"Ring of Searing"},{"floor":21.0,"key":"Ring of Fury"},{"floor":24.0,"key":"Gremlin Horn"},{"floor":26.0,"key":"Pantograph"},{"floor":28.0,"key":"Omamori"},{"floor":31.0,"key":"Garlic"},{"floor":40.0,"key":"Nunchaku"},{"floor":43,"key":"Bag of Preparation"},{"floor":44,"key":"Simple Rune"},{"floor":54,"key":"ReplayTheSpireMod:Shallot"}],"event_choices":[{"cards_removed":["Strike_R"],"damage_healed":0.0,"max_hp_gain":0.0,"max_hp_loss":0.0,"gold_gain":0.0,"event_name":"The Cleric","player_choice":"Card Removal","floor":4.0,"gold_loss":50.0,"damage_taken":0.0},{"damage_healed":0.0,"max_hp_gain":0.0,"max_hp_loss":0.0,"gold_gain":0.0,"event_name":"Shining Light","player_choice":"Entered Light","floor":5.0,"gold_loss":0.0,"damage_taken":16.0,"cards_upgraded":["Defend_R","Flame Barrier"]},{"damage_healed":0.0,"max_hp_gain":0.0,"max_hp_loss":0.0,"gold_gain":0.0,"event_name":"Upgrade Shrine","player_choice":"Upgraded","floor":11.0,"gold_loss":0.0,"damage_taken":0.0,"cards_upgraded":["Whirlwind"]},{"damage_healed":0.0,"max_hp_gain":5.0,"max_hp_loss":0.0,"gold_gain":0.0,"event_name":"Forgotten Altar","player_choice":"Shed Blood","floor":19.0,"gold_loss":0.0,"damage_taken":21.0},{"damage_healed":0.0,"max_hp_gain":0.0,"max_hp_loss":0.0,"gold_gain":0.0,"event_name":"Addict","player_choice":"Stole Relic","floor":25.0,"gold_loss":0.0,"damage_taken":0.0,"relics_obtained":["Orichalcum"],"cards_obtained":["Shame"]},{"damage_healed":0.0,"max_hp_gain":0.0,"max_hp_loss":0.0,"gold_gain":0.0,"event_name":"The Mausoleum","player_choice":"Opened","floor":27.0,"gold_loss":0.0,"damage_taken":0.0,"relics_obtained":["ReplayTheSpireMod:Spearhead"]},{"damage_healed":0.0,"max_hp_gain":0.0,"max_hp_loss":0.0,"gold_gain":0.0,"event_name":"SensoryStone","player_choice":"Memory 3","floor":36.0,"gold_loss":0.0,"damage_taken":10.0},{"cards_removed":["Shame"],"damage_healed":0.0,"max_hp_gain":0.0,"max_hp_loss":0.0,"gold_gain":0.0,"event_name":"Fountain of Cleansing","player_choice":"Removed Curses","floor":37.0,"gold_loss":0.0,"damage_taken":0.0},{"damage_healed":0,"gold_gain":0,"player_choice":"Damaged","damage_taken":9,"max_hp_gain":0,"max_hp_loss":0,"event_name":"Wheel of Change","floor":47,"gold_loss":0}],"is_beta":false,"boss_relics":[{"not_picked":["Replay:Ancient Bell","Replay:Drink Me"],"picked":"Tiny House"},{"not_picked":["Honey Jar","ReplayTheSpireMod:DimensionalGlitch","ChewingGum"]}],"items_purged_floors":[20,38],"is_endless":false,"potions_floor_spawned":[8,10,13,16,18,24,31,33,39,40,48,54],"killed_by":"The Heart","ascension_level":2}}