{"host":"iph0xvuia0glosgr","time":1612296026,"event":{"mods":["AchievementEnabler","BaseMod","Minty Spire (QoL Compilation)"],"gold_per_floor":[114,114,134,154,154,154,188,207,231,252,291,291,334,0,0,131,131,146,146,245,266,282,282,322,15,15,15,65,104,0,21,21,145,145,158,491,83,6,26,56,56,56,56,14,14,24,42,52,52,52,52],"floor_reached":50,"language":"ENG","playtime":2948,"items_purged":["Injury"],"score":682,"play_id":"203004b9-f1a9-4b78-afe1-33de48822834","local_time":"20210202200026","is_ascension_mode":true,"campfire_choices":[{"floor":6,"key":"RECALL"},{"data":"Mind Blast","floor":15,"key":"SMITH"},{"floor":23,"key":"REST"},{"floor":27,"key":"REST"},{"floor":32,"key":"REST"},{"floor":41,"key":"REST"},{"floor":45,"key":"REST"},{"floor":49,"key":"REST"}],"circlet_count":0,"master_deck":["Strike_G","Strike_G","Strike_G","Strike_G","Strike_G","Defend_G+1","Defend_G","Defend_G","Defend_G","Defend_G+1","Survivor","Neutralize","Noxious Fumes","Bouncing Flask","Dodge and Roll","Caltrops","Mind Blast+1","Dash","Blade Dance","Slice","Sucker Punch","Crippling Poison","Noxious Fumes","Catalyst+1","Noxious Fumes","Die Die Die","Blur+1","Blade Dance+1","Flying Knee+1","Phantasmal Killer+1","Infinite Blades","Catalyst+1","Poisoned Stab","Backstab","Poisoned Stab","Dash","Dagger Spray+1","Infinite Blades","Blade Dance+1","Slice","Poisoned Stab+1","Slice","Blade Dance+1","Accuracy"],"relics":["Ring of the Snake","Smiling Mask","War Paint","Toxic Egg 2","Philosopher\u0027s Stone","Enchiridion","Bottled Tornado","Ginger","Vajra","Tiny Chest","Black Star","Boot","The Courier","Juzu Bracelet","Singing Bowl","InkBottle","Kunai"],"acts_visited":["Exordium","TheCity","TheBeyond"],"potions_floor_usage":[11,11,14,16,16,16,24,29,33,33,33,35,40,47,50,50],"damage_taken":[{"damage":0,"enemies":"Small Slimes","floor":1,"turns":3},{"damage":0,"enemies":"2 Louse","floor":3,"turns":3},{"damage":1,"enemies":"Cultist","floor":4,"turns":4},{"damage":2,"enemies":"Lagavulin","floor":7,"turns":6},{"damage":17,"enemies":"Gremlin Gang","floor":8,"turns":5},{"damage":0,"enemies":"Looter","floor":10,"turns":3},{"damage":10,"enemies":"3 Sentries","floor":11,"turns":6},{"damage":15,"enemies":"Lagavulin","floor":13,"turns":6},{"damage":29,"enemies":"Hexaghost","floor":16,"turns":8},{"damage":13,"enemies":"3 Byrds","floor":18,"turns":4},{"damage":0,"enemies":"Spheric Guardian","floor":21,"turns":3},{"damage":16,"enemies":"Snecko","floor":22,"turns":4},{"damage":26,"enemies":"Slavers","floor":24,"turns":4},{"damage":0,"enemies":"Gremlin Leader","floor":29,"turns":3},{"damage":9,"enemies":"3 Cultists","floor":31,"turns":4},{"damage":28,"enemies":"Automaton","floor":33,"turns":5},{"damage":18,"enemies":"3 Darklings","floor":35,"turns":4},{"damage":0,"enemies":"3 Shapes","floor":39,"turns":5},{"damage":46,"enemies":"Reptomancer","floor":40,"turns":5},{"damage":0,"enemies":"Transient","floor":46,"turns":5},{"damage":16,"enemies":"Sphere and 2 Shapes","floor":47,"turns":4},{"damage":20,"enemies":"3 Darklings","floor":48,"turns":5},{"damage":57,"enemies":"Time Eater","floor":50,"turns":3}],"seed_played":"-7313286096723136242","potions_obtained":[{"floor":3,"key":"SteroidPotion"},{"floor":7,"key":"BlessingOfTheForge"},{"floor":11,"key":"Block Potion"},{"floor":13,"key":"GamblersBrew"},{"floor":16,"key":"EssenceOfSteel"},{"floor":29,"key":"Explosive Potion"},{"floor":33,"key":"DistilledChaos"},{"floor":35,"key":"Ancient Potion"},{"floor":46,"key":"BlessingOfTheForge"},{"floor":48,"key":"PowerPotion"}],"is_trial":false,"path_per_floor":["M","?","M","M","?","R","E","M","T","M","E","?","E","$","R","B",null,"M","?","?","M","M","R","E","$","T","R","T","E","$","M","R","B",null,"M","?","$","?","M","E","R","T","T","$","R","M","M","M","R","B"],"character_chosen":"THE_SILENT","items_purchased":["Catalyst+1","Noxious Fumes","Fruit Juice","GamblersBrew","Infinite Blades","Catalyst+1","Poisoned Stab","Backstab","Poison Potion","SkillPotion","Dexterity Potion","Infinite Blades","Blade Dance+1","Boot","Slice","BlessingOfTheForge","Fire Potion","Slice"],"campfire_rested":6,"item_purchase_floors":[14,14,14,14,25,25,25,25,25,30,30,37,37,37,37,37,37,44],"current_hp_per_floor":[70,70,70,69,69,69,67,50,50,50,40,63,48,53,53,24,75,62,46,46,46,30,52,26,26,26,48,48,48,48,39,61,33,75,57,57,57,57,57,13,36,36,36,36,59,59,45,25,48,0,0],"gold":52,"neow_bonus":"THREE_CARDS","is_daily":false,"chose_seed":false,"campfire_upgraded":1,"win_rate":0.0,"timestamp":1612296026,"path_taken":["M","?","M","M","?","R","E","?","T","?","E","?","E","$","R","BOSS","M","?","?","M","M","R","E","?","T","R","?","E","$","M","R","BOSS","M","?","$","?","?","E","R","?","T","$","R","M","M","M","R","BOSS"],"items_purchased_type":["Card","Card","Potion","Potion","Card","Card","Card","Card","Potion","Potion","Potion","Card","Card","Relic","Card","Potion","Potion","Card"],"build_version":"2020-12-22","purchased_purges":1,"victory":false,"max_hp_per_floor":[70,70,70,70,70,70,70,70,70,70,70,70,70,75,75,75,75,75,75,75,75,75,75,75,75,75,75,75,75,75,75,75,75,75,75,75,75,75,75,77,77,77,77,77,77,77,79,79,79,79,79],"card_choices":[{"not_picked":["Outmaneuver","Dodge and Roll"],"picked":"Noxious Fumes","floor":0},{"not_picked":["Acrobatics","Outmaneuver"],"picked":"Bouncing Flask","floor":1},{"not_picked":["Prepared","Blur"],"picked":"Dodge and Roll","floor":3},{"not_picked":["Skewer","Acrobatics"],"picked":"Caltrops","floor":4},{"not_picked":["Unload","Deflect"],"picked":"Blade Dance","floor":7},{"not_picked":["Dodge and Roll","Deflect"],"picked":"Slice","floor":8},{"not_picked":["Escape Plan","Footwork"],"picked":"Sucker Punch","floor":10},{"not_picked":["Venomology","Reflex"],"picked":"Crippling Poison","floor":11},{"not_picked":["Slice","Predator"],"picked":"Noxious Fumes","floor":13},{"not_picked":["Venomology+1","Burst+1"],"picked":"Die Die Die","floor":16},{"not_picked":["All Out Attack+1","Dagger Spray"],"picked":"Blur+1","floor":18},{"not_picked":["Prepared+1","Dagger Throw"],"picked":"Blade Dance+1","floor":21},{"not_picked":["Masterful Stab+1","Quick Slash"],"picked":"Flying Knee+1","floor":22},{"not_picked":["Tactician+1","Noxious Fumes"],"picked":"Phantasmal Killer+1","floor":24},{"not_picked":["Deadly Poison+1","Choke"],"picked":"Poisoned Stab","floor":29},{"not_picked":["Quick Slash","Sucker Punch"],"picked":"Dash","floor":31},{"not_picked":["Expertise+1","Reflex+1"],"picked":"Dagger Spray+1","floor":35},{"not_picked":["Deadly Poison+1","Dagger Spray+1"],"picked":"Poisoned Stab+1","floor":39},{"not_picked":["Skewer","All Out Attack","Reflex+1"],"picked":"Singing Bowl","floor":40},{"not_picked":["Backflip+1","Bane+1"],"picked":"Blade Dance+1","floor":46},{"not_picked":["Tools of the Trade","Backflip+1","Dagger Throw+1"],"picked":"Singing Bowl","floor":47},{"not_picked":["Flechettes","Cloak And Dagger+1"],"picked":"Accuracy","floor":48}],"player_experience":323349,"relics_obtained":[{"floor":7,"key":"Smiling Mask"},{"floor":11,"key":"War Paint"},{"floor":13,"key":"Toxic Egg 2"},{"floor":19,"key":"Enchiridion"},{"floor":24,"key":"Bottled Tornado"},{"floor":26,"key":"Ginger"},{"floor":28,"key":"Vajra"},{"floor":29,"key":"Tiny Chest"},{"floor":40,"key":"Juzu Bracelet"},{"floor":40,"key":"Singing Bowl"},{"floor":42,"key":"InkBottle"},{"floor":43,"key":"Kunai"}],"event_choices":[{"damage_healed":0,"gold_gain":0,"player_choice":"Take Wound","damage_taken":0,"relics_obtained":["Golden Idol"],"max_hp_gain":0,"max_hp_loss":0,"event_name":"Golden Idol","floor":2,"gold_loss":0,"cards_obtained":["Injury"]},{"damage_healed":0,"gold_gain":0,"player_choice":"2 cards matched","damage_taken":0,"max_hp_gain":0,"max_hp_loss":0,"event_name":"Match and Keep!","floor":5,"gold_loss":0,"cards_obtained":["Mind Blast","Dash"]},{"damage_healed":23,"gold_gain":0,"player_choice":"Banana","damage_taken":0,"max_hp_gain":0,"max_hp_loss":0,"event_name":"Big Fish","floor":12,"gold_loss":0},{"damage_healed":0,"gold_gain":0,"player_choice":"Obtained Book","damage_taken":16,"max_hp_gain":0,"max_hp_loss":0,"event_name":"Cursed Tome","floor":19,"gold_loss":0},{"damage_healed":0,"gold_gain":99,"player_choice":"Stole From Cult","damage_taken":0,"max_hp_gain":0,"max_hp_loss":0,"event_name":"Nest","floor":20,"gold_loss":0},{"damage_healed":0,"gold_gain":333,"player_choice":"Gave Idol","damage_taken":0,"max_hp_gain":0,"max_hp_loss":0,"event_name":"The Moai Head","floor":36,"relics_lost":["Golden Idol"],"gold_loss":0},{"damage_healed":0,"gold_gain":0,"player_choice":"Paid Gold","damage_taken":0,"relics_obtained":["The Courier"],"max_hp_gain":0,"max_hp_loss":0,"event_name":"WeMeetAgain","floor":38,"gold_loss":77}],"is_beta":false,"boss_relics":[{"not_picked":["Runic Dome","Snecko Eye"],"picked":"Philosopher\u0027s Stone"},{"not_picked":["Velvet Choker","Busted Crown"],"picked":"Black Star"}],"items_purged_floors":[14],"is_endless":false,"potions_floor_spawned":[3,7,11,13,16,29,31,33,35,39,46,48],"killed_by":"Time Eater","ascension_level":1}}