{"host":"vt6dr1xq3iy14a3e","time":1612302369,"event":{"mods":["AchievementEnabler","BaseMod","Colored Map","DeckTracker","Minty Spire (QoL Compilation)","StSLib","SuperFastMode"],"gold_per_floor":[111,36,36,49,49,49,74,74,74,106,117,137,89,106,106,185,185,201,33,132,150,150,150,150,150],"floor_reached":24,"language":"KOR","playtime":1025,"items_purged":["Strike_B","Defend_B"],"score":337,"play_id":"fce0a6fb-0b15-42df-9ca1-0ca548ea6fb4","local_time":"20210203064609","is_ascension_mode":true,"campfire_choices":[{"data":"Dualcast","floor":6,"key":"SMITH"},{"data":"Fission","floor":8,"key":"SMITH"},{"floor":15,"key":"REST"},{"data":"Chaos","floor":23,"key":"SMITH"}],"circlet_count":0,"master_deck":["AscendersBane","Strike_B","Strike_B","Defend_B","Defend_B","Defend_B","Zap+1","Dualcast+1","Cold Snap","Gash","Fission+1","Sweeping Beam","Genetic Algorithm","Compile Driver","Turbo","Creative AI","Defragment","Chaos+1"],"relics":["SlaversCollar","StoneCalendar","Potion Belt","Bottled Lightning","Runic Pyramid"],"acts_visited":["Exordium","TheCity"],"potions_floor_usage":[7,10,18,18],"damage_taken":[{"damage":10,"enemies":"2 Louse","floor":1,"turns":4},{"damage":0,"enemies":"Jaw Worm","floor":4,"turns":5},{"damage":6,"enemies":"Lagavulin","floor":7,"turns":8},{"damage":6,"enemies":"3 Sentries","floor":10,"turns":7},{"damage":1,"enemies":"Cultist","floor":11,"turns":4},{"damage":0,"enemies":"Exordium Wildlife","floor":12,"turns":3},{"damage":7,"enemies":"3 Louse","floor":14,"turns":3},{"damage":57,"enemies":"Slime Boss","floor":16,"turns":7},{"damage":20,"enemies":"Spheric Guardian","floor":18,"turns":6},{"damage":7,"enemies":"Chosen","floor":21,"turns":6},{"damage":38,"enemies":"Shelled Parasite and Fungi","floor":24,"turns":4}],"seed_played":"2159172587649150917","potions_obtained":[{"floor":1,"key":"SneckoOil"},{"floor":4,"key":"Block Potion"},{"floor":12,"key":"LiquidMemories"},{"floor":14,"key":"FocusPotion"},{"floor":16,"key":"PowerPotion"}],"is_trial":false,"path_per_floor":["M","$","?","M","$","R","E","R","T","E","M","M","$","M","R","B",null,"M","$","?","M","?","R","M"],"character_chosen":"DEFECT","items_purchased":["Compile Driver","Defragment"],"campfire_rested":1,"item_purchase_floors":[13,19],"current_hp_per_floor":[58,58,58,58,58,58,52,52,52,46,45,45,45,38,60,3,57,37,37,37,30,30,30,0,0],"gold":150,"neow_bonus":"BOSS_RELIC","is_daily":false,"chose_seed":false,"campfire_upgraded":3,"win_rate":0.0,"timestamp":1612302369,"path_taken":["M","$","?","M","?","R","E","R","T","E","M","?","$","M","R","BOSS","M","$","?","M","?","R","M"],"items_purchased_type":["Card","Card"],"build_version":"2020-12-22","purchased_purges":2,"victory":false,"max_hp_per_floor":[75,75,75,75,75,75,75,75,75,75,75,75,75,75,75,75,75,75,75,75,75,75,75,75,75],"card_choices":[{"not_picked":["Defragment","Beam Cell"],"picked":"Cold Snap","floor":1},{"not_picked":["Melter","Rebound"],"picked":"Gash","floor":4},{"not_picked":["Storm","Conserve Battery"],"picked":"Fission","floor":7},{"not_picked":["Go for the Eyes","Multi-Cast"],"picked":"Sweeping Beam","floor":10},{"not_picked":["Barrage","Streamline","Rebound"],"picked":"SKIP","floor":11},{"not_picked":["Barrage","Streamline","Rebound"],"picked":"SKIP","floor":11},{"not_picked":["Skim","Gash"],"picked":"Genetic Algorithm","floor":12},{"not_picked":["Compile Driver","Stack"],"picked":"Turbo","floor":14},{"not_picked":["Echo Form","Amplify"],"picked":"Creative AI","floor":16},{"not_picked":["Hologram","Stack","Leap+1"],"picked":"SKIP","floor":18},{"not_picked":["Genetic Algorithm","Beam Cell"],"picked":"Chaos","floor":21}],"player_experience":1031290,"relics_obtained":[{"floor":7,"key":"StoneCalendar"},{"floor":9,"key":"Potion Belt"},{"floor":10,"key":"Bottled Lightning"}],"event_choices":[{"damage_healed":0,"gold_gain":0,"player_choice":"Grow","damage_taken":0,"max_hp_gain":0,"max_hp_loss":0,"event_name":"Living Wall","floor":3,"gold_loss":0,"cards_upgraded":["Zap"]},{"damage_healed":0,"gold_gain":99,"player_choice":"Stole From Cult","damage_taken":0,"max_hp_gain":0,"max_hp_loss":0,"event_name":"Nest","floor":20,"gold_loss":0},{"cards_removed":["Strike_B"],"damage_healed":0,"gold_gain":0,"player_choice":"Elegance","damage_taken":0,"max_hp_gain":0,"max_hp_loss":0,"event_name":"Back to Basics","floor":22,"gold_loss":0}],"is_beta":false,"boss_relics":[{"not_picked":["Fusion Hammer","Ectoplasm"],"picked":"Runic Pyramid"}],"items_purged_floors":[2,19],"is_endless":false,"potions_floor_spawned":[1,4,12,14,16],"killed_by":"Shelled Parasite and Fungi","ascension_level":13}}