{"host":"and8eo8sydud92t3","time":1612237207,"event":{"mods":["AchievementEnabler","BaseMod","Bestiary","Colored Map","Colored Powertips","Highlight Path","Minty Spire (QoL Compilation)","Relic Stats","StSLib"],"gold_per_floor":[114,130,54,54,70,101,101,120,120,195,209,209,209,240,240,342,342,354,364,364,289,40,40,40],"floor_reached":23,"language":"ENG","playtime":715,"items_purged":[],"score":229,"play_id":"1f1d13dc-6420-4bdc-b10b-62793fa01d57","local_time":"20210201224007","is_ascension_mode":true,"campfire_choices":[{"floor":7.0,"key":"REST"},{"floor":13.0,"key":"REST"},{"floor":15.0,"key":"REST"}],"circlet_count":0,"master_deck":["Strike_B","Strike_B","Strike_B+1","Defend_B","Defend_B","Defend_B+1","Defend_B","Zap","Dualcast","Reinforced Body","Lockon","Hello World+1","Loop","Capacitor","Lockon","FTL","Tempest","Core Surge"],"relics":["Cracked Core","NeowsBlessing","Gambling Chip","FossilizedHelix","Girya","SlaversCollar","MutagenicStrength","Cables"],"acts_visited":["Exordium","TheCity"],"potions_floor_usage":[19,23,23],"damage_taken":[{"damage":0.0,"enemies":"2 Louse","floor":1.0,"turns":1.0},{"damage":0.0,"enemies":"Small Slimes","floor":2.0,"turns":1.0},{"damage":0.0,"enemies":"Cultist","floor":5.0,"turns":1.0},{"damage":23.0,"enemies":"3 Sentries","floor":6.0,"turns":8.0},{"damage":4.0,"enemies":"2 Fungi Beasts","floor":8.0,"turns":4.0},{"damage":11.0,"enemies":"Exordium Wildlife","floor":11.0,"turns":4.0},{"damage":13.0,"enemies":"Lagavulin","floor":14.0,"turns":7.0},{"damage":30.0,"enemies":"Hexaghost","floor":16.0,"turns":9.0},{"damage":10.0,"enemies":"Chosen","floor":18.0,"turns":4.0},{"damage":30,"enemies":"3 Byrds","floor":19,"turns":5},{"damage":36,"enemies":"Slavers","floor":23,"turns":2}],"seed_played":"2299345845178537522","potions_obtained":[{"floor":6.0,"key":"BlessingOfTheForge"},{"floor":8.0,"key":"LiquidMemories"},{"floor":14.0,"key":"EssenceOfDarkness"},{"floor":18.0,"key":"Ancient Potion"}],"is_trial":false,"path_per_floor":["M","M","$","?","M","E","R","M","T","?","M","?","R","E","R","B",null,"M","M","?","?","$","E"],"character_chosen":"DEFECT","items_purchased":["Hello World","Cables"],"campfire_rested":3,"item_purchase_floors":[3,22],"current_hp_per_floor":[75,75,75,60,60,37,59,55,55,44,33,33,55,42,64,34,75,65,35,35,35,35,0,0],"gold":40,"neow_bonus":"THREE_ENEMY_KILL","is_daily":false,"chose_seed":false,"campfire_upgraded":0,"win_rate":0.0,"timestamp":1612237207,"path_taken":["M","M","$","?","M","E","R","M","T","?","M","?","R","E","R","BOSS","M","M","?","?","$","E"],"items_purchased_type":["Card","Relic"],"build_version":"2020-12-22","purchased_purges":0,"victory":false,"max_hp_per_floor":[75,75,75,75,75,75,75,75,75,75,75,75,75,75,75,75,75,75,75,75,75,75,75,75],"relic_stats":{"counters":[11,46],"Gambling Chip":[7],"obtain_stats":[{"Girya":14,"SlaversCollar":17,"NeowsBlessing":0,"Gambling Chip":6,"MutagenicStrength":20,"Cracked Core":0,"FossilizedHelix":9,"Cables":22},{"Girya":7,"SlaversCollar":8,"NeowsBlessing":0,"Gambling Chip":4,"MutagenicStrength":10,"Cracked Core":0,"FossilizedHelix":5,"Cables":10},{"Girya":26,"SlaversCollar":35,"NeowsBlessing":0,"Gambling Chip":11,"MutagenicStrength":44,"Cracked Core":0,"FossilizedHelix":15,"Cables":44}],"Cables":[1,0,0,1,0]},"card_choices":[{"not_picked":["Cold Snap","Compile Driver"],"picked":"Reinforced Body","floor":1.0},{"not_picked":["Streamline","Cold Snap"],"picked":"Lockon","floor":2.0},{"not_picked":["Blizzard","Leap"],"picked":"Loop","floor":5.0},{"not_picked":["Chill","Static Discharge"],"picked":"Capacitor","floor":6.0},{"not_picked":["Hologram","Melter"],"picked":"Lockon","floor":8.0},{"not_picked":["Coolheaded","Streamline"],"picked":"FTL","floor":11.0},{"not_picked":["Chaos","Hologram"],"picked":"Tempest","floor":14.0},{"not_picked":["Meteor Strike","Machine Learning"],"picked":"Core Surge","floor":16.0},{"not_picked":["Gash+1","Cold Snap","Rebound"],"picked":"SKIP","floor":18.0},{"not_picked":["Tempest","Cold Snap","Sweeping Beam"],"picked":"SKIP","floor":19}],"player_experience":368127,"relics_obtained":[{"floor":6.0,"key":"Gambling Chip"},{"floor":9.0,"key":"FossilizedHelix"},{"floor":14.0,"key":"Girya"}],"event_choices":[{"damage_healed":0.0,"max_hp_gain":0.0,"max_hp_loss":0.0,"gold_gain":0.0,"event_name":"Shining Light","player_choice":"Entered Light","floor":4.0,"gold_loss":0.0,"damage_taken":15.0,"cards_upgraded":["Defend_B","Strike_B"]},{"damage_healed":0.0,"max_hp_gain":0.0,"max_hp_loss":0.0,"gold_gain":75.0,"event_name":"World of Goop","player_choice":"Gather Gold","floor":10.0,"gold_loss":0.0,"damage_taken":11.0},{"damage_healed":0.0,"max_hp_gain":0.0,"max_hp_loss":0.0,"gold_gain":0.0,"event_name":"Living Wall","player_choice":"Grow","floor":12.0,"gold_loss":0.0,"damage_taken":0.0,"cards_upgraded":["Hello World"]},{"damage_healed":0,"gold_gain":0,"player_choice":"Inject Mutagens","damage_taken":0,"relics_obtained":["MutagenicStrength"],"max_hp_gain":0,"max_hp_loss":0,"event_name":"Drug Dealer","floor":20,"gold_loss":0},{"cards_removed":["Strike_B"],"damage_healed":0,"gold_gain":0,"player_choice":"Gave Gold","damage_taken":0,"max_hp_gain":0,"max_hp_loss":0,"event_name":"Beggar","floor":21,"gold_loss":75}],"is_beta":false,"boss_relics":[{"not_picked":["Busted Crown","Cursed Key"],"picked":"SlaversCollar"}],"items_purged_floors":[],"is_endless":false,"potions_floor_spawned":[6,8,14,18],"killed_by":"Slavers","ascension_level":3}}