{"host":"d61fcf2p3sjwe6yo","time":1612278285,"event":{"mods":["AchievementEnabler","BaseMod","Colored Map","Downfall","Minty Spire (QoL Compilation)","StSLib","SuperFastMode"],"gold_per_floor":[99,111,122,135,147,164,245,145,160,70,55,55,55,83,102,181,181,181,197,207,207,252,263,290,319,319,329,329,229,246,277,290,361,361,361,379,24,51,51,51,122,22,39,66,30,48,60,60,77,77,77,106,7,7,7,7],"floor_reached":57,"language":"ENG","playtime":3671,"items_purged":["hexamod:Strike","Writhe","Pain"],"score":1869,"play_id":"6cbc4a8a-eb6f-4095-9e77-fb4fe862589f","local_time":"20210202180445","is_ascension_mode":true,"campfire_choices":[{"floor":1,"key":"RECALL"},{"data":"hexamod:Float","floor":8,"key":"SMITH"},{"floor":13,"key":"REST"},{"data":"hexamod:ForkedFlame","floor":18,"key":"SMITH"},{"floor":29,"key":"REST"},{"data":"hexamod:ForkedFlame","floor":35,"key":"SMITH"},{"floor":40,"key":"REST"},{"data":"hexamod:EmpoweredFlame","floor":42,"key":"SMITH"},{"floor":54,"key":"REST"}],"circlet_count":0,"master_deck":["AscendersBane","hexamod:Strike","hexamod:Strike","hexamod:Strike","hexamod:Defend","hexamod:Defend","hexamod:Defend","hexamod:Defend","hexamod:Sear","hexamod:Float+1","hexamod:EmpoweredFlame","hexamod:PowerFromBeyond","hexamod:Hexaguard","hexamod:ShieldOfDarkness","hexamod:StepThrough","hexamod:SwordOfDarkness","hexamod:TimeWarp","hexamod:EmpoweredFlame","hexamod:ForkedFlame+1","hexamod:ShieldOfDarkness","hexamod:Hexaguard","hexamod:SpectralAdrenaline+1","hexamod:Rewind+1","hexamod:EmpoweredFlame+1","hexamod:ForkedFlame+1","hexamod:ForkedFlame+1","Decay","expansioncontent:Chronoboost","hexamod:TimeWarp"],"relics":["hexamod:SpiritBrand","Tiny Chest","StrikeDummy","downfall:HeartBlessingRed","Lizard Tail","sneckomod:SneckoTalon","Slimebound:StickyStick","Anchor","Bag of Marbles","Ancient Tea Set","downfall:HeartBlessingGreen","Centennial Puzzle","hexamod:IceCube","DollysMirror","Guardian:PocketSentry","downfall:ExtraCursedKey","downfall:HeartBlessingBlue","Ornamental Fan","InkBottle","Bag of Preparation"],"acts_visited":["Exordium","TheCity","TheBeyond","TheEnding"],"potions_floor_usage":[4,14,16,16,31,31,32,33,50,56,56],"damage_taken":[{"damage":0,"enemies":"Cultist","floor":2,"turns":3},{"damage":15,"enemies":"2 Louse","floor":3,"turns":3},{"damage":2,"enemies":"Small Slimes","floor":4,"turns":3},{"damage":3,"enemies":"Blue Slaver","floor":5,"turns":3},{"damage":5,"enemies":"Exordium Wildlife","floor":6,"turns":5},{"damage":0,"enemies":"Large Slime","floor":9,"turns":5},{"damage":0,"enemies":"downfall:FleeingMerchant","floor":10,"turns":4},{"damage":5,"enemies":"downfall:FleeingMerchant","floor":11,"turns":4},{"damage":15,"enemies":"Lagavulin","floor":14,"turns":5},{"damage":2,"enemies":"Exordium Wildlife","floor":15,"turns":5},{"damage":51,"enemies":"WA_ARCHETYPE_RETAIN","floor":16,"turns":9},{"damage":2,"enemies":"Chosen","floor":19,"turns":3},{"damage":0,"enemies":"Shell Parasite","floor":20,"turns":4},{"damage":0,"enemies":"3 Cultists","floor":23,"turns":5},{"damage":33,"enemies":"Book of Stabbing","floor":25,"turns":6},{"damage":19,"enemies":"Snecko","floor":27,"turns":5},{"damage":1,"enemies":"Cultist and Chosen","floor":30,"turns":5},{"damage":0,"enemies":"Slavers","floor":31,"turns":5},{"damage":0,"enemies":"3 Cultists","floor":32,"turns":5},{"damage":32,"enemies":"SI_MIRROR_ARCHETYPE","floor":33,"turns":9},{"damage":11,"enemies":"3 Darklings","floor":36,"turns":7},{"damage":9,"enemies":"downfall:FleeingMerchant","floor":37,"turns":4},{"damage":11,"enemies":"3 Shapes","floor":43,"turns":3},{"damage":16,"enemies":"Giant Head","floor":44,"turns":5},{"damage":12,"enemies":"downfall:FleeingMerchant","floor":45,"turns":3},{"damage":15,"enemies":"Maw","floor":46,"turns":5},{"damage":2,"enemies":"Sphere and 2 Shapes","floor":47,"turns":3},{"damage":7,"enemies":"Spire Growth","floor":49,"turns":4},{"damage":10,"enemies":"IC_BLOCK_ARCHETYPE","floor":50,"turns":9},{"damage":46,"enemies":"downfall:CharBossMerchant","floor":52,"turns":8},{"damage":38,"enemies":"downfall:NeowBoss","floor":55,"turns":17},{"damage":9,"enemies":"downfall:NeowBossFinal","floor":56,"turns":8}],"seed_played":"7113017953059414109","potions_obtained":[{"floor":3,"key":"Explosive Potion"},{"floor":5,"key":"hexamod:SoulburnPotion"},{"floor":9,"key":"FearPotion"},{"floor":14,"key":"bronze:BurnAndBuffPotion"},{"floor":27,"key":"hexamod:EctoCoolerPotion"},{"floor":30,"key":"DistilledChaos"},{"floor":31,"key":"Regen Potion"},{"floor":32,"key":"Fruit Juice"},{"floor":43,"key":"Fire Potion"},{"floor":44,"key":"CultistPotion"}],"is_trial":false,"path_per_floor":["R","M","M","M","M","M","T","R","M","$","$","?","R","E","M","B",null,"R","M","M","?","T","M","T","E","?","M","?","R","M","E","M","B",null,"R","M","$","T","?","R","T","R","M","E","$","M","M","?","M","B",null,"E","$","R","B","B",null],"character_chosen":"THE_SPIRIT","items_purchased":["DollysMirror","FairyPotion","InkBottle","Dexterity Potion","hexamod:SoulburnPotion"],"campfire_rested":4,"item_purchase_floors":[37,37,45,53,53],"current_hp_per_floor":[63,63,48,46,43,38,38,38,38,38,33,33,54,39,37,35,61,61,59,59,59,59,59,59,26,26,7,7,28,27,27,32,15,60,60,49,40,40,40,62,62,72,61,45,33,18,16,16,9,24,70,24,24,49,11,2],"gold":7,"neow_bonus":"RANDOM_COMMON_RELIC","is_daily":false,"chose_seed":false,"campfire_upgraded":4,"win_rate":0.0,"timestamp":1612278285,"path_taken":["R","M","M","M","M","M","T","R","M","?","$","?","R","E","M","BOSS","R","M","M","?","?","M","T","E","?","?","?","R","M","E","M","BOSS","R","M","$","?","?","R","T","R","M","E","?","M","M","?","M","BOSS","E","$","R","BOSS","BOSS"],"items_purchased_type":["Relic","Potion","Relic","Potion","Potion"],"build_version":"2020-12-22","purchased_purges":3,"victory":true,"max_hp_per_floor":[70,70,70,70,70,70,70,70,70,70,70,70,70,70,70,70,70,70,70,70,70,70,70,70,70,70,70,70,70,70,70,75,75,75,75,75,75,75,75,75,75,85,85,85,85,85,85,85,85,85,85,85,85,85,85,85],"card_choices":[{"not_picked":["hexamod:HauntingEcho","hexamod:ThermalTransfer"],"picked":"hexamod:EmpoweredFlame","floor":2},{"not_picked":["hexamod:Haunt","hexamod:GhostLash","hexamod:FlamesFromBeyond"],"picked":"SKIP","floor":3},{"not_picked":["hexamod:BurningTouch","hexamod:FlamesFromBeyond"],"picked":"hexamod:PowerFromBeyond","floor":4},{"not_picked":["hexamod:SpectralAdrenaline","hexamod:NightmareGuise"],"picked":"hexamod:Hexaguard","floor":5},{"not_picked":["hexamod:SoulSteal","hexamod:HauntingEcho"],"picked":"hexamod:ShieldOfDarkness","floor":6},{"not_picked":["hexamod:FlamesFromBeyond","hexamod:ThermalTransfer"],"picked":"hexamod:StepThrough","floor":9},{"not_picked":["hexamod:SearingWound","hexamod:HeatCrush"],"picked":"hexamod:SwordOfDarkness","floor":10},{"not_picked":["hexamod:HauntingEcho","hexamod:InspiringFlames","hexamod:PhantomFireball"],"picked":"SKIP","floor":11},{"not_picked":["hexamod:HeatMetal","hexamod:NightmareGuise"],"picked":"hexamod:TimeWarp","floor":14},{"not_picked":["hexamod:FlamesFromBeyond","hexamod:BacktrackSmack"],"picked":"hexamod:EmpoweredFlame","floor":15},{"not_picked":["hexamod:VolcanoVisage","hexamod:Toasty"],"picked":"hexamod:ForkedFlame","floor":16},{"not_picked":["hexamod:EtherealExpedition","hexamod:GhostOfSpirePast"],"picked":"hexamod:ShieldOfDarkness","floor":19},{"not_picked":["hexamod:RadiantFlame","hexamod:SpectralSpark","hexamod:GhostShield"],"picked":"SKIP","floor":20},{"not_picked":["hexamod:SoulSteal","hexamod:FourthSeal"],"picked":"hexamod:SpectralAdrenaline+1","floor":23},{"not_picked":["hexamod:SpectralAdrenaline","hexamod:HeatShield"],"picked":"hexamod:Rewind","floor":25},{"not_picked":["hexamod:NightmareGuise","hexamod:ThermalTransfer","hexamod:AdvancingGuard"],"picked":"SKIP","floor":27},{"not_picked":["hexamod:SecondSeal","hexamod:CatchUp","hexamod:TurnItUp"],"picked":"SKIP","floor":30},{"not_picked":["hexamod:SwordOfDarkness","hexamod:DynamicBlow"],"picked":"hexamod:EmpoweredFlame","floor":31},{"not_picked":["hexamod:Again","hexamod:ShieldOfDarkness","hexamod:NightmareStrike"],"picked":"SKIP","floor":32},{"not_picked":["hexamod:WildfireWeapon","hexamod:ApocalypticArmor"],"picked":"hexamod:ForkedFlame","floor":33},{"not_picked":["hexamod:SwordOfDarkness","hexamod:PhantomFireball","hexamod:DynamicBlow+1"],"picked":"SKIP","floor":36},{"not_picked":["hexamod:InspiringFlames+1","hexamod:RecurringNightmare","hexamod:ShieldOfDarkness"],"picked":"SKIP","floor":37},{"not_picked":["hexamod:HauntingEcho","hexamod:NightmareGuise","hexamod:FlameSwitch"],"picked":"SKIP","floor":43},{"not_picked":["hexamod:GhostLash+1","hexamod:NightmareGuise","hexamod:SpectersWail"],"picked":"SKIP","floor":44},{"not_picked":["hexamod:FlamesFromBeyond","hexamod:Haunt","hexamod:Firestarter+1"],"picked":"SKIP","floor":45},{"not_picked":["hexamod:ThermalTransfer","hexamod:ShieldOfDarkness","hexamod:BacktrackSmack"],"picked":"SKIP","floor":46},{"not_picked":["hexamod:RainOfEmbers","hexamod:PhantomFireball","hexamod:Toasty"],"picked":"SKIP","floor":47},{"not_picked":["expansioncontent:PolyBeam","expansioncontent:InvincibleStrength"],"picked":"expansioncontent:Chronoboost","floor":48},{"not_picked":["hexamod:HeatMetal","hexamod:Firestarter","hexamod:InspiringFlames"],"picked":"SKIP","floor":49},{"not_picked":["hexamod:SoulSteal+1","hexamod:FastForward+1"],"picked":"hexamod:TimeWarp","floor":52}],"player_experience":763871,"relics_obtained":[{"floor":7,"key":"StrikeDummy"},{"floor":14,"key":"Lizard Tail"},{"floor":22,"key":"Slimebound:StickyStick"},{"floor":24,"key":"Anchor"},{"floor":25,"key":"Bag of Marbles"},{"floor":31,"key":"Centennial Puzzle"},{"floor":38,"key":"Guardian:PocketSentry"},{"floor":44,"key":"Ornamental Fan"},{"floor":52,"key":"Bag of Preparation"}],"event_choices":[{"damage_healed":0,"gold_gain":0,"player_choice":"Read","damage_taken":0,"max_hp_gain":0,"max_hp_loss":0,"event_name":"The Library","floor":21,"gold_loss":0,"cards_obtained":["hexamod:Hexaguard"]}],"is_beta":false,"boss_relics":[{"not_picked":["Snecko Eye","Runic Dome"],"picked":"sneckomod:SneckoTalon"},{"not_picked":["bronze:MakeshiftBattery","Sozu"],"picked":"hexamod:IceCube"}],"items_purged_floors":[10,37,45],"is_endless":false,"potions_floor_spawned":[3,5,9,14,15,27,30,31,32,43,44,47],"ascension_level":13}}