{"host":"zwezhz46a5cjkxff","time":1612250063,"event":{"mods":["AchievementEnabler","BaseMod","Colored Map","Colored Powertips","DeckTracker","Hermit","Minty Spire (QoL Compilation)","Permanent Neow","Quick Restart","Rare Cards Sparkle","Relic Stats","Robot Space Explorer","StSLib","SuperFastMode","The Hierophant","The Servant 0.9.4","Weighted Paths","slay the spire mod where everything is the same but ironclad has a cowboy hat"],"gold_per_floor":[112,129,129,129,129,204,235,235,261,296,314,314,314],"floor_reached":12,"language":"ENG","playtime":400,"items_purged":[],"score":86,"play_id":"5b1f953c-ff9d-4233-986f-0b17739e419d","local_time":"20210202011423","is_ascension_mode":false,"campfire_choices":[],"circlet_count":0,"master_deck":["Strike_P","Strike_P+1","Strike_P+1","Defend_P","Defend_P","Eruption","Vigilance","DeceiveReality","Brilliance","Prostrate","Study","BattleHymn","Conclude","Tantrum"],"relics":["PureWater","White Beast Statue","Golden Idol","PreservedInsect"],"acts_visited":["Exordium"],"potions_floor_usage":[10,12,12],"damage_taken":[{"damage":2,"enemies":"Jaw Worm","floor":1,"turns":3},{"damage":3,"enemies":"Small Slimes","floor":2,"turns":3},{"damage":26,"enemies":"Lagavulin","floor":7,"turns":6},{"damage":14,"enemies":"3 Sentries","floor":10,"turns":7},{"damage":0,"enemies":"2 Louse","floor":11,"turns":1},{"damage":32,"enemies":"Lagavulin","floor":12,"turns":4}],"seed_played":"-7605335190459274677","potions_obtained":[{"floor":7,"key":"Regen Potion"},{"floor":10,"key":"Strength Potion"},{"floor":11,"key":"PowerPotion"}],"is_trial":false,"path_per_floor":["M","M","?","?","$","?","E","?","T","E","M","E"],"character_chosen":"WATCHER","items_purchased":[],"campfire_rested":0,"item_purchase_floors":[],"current_hp_per_floor":[63,60,47,40,40,29,3,3,3,4,4,0,0],"gold":314,"neow_bonus":"TRANSFORM_TWO_CARDS","is_daily":false,"chose_seed":false,"campfire_upgraded":0,"win_rate":0.0,"timestamp":1612250063,"path_taken":["M","M","?","?","$","?","E","?","T","E","M","E"],"items_purchased_type":[],"build_version":"2020-12-22","purchased_purges":0,"victory":false,"max_hp_per_floor":[65,65,65,65,65,65,65,60,60,60,60,60,60],"relic_stats":{"counters":[6,24],"Golden Idol":11,"PreservedInsect":28,"obtain_stats":[{"Golden Idol":8,"PreservedInsect":10,"PureWater":0,"White Beast Statue":7},{"Golden Idol":3,"PreservedInsect":4,"PureWater":0,"White Beast Statue":3},{"Golden Idol":12,"PreservedInsect":19,"PureWater":0,"White Beast Statue":12}]},"card_choices":[{"not_picked":["TalkToTheHand","CutThroughFate"],"picked":"Prostrate","floor":1},{"not_picked":["BattleHymn","BowlingBash"],"picked":"Study","floor":2},{"not_picked":["Collect","FlurryOfBlows"],"picked":"BattleHymn","floor":7},{"not_picked":["Nirvana","Evaluate"],"picked":"Conclude","floor":10},{"not_picked":["WaveOfTheHand","EmptyBody"],"picked":"Tantrum","floor":11}],"player_experience":60071,"relics_obtained":[{"floor":7,"key":"White Beast Statue"},{"floor":10,"key":"PreservedInsect"}],"event_choices":[{"damage_healed":0,"gold_gain":0,"player_choice":"Entered Light","damage_taken":13,"max_hp_gain":0,"max_hp_loss":0,"event_name":"Shining Light","floor":3,"gold_loss":0,"cards_upgraded":["Strike_P","Strike_P"]},{"cards_removed":["Defend_P"],"damage_healed":0,"gold_gain":0,"player_choice":"Card Removal","damage_taken":7,"max_hp_gain":0,"max_hp_loss":0,"event_name":"Golden Wing","floor":4,"gold_loss":0},{"damage_healed":0,"gold_gain":75,"player_choice":"Gather Gold","damage_taken":11,"max_hp_gain":0,"max_hp_loss":0,"event_name":"World of Goop","floor":6,"gold_loss":0},{"damage_healed":0,"gold_gain":0,"player_choice":"Lose Max HP","damage_taken":0,"relics_obtained":["Golden Idol"],"max_hp_gain":0,"max_hp_loss":5,"event_name":"Golden Idol","floor":8,"gold_loss":0}],"is_beta":false,"boss_relics":[],"items_purged_floors":[],"is_endless":false,"potions_floor_spawned":[7,10,11],"killed_by":"Lagavulin","ascension_level":0}}