{"host":"andja9kgajlggmm4","time":1612274120,"event":{"mods":["BaseMod","Downfall","Hubris","Infinite Spire","MarisaÅiñ∂âJÅ@ñÇóùçπÅj","Minty Spire (QoL Compilation)","StSLib","The Cursed","The Servant 0.9.4"],"gold_per_floor":[113,213,224,224,224,224,224,238,238,264,264,280,81,94,94,189,189,200,220,233,233,258,258,258],"floor_reached":23,"language":"ENG","playtime":1199,"items_purged":["Strike_R"],"score":191,"play_id":"b076a0b4-4869-4270-a48a-3758b0158868","local_time":"20210202145520","is_ascension_mode":false,"campfire_choices":[{"data":"infinitespire:SevenWalls","floor":6,"key":"SMITH"},{"data":"Bash","floor":11,"key":"SMITH"},{"data":"hubris:SharpeningStone","floor":15,"key":"SMITH"}],"circlet_count":0,"master_deck":["Strike_R","Strike_R","Strike_R+1","Strike_R","Defend_R","Defend_R","Defend_R","Defend_R+1","Bash+1","Thunderclap","Rage","infinitespire:SevenWalls+1","Searing Blow","Ghostly Armor","hubris:SharpeningStone","hubris:SharpeningStone+1","Thunderclap+1","infinitespire:OneForAll+1","Bludgeon+1","Cleave+1","Warcry","Pommel Strike+1"],"relics":["Burning Blood","Mango","hubris:Reverence","Molten Egg 2","hubris:VirtuousBlindfold","Enchiridion","infinitespire:Lucky Rock"],"acts_visited":["Exordium","TheCity"],"potions_floor_usage":[10],"damage_taken":[{"damage":0,"enemies":"2 Louse","floor":1,"turns":3},{"damage":1,"enemies":"Cultist","floor":3,"turns":3},{"damage":0,"enemies":"Small Slimes","floor":8,"turns":3},{"damage":4,"enemies":"3 Sentries","floor":10,"turns":6},{"damage":0,"enemies":"Looter","floor":12,"turns":3},{"damage":0,"enemies":"3 Louse","floor":14,"turns":4},{"damage":2,"enemies":"Slime Boss","floor":16,"turns":19},{"damage":26,"enemies":"Chosen","floor":18,"turns":5},{"damage":0,"enemies":"Spheric Guardian","floor":19,"turns":3},{"damage":6,"enemies":"Shelled Parasite and Fungi","floor":20,"turns":2},{"damage":4,"enemies":"Slavers","floor":23,"turns":1}],"seed_played":"-5136884210294045256","potions_obtained":[{"floor":8,"key":"bronze:BurnAndBuffPotion"},{"floor":10,"key":"GamblersBrew"},{"floor":18,"key":"LiquidMemories"}],"is_trial":false,"path_per_floor":["M","?","M","?","?","R","?","M","T","E","R","M","$","M","R","B",null,"M","M","M","?","T","E"],"character_chosen":"IRONCLAD","items_purchased":["hubris:SharpeningStone","Thunderclap+1"],"campfire_rested":0,"item_purchase_floors":[13,13],"current_hp_per_floor":[86,86,86,69,48,48,40,46,46,48,48,54,54,60,60,64,86,66,72,72,56,56,52,52],"gold":258,"neow_bonus":"ONE_RARE_RELIC","is_daily":false,"chose_seed":false,"campfire_upgraded":3,"win_rate":0.0,"timestamp":1612274120,"path_taken":["M","?","?","?","?","R","?","M","T","E","R","M","$","M","R","BOSS","M","?","M","?","?","E"],"items_purchased_type":["Card","Card"],"build_version":"2020-12-22","purchased_purges":1,"victory":false,"max_hp_per_floor":[86,86,86,86,86,86,86,86,86,86,86,86,86,86,86,86,86,86,86,86,86,86,86,86],"card_choices":[{"not_picked":["Heavy Blade","Pommel Strike"],"picked":"Thunderclap","floor":1},{"not_picked":["Clothesline","Warcry"],"picked":"Rage","floor":3},{"not_picked":["infinitespire:FinalStrike","infinitespire:Menacing"],"picked":"infinitespire:SevenWalls","floor":5},{"not_picked":["Perfected Strike","Clothesline"],"picked":"Searing Blow","floor":8},{"not_picked":["True Grit","Shrug It Off"],"picked":"Ghostly Armor","floor":10},{"not_picked":["Dark Embrace","hubris:ReadiedAction"],"picked":"hubris:SharpeningStone","floor":12},{"not_picked":["Pommel Strike+1","Searing Blow+1"],"picked":"infinitespire:OneForAll+1","floor":14},{"not_picked":["Impervious","Brutality"],"picked":"Bludgeon+1","floor":16},{"not_picked":["Battle Trance","hubris:ReadiedAction"],"picked":"Cleave+1","floor":18},{"not_picked":["hubris:ReadiedAction","Barricade"],"picked":"Warcry","floor":19},{"not_picked":["Shrug It Off","Thunderclap+1"],"picked":"Pommel Strike+1","floor":20}],"player_experience":9754,"relics_obtained":[{"floor":9,"key":"hubris:Reverence"},{"floor":10,"key":"Molten Egg 2"},{"floor":21,"key":"Enchiridion"},{"floor":22,"key":"infinitespire:Lucky Rock"}],"event_choices":[{"damage_healed":0,"gold_gain":100,"player_choice":"Pray","damage_taken":0,"max_hp_gain":0,"max_hp_loss":0,"event_name":"Golden Shrine","floor":2,"gold_loss":0},{"damage_healed":0,"gold_gain":0,"player_choice":"Entered Light","damage_taken":17,"max_hp_gain":0,"max_hp_loss":0,"event_name":"Shining Light","floor":4,"gold_loss":0,"cards_upgraded":["Strike_R","Defend_R"]},{"damage_healed":0,"gold_gain":0,"player_choice":"Damaged","damage_taken":8,"max_hp_gain":0,"max_hp_loss":0,"event_name":"Wheel of Change","floor":7,"gold_loss":0},{"damage_healed":0,"gold_gain":0,"player_choice":"Obtained Book","damage_taken":16,"max_hp_gain":0,"max_hp_loss":0,"event_name":"Cursed Tome","floor":21,"gold_loss":0}],"is_beta":false,"boss_relics":[{"not_picked":["Runic Pyramid","hubris:CrackedHourglass"],"picked":"hubris:VirtuousBlindfold"}],"items_purged_floors":[13],"is_endless":false,"potions_floor_spawned":[8,10,18],"killed_by":"Slavers","ascension_level":0}}