{"host":"jw4qy1ihmjslahm8","time":1612226105,"event":{"mods":["2.2 Compatiblity","Act Like it!","BaseMod","BetterRewards","Colored Map","Downfall","Duelist Mod","GifTheSpireLib","Hallownest","HololiveMod","Hubris","Infinite Spire","KinomotoSakuraMod(ñÿîVñ{?)","Lobotomy","LobotomyExtend","Minty Spire (QoL Compilation)","Reliquary","Replay The Spire","StSLib","The Animator","WarShipGirlsR/??è≠èóR mod"],"gold_per_floor":[399,424,434,434,444,444,500,224,243,267,280,305,305,339,339,339,339],"floor_reached":11,"language":"ENG","playtime":736,"items_purged":[],"score":77,"play_id":"99860c60-a2ac-4f45-9392-0022e99cebdf","local_time":"20210201163505","is_ascension_mode":false,"campfire_choices":[{"data":"animator:Emonzaemon","floor":1,"key":"SMITH"},{"data":"animator:Jibril","floor":1,"key":"SMITH"},{"floor":8,"key":"REST"},{"floor":10,"key":"REST"}],"circlet_count":0,"master_deck":["animator:Strike_Katanagatari","animator:Defend_Katanagatari","animator:Strike","animator:Strike","animator:Strike","animator:Defend","animator:Defend","animator:Defend","animator:Azekura","animator:Emonzaemon+1","theDuelist:CursedBill","animator:Layla","animator:IzunaHatsuse","animator:Jibril+1","animator:Tatsumaki","animator:Caster+1","animator:Melzalgald+1","animator:ElricEdward","animator:Spearman"],"relics":["animator:LivingPicture","animator:TheMissingPiece","animator:PurgingStone","Old Coin","hubris:Towel","Letter Opener","Replay:Bottled Eggs","LetterFromLob","PreservedInsect","Hololive_LightStick","InspiredRelic"],"acts_visited":["Exordium"],"potions_floor_usage":[9],"damage_taken":[{"damage":7,"enemies":"Cultist","floor":2,"turns":4},{"damage":0,"enemies":"Jaw Worm","floor":3,"turns":3},{"damage":0,"enemies":"2 Louse","floor":5,"turns":2},{"damage":32,"enemies":"3 Sentries","floor":2,"turns":7},{"damage":6,"enemies":"downfall:FleeingMerchant","floor":3,"turns":4},{"damage":0,"enemies":"2 Louse","floor":4,"turns":1},{"damage":6,"enemies":"Jaw Worm","floor":5,"turns":4},{"damage":10,"enemies":"Small Slimes","floor":6,"turns":2},{"damage":27,"enemies":"Gremlin Nob","floor":9,"turns":4}],"seed_played":"827596035447129664","potions_obtained":[{"floor":2,"key":"Dexterity Potion"},{"floor":6,"key":"Reflective Coating"}],"is_trial":false,"path_per_floor":["R","M","M","?","M","M","R","?","$","M","M","M","T","R","E","R","M"],"character_chosen":"THE_ANIMATOR","items_purchased":["Replay:Bottled Eggs"],"campfire_rested":2,"item_purchase_floors":[3],"current_hp_per_floor":[66,59,59,59,59,66,34,28,28,22,12,12,31,4,23,0,0],"gold":339,"neow_bonus":"ONE_RARE_RELIC","is_daily":false,"chose_seed":false,"campfire_upgraded":2,"win_rate":0.0,"timestamp":1612226105,"path_taken":["R","M","?","?","M","M","R","?","?","M","M","M","T","R","E","R","M"],"items_purchased_type":["Relic"],"build_version":"2020-12-22","purchased_purges":0,"victory":false,"max_hp_per_floor":[66,66,66,66,66,66,66,66,66,66,66,66,66,66,66,56,56],"card_choices":[{"not_picked":["animator:Pride","animator:Hitei"],"picked":"animator:Layla","floor":2},{"not_picked":["animator:Rider","animator:OrikoMikuni"],"picked":"animator:IzunaHatsuse","floor":3},{"not_picked":["animator:SilverFang","animator:DwarfShaman"],"picked":"animator:Jibril","floor":5},{"not_picked":["animator:Cocytus","animator:HighElfArcher"],"picked":"animator:Tatsumaki","floor":2},{"not_picked":["animator:Rider","animator:Azekura"],"picked":"animator:Caster","floor":3},{"not_picked":["animator:SuzuneAmano","animator:SayakaMiki"],"picked":"animator:Melzalgald","floor":4},{"not_picked":["animator:Lancer","animator:SwordMaiden"],"picked":"animator:ElricEdward","floor":5},{"not_picked":["animator:Azekura","animator:OrikoMikuni"],"picked":"animator:Spearman","floor":6},{"not_picked":["animator:YuiTsuruno","animator:YachiyoNanami","animator:SakuraMatou"],"picked":"SKIP","floor":9}],"player_experience":68600,"relics_obtained":[{"floor":2,"key":"LetterFromLob"},{"floor":2,"key":"Letter Opener"},{"floor":4,"key":"LetterFromLob"},{"floor":7,"key":"PreservedInsect"},{"floor":9,"key":"Hololive_LightStick"}],"event_choices":[],"is_beta":false,"boss_relics":[],"items_purged_floors":[],"is_endless":false,"potions_floor_spawned":[2,6],"ascension_level":0}}