{"host":"rc0y5s0pznrxft0n","time":1612285093,"event":{"mods":["BaseMod","Downfall","Hermit","Minty Spire (QoL Compilation)","StSLib"],"gold_per_floor":[199,214,232,22,22,7,7,17,27,47,81,81,106,206,218,313,363,263,283,53,53,63,63,134,153,173,73,93,124,24,24,37,140,140,140,154,165,188,261,291,317,317,331,349,23,37,55,80,97,97,97,97],"floor_reached":50,"language":"ENG","playtime":4535,"items_purged":["Guardian:Strike_Guardian","downfall:Haunted","Guardian:Strike_Guardian","Guardian:Defend_Guardian"],"score":788,"play_id":"288df2e4-fae5-4677-804b-a760984236dd","local_time":"20210202115813","is_ascension_mode":false,"campfire_choices":[{"floor":1,"key":"RECALL"},{"data":"Guardian:RollAttack","floor":12,"key":"SMITH"},{"data":"Guardian:CompilePackage","floor":18,"key":"SMITH"},{"data":"Guardian:SentryBeam","floor":27,"key":"SMITH"},{"data":"Guardian:BronzeArmor","floor":30,"key":"SMITH"},{"data":"Guardian:ConstructionForm","floor":35,"key":"SMITH"},{"data":"Guardian:SentryBeam","floor":42,"key":"SMITH"}],"circlet_count":0,"master_deck":["Guardian:Strike_Guardian","Guardian:Defend_Guardian","Guardian:Defend_Guardian","Guardian:Defend_Guardian","Guardian:CurlUp","Guardian:TwinSlam+1","Guardian:SpikerProtocol","Guardian:SentryBeam+1","Guardian:Orbwalk","Guardian:SentryBeam+1","Guardian:RollAttack+1","Guardian:ShieldCharger","Guardian:PiercingHide","Guardian:Planning","downfall:Haunted","Regret","Guardian:CompilePackage+1","Guardian:BronzeArmor+1","Guardian:FloatingOrbs","Guardian:VentSteam","Guardian:CompilePackage","Guardian:Recover","Guardian:ConstructionForm+1","Guardian:EvasiveProtocol","Guardian:SphericShield","Finesse","Guardian:TimeCapacitor","expansioncontent:QuickStudy","Guardian:MultiBeam+1","Parasite","Guardian:TimeCapacitor+1","Guardian:FastForward","Parasite","Guardian:TemporalStrike+1"],"relics":["Guardian:ModeShifter","Thread and Needle","Mercury Hourglass","Question Card","Du-Vu Doll","Tiny House","downfall:HeartBlessingGreen","Membership Card","downfall:HeartBlessingRed","Lantern","downfall:HeartBlessingBlue","Sozu","Frozen Eye","Guardian:StasisCodex","Molten Egg 2","Art of War","Ornamental Fan","Sundial","Guardian:DefensiveModeMoreBlock"],"acts_visited":["Exordium","TheCity","TheBeyond"],"potions_floor_usage":[11,20,29,33],"damage_taken":[{"damage":8,"enemies":"Small Slimes","floor":2,"turns":3},{"damage":0,"enemies":"Cultist","floor":3,"turns":4},{"damage":0,"enemies":"downfall:FleeingMerchant","floor":4,"turns":4},{"damage":0,"enemies":"downfall:FleeingMerchant","floor":6,"turns":4},{"damage":0,"enemies":"2 Louse","floor":8,"turns":3},{"damage":3,"enemies":"Blue Slaver","floor":9,"turns":3},{"damage":3,"enemies":"Red Slaver","floor":10,"turns":5},{"damage":0,"enemies":"Lagavulin","floor":11,"turns":6},{"damage":8,"enemies":"Gremlin Nob","floor":13,"turns":4},{"damage":3,"enemies":"Lots of Slimes","floor":15,"turns":3},{"damage":7,"enemies":"DF_ARCHETYPE_STREAMLINE","floor":16,"turns":8},{"damage":2,"enemies":"Chosen","floor":19,"turns":4},{"damage":3,"enemies":"downfall:FleeingMerchant","floor":20,"turns":4},{"damage":0,"enemies":"Shell Parasite","floor":22,"turns":3},{"damage":2,"enemies":"Chosen and Byrds","floor":25,"turns":5},{"damage":0,"enemies":"Shelled Parasite and Fungi","floor":26,"turns":4},{"damage":13,"enemies":"Centurion and Healer","floor":28,"turns":4},{"damage":0,"enemies":"Book of Stabbing","floor":29,"turns":4},{"damage":0,"enemies":"Sentry and Sphere","floor":32,"turns":4},{"damage":1,"enemies":"IC_MUSHROOM_ARCHETYPE","floor":33,"turns":5},{"damage":2,"enemies":"Orb Walker","floor":36,"turns":4},{"damage":0,"enemies":"3 Darklings","floor":37,"turns":4},{"damage":3,"enemies":"downfall:FleeingMerchant","floor":38,"turns":4},{"damage":0,"enemies":"Nemesis","floor":40,"turns":5},{"damage":1,"enemies":"Writhing Mass","floor":43,"turns":6},{"damage":0,"enemies":"Maw","floor":44,"turns":5},{"damage":0,"enemies":"Spire Growth","floor":46,"turns":4},{"damage":2,"enemies":"Transient","floor":47,"turns":5},{"damage":3,"enemies":"Reptomancer","floor":48,"turns":5},{"damage":1,"enemies":"Writhing Mass","floor":49,"turns":6},{"damage":84,"enemies":"WA_ARCHETYPE_DIVINITY","floor":50,"turns":7}],"seed_played":"-6659894638387363062","potions_obtained":[{"floor":8,"key":"AttackPotion"},{"floor":10,"key":"Block Potion"},{"floor":13,"key":"Guardian:AcceleratePotion"},{"floor":16,"key":"Ancient Potion"},{"floor":21,"key":"CultistPotion"}],"is_trial":false,"path_per_floor":["R","M","M","$","?","$","T","M","M","M","E","R","E","?","M","B",null,"R","M","$","?","M","?","T","M","M","R","M","E","R","?","M","B",null,"R","M","M","$","?","E","T","R","M","M","$","M","M","E","M","B"],"character_chosen":"GUARDIAN","items_purchased":["Guardian:SentryBeam","Dexterity Potion","Membership Card","Guardian:FloatingOrbs","Finesse","Guardian:TimeCapacitor","Frozen Eye","expansioncontent:QuickStudy","Ornamental Fan","Sundial"],"campfire_rested":0,"item_purchase_floors":[4,4,20,20,38,38,38,38,45,45],"current_hp_per_floor":[80,72,72,72,72,72,72,72,69,66,66,66,58,58,55,48,85,85,83,80,80,80,80,80,78,78,78,65,65,75,75,75,74,95,95,93,93,90,90,90,90,90,89,89,89,89,87,84,83,0,0,0],"gold":97,"neow_bonus":"HUNDRED_GOLD","is_daily":false,"chose_seed":false,"campfire_upgraded":6,"win_rate":0.0,"timestamp":1612285093,"path_taken":["R","M","M","$","?","?","T","M","M","?","E","R","E","?","M","BOSS","R","M","$","?","M","?","T","M","?","R","M","E","R","?","M","BOSS","R","M","M","?","?","E","T","R","M","M","$","M","M","E","M","BOSS"],"items_purchased_type":["Card","Potion","Relic","Card","Card","Card","Relic","Card","Relic","Relic"],"build_version":"2020-12-22","purchased_purges":4,"victory":false,"max_hp_per_floor":[80,80,80,80,80,80,80,80,80,80,80,80,80,80,80,80,85,85,85,85,85,85,85,85,85,85,85,85,85,95,95,95,95,95,95,95,95,95,95,95,95,95,95,95,95,95,95,95,95,95,95,95],"card_choices":[{"not_picked":["Guardian:Reroute","Guardian:CrystalBeam"],"picked":"Guardian:SpikerProtocol","floor":2},{"not_picked":["Guardian:TemporalShield","Guardian:Reroute"],"picked":"Guardian:SentryBeam","floor":3},{"not_picked":["Guardian:PiercingHide","Guardian:PrimingBeam"],"picked":"Guardian:Orbwalk","floor":4},{"not_picked":["Guardian:PrimingBeam","Guardian:Orbwalk"],"picked":"Guardian:RollAttack","floor":6},{"not_picked":["Guardian:Gem_Red","Guardian:Gem_Lightblue"],"picked":"Guardian:Gem_Green","floor":8},{"not_picked":["Guardian:TemporalStrike","Guardian:CrystalBeam"],"picked":"Guardian:Gem_Purple","floor":9},{"not_picked":["Guardian:ChargeCore","Guardian:Gem_Cyan"],"picked":"Guardian:ShieldCharger","floor":10},{"not_picked":["Guardian:Clone","Guardian:TimeSifter"],"picked":"Guardian:PiercingHide","floor":11},{"not_picked":["Guardian:BronzeArmor","Guardian:Reroute"],"picked":"Guardian:Planning","floor":13},{"not_picked":["Guardian:Gem_Lightblue","Guardian:RefractedBeam","Guardian:TemporalShield"],"picked":"Guardian:Gem_White","floor":15},{"not_picked":["Guardian:GatlingBeam","Guardian:GemFire","Guardian:RevengeProtocol"],"picked":"Guardian:CompilePackage","floor":16},{"not_picked":["Guardian:Gem_Blue","Guardian:Gem_Green","Guardian:TemporalShield"],"picked":"Guardian:Gem_Cyan","floor":19},{"not_picked":["Guardian:Gem_Cyan","Guardian:Harden+1","Guardian:PrismaticBeam"],"picked":"Guardian:BronzeArmor","floor":20},{"not_picked":["Guardian:Gem_Green","Guardian:Incinerate","Guardian:RollAttack"],"picked":"Guardian:Gem_Purple","floor":22},{"not_picked":["Guardian:Incinerate","Guardian:WalkerClaw","Guardian:PrismaticBarrier","Guardian:Gem_Red"],"picked":"SKIP","floor":25},{"not_picked":["Guardian:Incinerate","Guardian:PrismaticBeam+1","Guardian:Suspension+1"],"picked":"Guardian:VentSteam","floor":26},{"not_picked":["Guardian:PrismaticBeam","Guardian:TimeCapacitor","Guardian:WalkerClaw"],"picked":"Guardian:Gem_Red","floor":28},{"not_picked":["Guardian:HyperBeam_Guardian","Guardian:ShieldCharger","Guardian:PrismaticBarrier"],"picked":"Guardian:Gem_Fragmented","floor":29},{"not_picked":["Guardian:SentryBeam","Guardian:Incinerate","Guardian:Gem_Fragmented"],"picked":"Guardian:Recover","floor":32},{"not_picked":["Guardian:StasisField","Guardian:RevengeProtocol","Guardian:StasisStrike"],"picked":"Guardian:ConstructionForm","floor":33},{"not_picked":["Guardian:Harden","Guardian:VentSteam+1","Guardian:WalkerClaw","Guardian:CrystalBeam"],"picked":"SKIP","floor":36},{"not_picked":["Guardian:Suspension","Guardian:Gem_Yellow","Guardian:Gem_Lightblue"],"picked":"Guardian:EvasiveProtocol","floor":37},{"not_picked":["Guardian:Gem_Red","Guardian:Recover+1","Guardian:ShieldSpikes+1"],"picked":"Guardian:SphericShield","floor":38},{"not_picked":["Guardian:BronzeArmor+1","Guardian:TemporalStrike+1","Guardian:DonusPower+1"],"picked":"Guardian:MultiBeam+1","floor":40},{"not_picked":["Guardian:DonusPower+1","Guardian:ChargeCore+1","Guardian:Harden","Guardian:Planning"],"picked":"SKIP","floor":43},{"not_picked":["Guardian:Planning+1","Guardian:RollAttack+1","Guardian:PolyBeam+1"],"picked":"Guardian:TimeCapacitor+1","floor":44},{"not_picked":["Guardian:SentryBeam+1","Guardian:Reroute+1","Guardian:Incinerate+1","Guardian:PrismaticBeam+1"],"picked":"SKIP","floor":46},{"not_picked":["Guardian:PiercingHide+1","Guardian:CrystalBeam+1","Guardian:Gem_Yellow","Guardian:Repulse+1"],"picked":"SKIP","floor":47},{"not_picked":["Guardian:SentryBeam+1","Guardian:EvasiveProtocol","Guardian:DonusPower+1"],"picked":"Guardian:FastForward","floor":48},{"not_picked":["Guardian:DecasProtection","Guardian:Suspension+1","Guardian:VentSteam"],"picked":"Guardian:TemporalStrike+1","floor":49}],"player_experience":853237,"relics_obtained":[{"floor":5,"key":"Thread and Needle"},{"floor":11,"key":"Mercury Hourglass"},{"floor":13,"key":"Question Card"},{"floor":24,"key":"hexamod:CandleOfCauterizing"},{"floor":29,"key":"Lantern"},{"floor":39,"key":"Guardian:StasisCodex"},{"floor":40,"key":"Molten Egg 2"},{"floor":41,"key":"Art of War"},{"floor":48,"key":"Guardian:DefensiveModeMoreBlock"}],"event_choices":[{"damage_healed":0,"gold_gain":0,"player_choice":"Relic","damage_taken":0,"max_hp_gain":0,"max_hp_loss":0,"event_name":"Wheel of Change","floor":5,"gold_loss":0},{"cards_removed":["Guardian:Strike_Guardian"],"damage_healed":0,"gold_gain":0,"player_choice":"Offered Basic","damage_taken":0,"max_hp_gain":0,"max_hp_loss":0,"event_name":"Bonfire Elementals","floor":23,"gold_loss":0}],"is_beta":false,"boss_relics":[{"not_picked":["Runic Dome","Cursed Key"],"picked":"Tiny House"},{"not_picked":["Velvet Choker","Calling Bell"],"picked":"Sozu"}],"items_purged_floors":[4,20,38,45],"is_endless":false,"potions_floor_spawned":[8,10,13,15,16,22,26,28,40,43,44,46],"killed_by":"WA_ARCHETYPE_DIVINITY","ascension_level":0}}