{"host":"sp1f3sybb350mzsh","time":1612246298,"event":{"mods":["AchievementEnabler","BaseMod","Bestiary","Colored Map","Colored Powertips","Filter the Spire","Minty Spire (QoL Compilation)","Puzzle Mod","Relic Stats","StSLib"],"gold_per_floor":[111,124,224,65,76,76,109,109,109,109,138,148,175,195,195,296,296,312,322,336,336,336,369,369,400,426,461,461,471,483,497,497,592,592,610,610,624,635,635,666,666,697,720,754,19,53,63,113,113,113],"floor_reached":51,"language":"ENG","playtime":3339,"items_purged":["Parasite","Bite"],"score":1032,"play_id":"6be2bd40-9023-437d-91d5-0d0e5942c820","local_time":"20210202001138","is_ascension_mode":true,"campfire_choices":[{"data":"Biased Cognition","floor":6,"key":"SMITH"},{"data":"Defragment","floor":8,"key":"SMITH"},{"data":"Self Repair","floor":10,"key":"SMITH"},{"data":"Sunder","floor":15,"key":"SMITH"},{"data":"Rainbow","floor":24,"key":"SMITH"},{"data":"Coolheaded","floor":28,"key":"SMITH"},{"data":"Defend_B","floor":32,"key":"PURGE"},{"data":"Buffer","floor":41,"key":"SMITH"},{"data":"Parasite","floor":49,"key":"PURGE"}],"circlet_count":0,"master_deck":["Defend_B","Defend_B+1","Defend_B","Zap","Dualcast","Biased Cognition+1","Rip and Tear","Self Repair+1","Defragment+1","Cold Snap","Chill+1","Glacier","Steam","Stack","Sweeping Beam","Sunder+1","Rainbow+1","Compile Driver","Coolheaded+1","Loop","Bite+1","Bite+1","Bite","Bite","Storm","Ball Lightning","Buffer+1","Steam+1","Trip","Rebound+1","Compile Driver+1","Auto Shields+1","Hologram","Redo","Glacier+1"],"relics":["Cracked Core","Sundial","Letter Opener","Peace Pipe","Bronze Scales","Busted Crown","PreservedInsect","Lizard Tail","War Paint","Dream Catcher","Runic Pyramid","Pantograph","Happy Flower","MealTicket","Cables","ClockworkSouvenir","Whetstone","HornCleat","Bag of Preparation","Thread and Needle"],"acts_visited":["Exordium","TheCity","TheBeyond"],"potions_floor_usage":[13,23,40,44,50,50,50],"damage_taken":[{"damage":1,"enemies":"Cultist","floor":1,"turns":3},{"damage":12,"enemies":"Jaw Worm","floor":2,"turns":3},{"damage":6,"enemies":"Small Slimes","floor":5,"turns":2},{"damage":13,"enemies":"Gremlin Nob","floor":7,"turns":4},{"damage":9,"enemies":"3 Sentries","floor":11,"turns":7},{"damage":5,"enemies":"3 Louse","floor":12,"turns":3},{"damage":0,"enemies":"Lagavulin","floor":13,"turns":7},{"damage":0,"enemies":"Blue Slaver","floor":14,"turns":3},{"damage":5,"enemies":"The Guardian","floor":16,"turns":11},{"damage":6,"enemies":"2 Thieves","floor":18,"turns":4},{"damage":0,"enemies":"Chosen","floor":19,"turns":6},{"damage":17,"enemies":"Snecko","floor":20,"turns":6},{"damage":10,"enemies":"Gremlin Leader","floor":23,"turns":7},{"damage":6,"enemies":"Book of Stabbing","floor":25,"turns":4},{"damage":8,"enemies":"Slavers","floor":27,"turns":4},{"damage":16,"enemies":"Snake Plant","floor":29,"turns":5},{"damage":0,"enemies":"Shelled Parasite and Fungi","floor":30,"turns":5},{"damage":14,"enemies":"Centurion and Healer","floor":31,"turns":7},{"damage":32,"enemies":"Automaton","floor":33,"turns":12},{"damage":22,"enemies":"3 Darklings","floor":35,"turns":6},{"damage":0,"enemies":"Orb Walker","floor":37,"turns":3},{"damage":4,"enemies":"Jaw Worm Horde","floor":38,"turns":6},{"damage":0,"enemies":"Nemesis","floor":40,"turns":5},{"damage":0,"enemies":"Giant Head","floor":42,"turns":8},{"damage":22,"enemies":"Nemesis","floor":44,"turns":5},{"damage":32,"enemies":"Reptomancer","floor":46,"turns":6},{"damage":0,"enemies":"Writhing Mass","floor":47,"turns":6},{"damage":0,"enemies":"2 Orb Walkers","floor":48,"turns":5},{"damage":43,"enemies":"Awakened One","floor":50,"turns":21}],"seed_played":"-7934570714098823448","potions_obtained":[{"floor":2,"key":"Strength Potion"},{"floor":7,"key":"FearPotion"},{"floor":11,"key":"SpeedPotion"},{"floor":13,"key":"Swift Potion"},{"floor":14,"key":"BlessingOfTheForge"},{"floor":31,"key":"EssenceOfDarkness"},{"floor":42,"key":"FearPotion"},{"floor":44,"key":"DuplicationPotion"},{"floor":47,"key":"SpeedPotion"}],"is_trial":false,"path_per_floor":["M","M","?","$","M","R","E","R","T","R","E","M","E","M","R","B",null,"M","M","M","?","?","E","R","E","T","E","R","M","M","M","R","B",null,"M","?","M","M","?","E","R","E","T","E","$","E","M","?","R","B",null],"character_chosen":"DEFECT","items_purchased":["Defragment","Cold Snap","ClockworkSouvenir","Whetstone","HornCleat","Hologram","Redo"],"campfire_rested":0,"item_purchase_floors":[4,4,45,45,45,45,45],"current_hp_per_floor":[74,62,62,62,56,56,50,50,50,50,51,56,56,66,66,71,72,72,72,65,65,50,50,50,50,50,50,50,50,50,50,50,38,50,44,34,38,50,47,47,47,47,47,43,47,34,42,47,44,42],"gold":113,"neow_bonus":"THREE_RARE_CARDS","is_daily":false,"chose_seed":false,"campfire_upgraded":7,"win_rate":0.0,"timestamp":1612246298,"path_taken":["M","M","?","$","M","R","E","R","T","R","E","M","E","?","R","BOSS","M","M","M","?","?","E","R","E","T","E","R","M","M","M","R","BOSS","M","?","M","M","?","E","R","E","T","E","$","E","M","?","R","BOSS"],"items_purchased_type":["Card","Card","Relic","Relic","Relic","Card","Card"],"build_version":"2020-12-22","purchased_purges":2,"victory":true,"max_hp_per_floor":[75,75,75,72,72,72,72,72,72,72,72,72,72,72,72,72,72,72,72,72,72,50,50,50,50,50,50,50,50,50,50,50,50,50,50,50,50,50,47,47,47,47,47,47,47,47,47,47,44,44],"relic_stats":{"Happy Flower":[14],"counters":[29,174],"PreservedInsect":359,"Bag of Preparation":[6],"Letter Opener":[175],"Whetstone":["Bite","Bite"],"War Paint":["Defend_B","Chill"],"Cables":[35,8,24,3,0],"Peace Pipe":2,"Lizard Tail":0,"Dream Catcher":0,"Busted Crown":44,"Sundial":[14],"Bronze Scales":[510],"Pantograph":0,"MealTicket":4,"obtain_stats":[{"Happy Flower":42,"Thread and Needle":48,"PreservedInsect":23,"Bag of Preparation":46,"Letter Opener":9,"Whetstone":45,"War Paint":26,"Cables":44,"ClockworkSouvenir":45,"Peace Pipe":11,"Lizard Tail":25,"Dream Catcher":27,"Busted Crown":17,"HornCleat":45,"Sundial":7,"Bronze Scales":13,"Pantograph":40,"MealTicket":43,"Cracked Core":0,"Runic Pyramid":34},{"Happy Flower":24,"Thread and Needle":28,"PreservedInsect":13,"Bag of Preparation":26,"Letter Opener":4,"Whetstone":25,"War Paint":14,"Cables":25,"ClockworkSouvenir":25,"Peace Pipe":5,"Lizard Tail":14,"Dream Catcher":15,"Busted Crown":9,"HornCleat":25,"Sundial":4,"Bronze Scales":7,"Pantograph":23,"MealTicket":24,"Cracked Core":0,"Runic Pyramid":19},{"Happy Flower":131,"Thread and Needle":153,"PreservedInsect":66,"Bag of Preparation":142,"Letter Opener":12,"Whetstone":136,"War Paint":70,"Cables":136,"ClockworkSouvenir":136,"Peace Pipe":19,"Lizard Tail":70,"Dream Catcher":74,"Busted Crown":43,"HornCleat":136,"Sundial":12,"Bronze Scales":29,"Pantograph":123,"MealTicket":131,"Cracked Core":0,"Runic Pyramid":103}]},"card_choices":[{"not_picked":["Buffer","Amplify"],"picked":"Biased Cognition","floor":0},{"not_picked":["Blizzard","Leap"],"picked":"Rip and Tear","floor":1},{"not_picked":["Chill","Reinforced Body"],"picked":"Self Repair","floor":2},{"not_picked":["Compile Driver","Hello World"],"picked":"Chill","floor":5},{"not_picked":["Tempest","Hello World"],"picked":"Glacier","floor":7},{"not_picked":["Beam Cell","Barrage"],"picked":"Steam","floor":11},{"not_picked":["Leap","Sweeping Beam"],"picked":"Stack","floor":12},{"not_picked":["Hello World","Glacier"],"picked":"Sweeping Beam","floor":13},{"not_picked":["Scrape","Skim"],"picked":"Sunder","floor":14},{"not_picked":["Thunder Strike","Hyperbeam"],"picked":"Rainbow","floor":16},{"not_picked":[],"picked":"Compile Driver","floor":18},{"not_picked":["Go for the Eyes"],"picked":"SKIP","floor":19},{"not_picked":[],"picked":"Coolheaded","floor":20},{"not_picked":[],"picked":"Storm","floor":23},{"not_picked":["Sweeping Beam"],"picked":"SKIP","floor":25},{"not_picked":["Compile Driver"],"picked":"SKIP","floor":27},{"not_picked":[],"picked":"Ball Lightning","floor":29},{"not_picked":["Force Field"],"picked":"SKIP","floor":30},{"not_picked":["Scrape"],"picked":"SKIP","floor":31},{"not_picked":[],"picked":"Buffer","floor":33},{"not_picked":[],"picked":"Steam+1","floor":35},{"not_picked":[],"picked":"Trip","floor":36},{"not_picked":["Cold Snap"],"picked":"SKIP","floor":37},{"not_picked":[],"picked":"Rebound+1","floor":38},{"not_picked":[],"picked":"Compile Driver+1","floor":40},{"not_picked":[],"picked":"Auto Shields+1","floor":42},{"not_picked":["Turbo"],"picked":"SKIP","floor":44},{"not_picked":[],"picked":"Glacier+1","floor":46},{"not_picked":["Redo"],"picked":"SKIP","floor":47},{"not_picked":["Redo"],"picked":"SKIP","floor":47}],"player_experience":156922,"relics_obtained":[{"floor":7,"key":"Sundial"},{"floor":9,"key":"Letter Opener"},{"floor":11,"key":"Peace Pipe"},{"floor":13,"key":"Bronze Scales"},{"floor":23,"key":"PreservedInsect"},{"floor":25,"key":"Lizard Tail"},{"floor":26,"key":"War Paint"},{"floor":27,"key":"Dream Catcher"},{"floor":40,"key":"Pantograph"},{"floor":42,"key":"Happy Flower"},{"floor":43,"key":"MealTicket"},{"floor":44,"key":"Cables"},{"floor":46,"key":"Bag of Preparation"},{"floor":48,"key":"Thread and Needle"}],"event_choices":[{"damage_healed":0,"gold_gain":100,"player_choice":"Pray","damage_taken":0,"max_hp_gain":0,"max_hp_loss":0,"event_name":"Golden Shrine","floor":3,"gold_loss":0},{"damage_healed":0,"gold_gain":0,"player_choice":"Read","damage_taken":0,"max_hp_gain":0,"max_hp_loss":0,"event_name":"The Library","floor":21,"gold_loss":0,"cards_obtained":["Loop"]},{"damage_healed":0,"gold_gain":0,"player_choice":"Became a vampire","damage_taken":0,"max_hp_gain":0,"max_hp_loss":22,"event_name":"Vampires","floor":22,"gold_loss":0,"cards_obtained":["Bite","Bite","Bite","Bite","Bite"]},{"damage_healed":0,"gold_gain":0,"player_choice":"Memory 3","damage_taken":10,"max_hp_gain":0,"max_hp_loss":0,"event_name":"SensoryStone","floor":36,"gold_loss":0},{"damage_healed":0,"gold_gain":0,"player_choice":"Max HP","damage_taken":0,"max_hp_gain":0,"max_hp_loss":3,"event_name":"Winding Halls","floor":39,"gold_loss":0},{"damage_healed":0,"gold_gain":0,"player_choice":"Fight","damage_taken":0,"max_hp_gain":0,"max_hp_loss":0,"event_name":"Mysterious Sphere","floor":48,"gold_loss":0}],"is_beta":false,"boss_relics":[{"not_picked":["FrozenCore","Calling Bell"],"picked":"Busted Crown"},{"not_picked":["SacredBark","Snecko Eye"],"picked":"Runic Pyramid"}],"items_purged_floors":[4,45],"is_endless":false,"potions_floor_spawned":[2,7,11,13,14,18,19,20,31,37,42,44,47],"ascension_level":2}}