{"host":"7gewg82ormp6yt4e","time":1612271991,"event":{"mods":["BaseMod","Block Reminder","Colored Map","DeckTracker","Highlight Path","Minty Spire (QoL Compilation)","Relic Stats","StSLib","ojb\u0027s Info Mod"],"gold_per_floor":[119,4,16,32,50,50,81,81,81,81,106,117,135,164,164,164,164],"floor_reached":16,"language":"JPN","playtime":652,"items_purged":[],"score":294,"play_id":"bc9d6a5e-18d4-4c2e-969c-9eaa14c77f5c","local_time":"20210202221951","is_ascension_mode":true,"campfire_choices":[{"floor":6,"key":"REST"},{"floor":8,"key":"RECALL"},{"floor":10,"key":"REST"},{"floor":15,"key":"REST"}],"circlet_count":0,"master_deck":["AscendersBane","Strike_P","Strike_P","Strike_P","Strike_P","Defend_P","Defend_P","Defend_P","Defend_P","Eruption","Vigilance","Worship","Conclude","TalkToTheHand","FearNoEvil","BowlingBash","Conclude","Judgement","TalkToTheHand","EmptyBody"],"relics":["Fusion Hammer","MealTicket","Pen Nib","Question Card","Akabeko"],"acts_visited":["Exordium"],"potions_floor_usage":[5,7,14,16],"damage_taken":[{"damage":0,"enemies":"Cultist","floor":1,"turns":3},{"damage":7,"enemies":"Jaw Worm","floor":3,"turns":3},{"damage":3,"enemies":"2 Louse","floor":4,"turns":2},{"damage":0,"enemies":"Lots of Slimes","floor":5,"turns":2},{"damage":0,"enemies":"3 Sentries","floor":7,"turns":2},{"damage":46,"enemies":"Gremlin Nob","floor":11,"turns":5},{"damage":0,"enemies":"Blue Slaver","floor":12,"turns":1},{"damage":1,"enemies":"3 Louse","floor":13,"turns":3},{"damage":13,"enemies":"3 Sentries","floor":14,"turns":4},{"damage":36,"enemies":"Hexaghost","floor":16,"turns":11}],"seed_played":"8477869708194589251","potions_obtained":[{"floor":3,"key":"StancePotion"},{"floor":4,"key":"Dexterity Potion"},{"floor":5,"key":"Ambrosia"},{"floor":11,"key":"Block Potion"}],"is_trial":false,"path_per_floor":["M","$","M","M","M","R","E","R","T","R","E","M","M","E","R","B"],"character_chosen":"WATCHER","items_purchased":["Conclude","TalkToTheHand"],"campfire_rested":3,"item_purchase_floors":[2,2],"current_hp_per_floor":[61,61,54,51,51,68,68,68,68,68,22,22,21,8,28,0,0],"gold":164,"neow_bonus":"BOSS_RELIC","is_daily":false,"chose_seed":false,"campfire_upgraded":0,"win_rate":0.0,"timestamp":1612271991,"path_taken":["M","$","?","M","M","R","E","R","T","R","E","M","M","E","R","BOSS"],"items_purchased_type":["Card","Card"],"build_version":"2020-12-22","purchased_purges":0,"victory":false,"max_hp_per_floor":[68,68,68,68,68,68,68,68,68,68,68,68,68,68,68,68,68],"relic_stats":{"counters":[10,36],"MealTicket":0,"Pen Nib":[4],"Question Card":3,"obtain_stats":[{"MealTicket":7,"Fusion Hammer":0,"Pen Nib":9,"PureWater":0,"Question Card":11,"Akabeko":14},{"MealTicket":5,"Fusion Hammer":0,"Pen Nib":5,"PureWater":0,"Question Card":6,"Akabeko":9},{"MealTicket":12,"Fusion Hammer":0,"Pen Nib":12,"PureWater":0,"Question Card":17,"Akabeko":25}]},"card_choices":[{"not_picked":["FlurryOfBlows","WindmillStrike"],"picked":"Worship","floor":1},{"not_picked":["Evaluate","ThirdEye"],"picked":"FearNoEvil","floor":3},{"not_picked":["PathToVictory","ClearTheMind"],"picked":"BowlingBash","floor":4},{"not_picked":["PathToVictory","JustLucky"],"picked":"Conclude","floor":5},{"not_picked":["Blasphemy","FearNoEvil"],"picked":"Judgement","floor":7},{"not_picked":["FlyingSleeves","Conclude","JustLucky"],"picked":"SKIP","floor":11},{"not_picked":["SashWhip","FlurryOfBlows","BowlingBash","WindmillStrike"],"picked":"SKIP","floor":12},{"not_picked":["EmptyBody","FlurryOfBlows","CutThroughFate"],"picked":"TalkToTheHand","floor":13},{"not_picked":["Blasphemy","FollowUp","InnerPeace"],"picked":"EmptyBody","floor":14}],"player_experience":2753747,"relics_obtained":[{"floor":7,"key":"MealTicket"},{"floor":9,"key":"Pen Nib"},{"floor":11,"key":"Question Card"},{"floor":14,"key":"Akabeko"}],"event_choices":[],"is_beta":false,"boss_relics":[],"items_purged_floors":[],"is_endless":false,"potions_floor_spawned":[3,4,5,11],"killed_by":"Hexaghost","ascension_level":20}}