{"host":"jhywql2x2v3ppvhm","time":1612281243,"event":{"mods":["BaseMod","Colored Map","Colored Powertips","Downfall","Googly Eyes","Hermit","Marisa????????","Minty Spire (QoL Compilation)","Rare Cards Sparkle","Shop Mod","Slay the Relics Exporter","StSLib","The Animator","The Bug Knight","The Cursed","The Disciple","The Necromancer","The Runesmith","The Servant 0.9.4","slay the spire mod where everything is the same but ironclad has a cowboy hat"],"gold_per_floor":[99,112,112,22,40,40,88,188,188,222,22,38,38,38,55,160,160,160,231,279,279,332,349,374,213,246,146,146,146,146],"floor_reached":28,"language":"ENG","playtime":1025,"items_purged":["Slimebound:Strike_Slimebound"],"score":282,"play_id":"cbbcd61b-06a3-46b1-883f-c87e1d506e4b","local_time":"20210202105403","is_ascension_mode":false,"campfire_choices":[{"data":"Slimebound:Split","floor":1,"key":"SMITH"},{"floor":6,"key":"RECALL"},{"data":"Slimebound:LeadByExample","floor":11,"key":"SMITH"},{"data":"Slimebound:SplitAcid","floor":18,"key":"SMITH"},{"data":"Slimebound:ProtectTheBoss","floor":27,"key":"SMITH"}],"circlet_count":0,"master_deck":["Slimebound:Strike_Slimebound","Slimebound:Tackle","Slimebound:Defend_Slimebound","Slimebound:Defend_Slimebound","Slimebound:Split+1","Slimebound:CorrosiveSpit","Slimebound:LevelUp+1","Slimebound:SplitMire+1","Slimebound:DivideAndConquer","Slimebound:ServeAndProtect","Slimebound:LeadByExample+1","Slimebound:Repurpose","downfall:Haunted","Slimebound:SplitAcid+1","Slimebound:RallyTheTroops","Slimebound:SplitLeeching","Slimebound:ProtectTheBoss+1"],"relics":["Slimebound:AbsorbEndCombat","Akabeko","Oddly Smooth Stone","downfall:HeartBlessingGreen","downfall:HeartBlessingRed","Letter Opener","SlaversCollar","Singing Bowl","Vajra","downfall:KnowingSkull","Shuriken","downfall:HeartBlessingBlue"],"acts_visited":["Exordium","TheCity"],"potions_floor_usage":[15],"damage_taken":[{"damage":7,"enemies":"Small Slimes","floor":2,"turns":4},{"damage":0,"enemies":"downfall:FleeingMerchant","floor":4,"turns":4},{"damage":0,"enemies":"2 Louse","floor":5,"turns":2},{"damage":0,"enemies":"Lagavulin","floor":10,"turns":3},{"damage":0,"enemies":"Cultist","floor":12,"turns":3},{"damage":3,"enemies":"Exordium Thugs","floor":15,"turns":2},{"damage":26,"enemies":"DF_ARCHETYPE_STREAMLINE","floor":16,"turns":9},{"damage":21,"enemies":"3 Byrds","floor":22,"turns":3},{"damage":32,"enemies":"Centurion and Healer","floor":23,"turns":4},{"damage":4,"enemies":"downfall:FleeingMerchant","floor":25,"turns":4},{"damage":6,"enemies":"Gremlin Leader","floor":26,"turns":6},{"damage":45,"enemies":"Chosen and Byrds","floor":28,"turns":4}],"seed_played":"-2901572425698825095","potions_obtained":[{"floor":2,"key":"Explosive Potion"},{"floor":5,"key":"Strength Potion"},{"floor":23,"key":"FearPotion"},{"floor":26,"key":"Fire Potion"}],"is_trial":false,"path_per_floor":["R","M","?","$","M","R","T","?","?","E","R","M","T","?","M","B",null,"R","T","T","?","M","M","T","$","E","R","M"],"character_chosen":"SLIMEBOUND","items_purchased":["Slimebound:ServeAndProtect","Slimebound:ProtectTheBoss"],"campfire_rested":0,"item_purchase_floors":[4,25],"current_hp_per_floor":[65,60,60,65,65,65,65,65,65,65,65,65,65,65,64,45,65,65,65,65,59,40,10,10,16,18,28,0,0,0],"gold":146,"neow_bonus":"THREE_CARDS","is_daily":false,"chose_seed":false,"campfire_upgraded":4,"win_rate":0.0,"timestamp":1612281243,"path_taken":["R","M","?","$","M","R","T","?","?","E","R","?","?","?","M","BOSS","R","?","?","?","M","M","T","$","E","R","?"],"items_purchased_type":["Card","Card"],"build_version":"2020-12-22","purchased_purges":1,"victory":false,"max_hp_per_floor":[65,65,65,65,65,65,65,65,65,65,65,65,65,65,65,65,65,65,65,65,65,67,67,67,69,71,81,81,81,81],"card_choices":[{"not_picked":["Slimebound:ComboTackle","Slimebound:Replication"],"picked":"Slimebound:LevelUp","floor":0},{"not_picked":["Slimebound:AcidTongue","Slimebound:ComboTackle"],"picked":"Slimebound:SplitMire","floor":2},{"not_picked":["Slimebound:SlimeBarrage","Slimebound:Nibble"],"picked":"Slimebound:DivideAndConquer","floor":4},{"not_picked":["Slimebound:Gluttony","Slimebound:LivingWall","Slimebound:LeechEnergy"],"picked":"SKIP","floor":5},{"not_picked":["Slimebound:MassFeed","Slimebound:GoopTackle"],"picked":"Slimebound:LeadByExample","floor":10},{"not_picked":["Slimebound:PressTheAttack","Slimebound:ItLooksTasty"],"picked":"Slimebound:Repurpose","floor":12},{"not_picked":["Slimebound:RollThrough","Slimebound:GoopTackle"],"picked":"Slimebound:SplitAcid","floor":15},{"not_picked":["Slimebound:LeechLife","Slimebound:PrepareCrush"],"picked":"Slimebound:RallyTheTroops","floor":16},{"not_picked":["Slimebound:RollThrough","Slimebound:SamplingLick+1","Slimebound:Prepare"],"picked":"Singing Bowl","floor":22},{"not_picked":["Slimebound:RainOfGoop","Slimebound:RollThrough"],"picked":"Slimebound:SplitLeeching","floor":23},{"not_picked":["Slimebound:FlameTackle","Slimebound:LivingWall","Slimebound:ItLooksTasty"],"picked":"Singing Bowl","floor":25},{"not_picked":["Slimebound:RallyTheTroops","Slimebound:Dissolve","Slimebound:ServeAndProtect"],"picked":"Singing Bowl","floor":26}],"player_experience":199753,"relics_obtained":[{"floor":7,"key":"Akabeko"},{"floor":10,"key":"Oddly Smooth Stone"},{"floor":13,"key":"Letter Opener"},{"floor":19,"key":"Singing Bowl"},{"floor":20,"key":"Vajra"},{"floor":26,"key":"Shuriken"}],"event_choices":[],"is_beta":false,"boss_relics":[{"not_picked":["Snecko Eye","Busted Crown"],"picked":"SlaversCollar"}],"items_purged_floors":[25],"is_endless":false,"potions_floor_spawned":[2,5,23,26],"killed_by":"Chosen and Byrds","ascension_level":0}}