{"host":"ln38befi3ugo1bsw","time":1612300190,"event":{"mods":["BaseMod","BetterRewards","Colored Map","Colored Powertips","Downfall","Hermit","Jorbs\u0027s Wanderer Trilogy","Lobotomy","Minty Spire (QoL Compilation)","StSLib","SuperFastMode"],"gold_per_floor":[112,125,400,417,417,417,431,445,491,523,523,557,650,662,674,791,803,784,24,44,57,77,107,107,107,107],"floor_reached":25,"language":"ENG","playtime":2303,"items_purged":["Regret"],"score":247,"play_id":"145facef-6fbc-40e9-8464-f379b430f981","local_time":"20210202160950","is_ascension_mode":true,"campfire_choices":[{"data":"Sweeping Beam","floor":6,"key":"SMITH"},{"floor":11,"key":"REST"},{"floor":15,"key":"REST"}],"circlet_count":0,"master_deck":["Strike_B","Strike_B","Strike_B","Defend_B","Defend_B","Defend_B","Defend_B","Zap","Dualcast","FTL","Capacitor","Go for the Eyes","Sweeping Beam+1","Rebound","Chill+1","Amplify","Steam","All For One","Conserve Battery","Ball Lightning","Darkness","BootSequence","White Noise","BootSequence","Steam","Ball Lightning","Ball Lightning+1","Gash"],"relics":["Cracked Core","The Courier","Blood Vial","Pen Nib","MawBank","Eternal Feather","Cursed Key","MealTicket","Torii","Dream Catcher"],"acts_visited":["Exordium","TheCity"],"potions_floor_usage":[12,20,24],"damage_taken":[{"damage":5,"enemies":"Small Slimes","floor":1,"turns":2},{"damage":0,"enemies":"Cultist","floor":2,"turns":3},{"damage":0,"enemies":"2 Louse","floor":4,"turns":1},{"damage":16,"enemies":"Exordium Wildlife","floor":7,"turns":3},{"damage":7,"enemies":"Blue Slaver","floor":8,"turns":3},{"damage":22,"enemies":"3 Sentries","floor":10,"turns":6},{"damage":27,"enemies":"Gremlin Nob","floor":12,"turns":4},{"damage":38,"enemies":"The Guardian","floor":16,"turns":11},{"damage":17,"enemies":"2 Thieves","floor":18,"turns":5},{"damage":1,"enemies":"Shell Parasite","floor":20,"turns":7},{"damage":9,"enemies":"Snecko","floor":21,"turns":5},{"damage":1,"enemies":"Centurion and Healer","floor":22,"turns":6},{"damage":12,"enemies":"Book of Stabbing","floor":23,"turns":6},{"damage":6,"enemies":"Cultist and Chosen","floor":24,"turns":4},{"damage":53,"enemies":"Slavers","floor":25,"turns":6}],"seed_played":"-8995828473686652076","potions_obtained":[{"floor":1,"key":"hexamod:SoulburnPotion"},{"floor":2,"key":"BlessingOfTheForge"},{"floor":7,"key":"SmokeBomb"},{"floor":12,"key":"BlessingOfTheForge"},{"floor":21,"key":"hexamod:SoulburnPotion"}],"is_trial":false,"path_per_floor":["M","M","?","M","?","R","M","M","T","E","R","E","T","?","R","B",null,"M","$","M","M","M","E","M","E"],"character_chosen":"DEFECT","items_purchased":["MealTicket","Torii","Ball Lightning","Darkness","BootSequence","White Noise","BootSequence","Fruit Juice"],"campfire_rested":2,"item_purchase_floors":[19,19,19,19,19,19,19,19],"current_hp_per_floor":[70,70,70,70,63,63,47,40,40,20,42,17,17,17,48,12,75,58,58,64,57,58,48,44,0,0],"gold":107,"neow_bonus":"TRANSFORM_CARD","is_daily":false,"chose_seed":false,"campfire_upgraded":1,"win_rate":0.0,"timestamp":1612300190,"path_taken":["M","M","?","?","?","R","M","M","T","E","R","E","?","?","R","BOSS","M","$","M","M","M","E","M","E"],"items_purchased_type":["Relic","Relic","Card","Card","Card","Card","Card","Potion"],"build_version":"2020-12-22","purchased_purges":1,"victory":false,"max_hp_per_floor":[75,75,75,75,75,75,75,75,75,75,75,75,75,75,75,75,75,75,75,80,80,80,80,80,80,80],"card_choices":[{"not_picked":["Force Field","Rebound"],"picked":"Capacitor","floor":1},{"not_picked":["Skim","Rip and Tear"],"picked":"Go for the Eyes","floor":2},{"not_picked":["Streamline","Auto Shields"],"picked":"Sweeping Beam","floor":4},{"not_picked":["Heatsinks","Turbo"],"picked":"Rebound","floor":7},{"not_picked":["Sweeping Beam","Auto Shields"],"picked":"Chill","floor":8},{"not_picked":["Redo","Steam Power"],"picked":"Amplify","floor":10},{"not_picked":["Lockon","Stack"],"picked":"Steam","floor":12},{"not_picked":["Thunder Strike","Seek"],"picked":"All For One","floor":16},{"not_picked":["Steam+1","Sweeping Beam"],"picked":"Conserve Battery","floor":18},{"not_picked":["Turbo+1","Rebound+1"],"picked":"Steam","floor":20},{"not_picked":["Lockon","Turbo"],"picked":"Ball Lightning","floor":21},{"not_picked":["Rebound+1","Coolheaded+1"],"picked":"Ball Lightning+1","floor":22},{"not_picked":["Aggregate","BootSequence+1"],"picked":"Gash","floor":23}],"player_experience":76938,"relics_obtained":[{"floor":9,"key":"Blood Vial"},{"floor":10,"key":"Pen Nib"},{"floor":12,"key":"MawBank"},{"floor":13,"key":"Eternal Feather"},{"floor":23,"key":"Dream Catcher"}],"event_choices":[{"damage_healed":0,"gold_gain":275,"player_choice":"Desecrate","damage_taken":0,"max_hp_gain":0,"max_hp_loss":0,"event_name":"Golden Shrine","floor":3,"gold_loss":0,"cards_obtained":["Regret"]},{"damage_healed":0,"gold_gain":0,"player_choice":"Success","damage_taken":7,"relics_obtained":["The Courier"],"max_hp_gain":0,"max_hp_loss":0,"event_name":"Scrap Ooze","floor":5,"gold_loss":0},{"damage_healed":0,"gold_gain":0,"player_choice":"Upgraded","damage_taken":0,"max_hp_gain":0,"max_hp_loss":0,"event_name":"Upgrade Shrine","floor":14,"gold_loss":0,"cards_upgraded":["Chill"]}],"is_beta":false,"boss_relics":[{"not_picked":["Black Star","Runic Dome"],"picked":"Cursed Key"}],"items_purged_floors":[19],"is_endless":false,"potions_floor_spawned":[1,2,7,10,12,16,21,23],"killed_by":"Slavers","ascension_level":1}}