{"host":"facnppb4175fcpe2","time":1612268529,"event":{"mods":["AchievementEnabler","BaseMod","Colored Map","Colored Powertips","Highlight Path","Minty Spire (QoL Compilation)","Quick Restart","Rare Cards Sparkle","Relic Stats","StSLib","SuperFastMode"],"gold_per_floor":[109,109,125,125,145,175,175,175,199,229,229,263,263,298,298,403,403,417,367,31,45,61,61,61,61,87,120,35,62,78,78,78,78,78],"floor_reached":33,"language":"ZHS","playtime":941,"items_purged":["Strike_R"],"score":474,"play_id":"89915b82-091b-405e-aac5-18cdd9b57b05","local_time":"20210202202209","is_ascension_mode":true,"campfire_choices":[{"data":"Armaments","floor":8.0,"key":"SMITH"},{"floor":11.0,"key":"RECALL"},{"data":"Defend_R","floor":13.0,"key":"SMITH"},{"data":"Defend_R","floor":15.0,"key":"SMITH"},{"data":"Berserk","floor":23.0,"key":"SMITH"},{"data":"Bash","floor":25.0,"key":"SMITH"},{"data":"Defend_R","floor":32.0,"key":"SMITH"}],"circlet_count":0,"master_deck":["Strike_R","Strike_R","Strike_R+1","Strike_R","Defend_R+1","Defend_R","Defend_R+1","Defend_R+1","Bash+1","Combust+1","Clash+1","Armaments+1","Berserk+1","Flex+1","Dropkick","Blood for Blood","Double Tap+1"],"relics":["Burning Blood","Mummified Hand","Whetstone","PreservedInsect","Anchor","Toxic Egg 2","Sozu","Pear","Bottled Tornado","Oddly Smooth Stone","Question Card","Thread and Needle","Happy Flower"],"acts_visited":["Exordium","TheCity"],"potions_floor_usage":[33,33],"damage_taken":[{"damage":15.0,"enemies":"Small Slimes","floor":1.0,"turns":4.0},{"damage":7.0,"enemies":"Cultist","floor":3.0,"turns":5.0},{"damage":3.0,"enemies":"2 Louse","floor":5.0,"turns":3.0},{"damage":29.0,"enemies":"3 Sentries","floor":6.0,"turns":6.0},{"damage":16.0,"enemies":"Lagavulin","floor":10.0,"turns":7.0},{"damage":9.0,"enemies":"Gremlin Nob","floor":12.0,"turns":3.0},{"damage":3.0,"enemies":"3 Sentries","floor":14.0,"turns":4.0},{"damage":24.0,"enemies":"Slime Boss","floor":16.0,"turns":7.0},{"damage":11.0,"enemies":"2 Thieves","floor":18.0,"turns":4.0},{"damage":3.0,"enemies":"Chosen","floor":21.0,"turns":4.0},{"damage":10.0,"enemies":"3 Cultists","floor":22.0,"turns":5.0},{"damage":42.0,"enemies":"Book of Stabbing","floor":27.0,"turns":5.0},{"damage":3.0,"enemies":"Gremlin Leader","floor":29.0,"turns":3.0},{"damage":14.0,"enemies":"Shelled Parasite and Fungi","floor":30.0,"turns":3.0},{"damage":38,"enemies":"Collector","floor":33,"turns":6}],"seed_played":"2997419596979799394","potions_obtained":[{"floor":5.0,"key":"BlessingOfTheForge"},{"floor":14.0,"key":"Explosive Potion"},{"floor":16.0,"key":"DuplicationPotion"}],"is_trial":false,"path_per_floor":["M","?","M","?","M","E","T","R","T","E","R","E","R","E","R","B",null,"M","?","$","M","M","R","T","R","T","E","?","E","M","$","R","B"],"character_chosen":"IRONCLAD","items_purchased":["Pear"],"campfire_rested":0,"item_purchase_floors":[20],"current_hp_per_floor":[79,88,87,87,88,65,65,65,65,55,55,52,52,55,55,37,75,70,70,80,83,79,79,79,79,79,43,43,46,38,38,38,0,0],"gold":78,"neow_bonus":"TEN_PERCENT_HP_BONUS","is_daily":false,"chose_seed":false,"campfire_upgraded":6,"win_rate":0.0,"timestamp":1612268529,"path_taken":["M","?","?","?","M","E","?","R","T","E","R","E","R","E","R","BOSS","M","?","$","?","M","R","?","R","T","E","?","E","M","?","R","BOSS"],"items_purchased_type":["Relic"],"build_version":"2020-12-22","purchased_purges":1,"victory":false,"max_hp_per_floor":[88,88,88,88,88,88,88,88,88,88,88,88,88,88,88,88,88,88,88,98,98,98,98,98,98,98,98,98,98,98,98,98,98,98],"relic_stats":{"Sozu":2,"Happy Flower":[3],"counters":[15,69],"Mummified Hand":[16],"PreservedInsect":140,"Whetstone":["Clash","Strike_R"],"Question Card":2,"obtain_stats":[{"Pear":20,"Happy Flower":29,"Oddly Smooth Stone":26,"Thread and Needle":28,"PreservedInsect":10,"Whetstone":9,"Bottled Tornado":24,"Question Card":27,"Burning Blood":0,"Sozu":17,"Anchor":12,"Mummified Hand":6,"Toxic Egg 2":14},{"Pear":9,"Happy Flower":13,"Oddly Smooth Stone":11,"Thread and Needle":12,"PreservedInsect":5,"Whetstone":4,"Bottled Tornado":11,"Question Card":12,"Burning Blood":0,"Sozu":8,"Anchor":6,"Mummified Hand":4,"Toxic Egg 2":7},{"Pear":43,"Happy Flower":60,"Oddly Smooth Stone":52,"Thread and Needle":57,"PreservedInsect":25,"Whetstone":18,"Bottled Tornado":52,"Question Card":57,"Burning Blood":0,"Sozu":39,"Anchor":28,"Mummified Hand":18,"Toxic Egg 2":32}],"Burning Blood":82},"card_choices":[{"not_picked":["Headbutt","Body Slam"],"picked":"Combust","floor":1.0},{"not_picked":["Pommel Strike","Burning Pact"],"picked":"Clash","floor":3.0},{"not_picked":["Anger","Dual Wield","Warcry"],"picked":"SKIP","floor":5.0},{"not_picked":["Warcry","Perfected Strike"],"picked":"Armaments","floor":6.0},{"not_picked":["Pommel Strike","Armaments","Dual Wield"],"picked":"SKIP","floor":10.0},{"not_picked":["Headbutt","Fiend Fire","True Grit"],"picked":"SKIP","floor":12.0},{"not_picked":["Pommel Strike","Perfected Strike","Carnage"],"picked":"SKIP","floor":14.0},{"not_picked":["Impervious+1","Barricade"],"picked":"Berserk","floor":16.0},{"not_picked":["Intimidate+1","Heavy Blade+1"],"picked":"Flex+1","floor":18.0},{"not_picked":["Seeing Red+1","Armaments+1","Twin Strike"],"picked":"SKIP","floor":21.0},{"not_picked":["Flame Barrier+1","Body Slam"],"picked":"Dropkick","floor":22.0},{"not_picked":["Bloodletting+1","Immolate"],"picked":"Blood for Blood","floor":27.0},{"not_picked":["Thunderclap","Twin Strike+1","Disarm+1"],"picked":"Double Tap+1","floor":29.0},{"not_picked":["Seeing Red+1","Body Slam","Pommel Strike","Flex+1"],"picked":"SKIP","floor":30.0}],"player_experience":117827,"relics_obtained":[{"floor":6.0,"key":"Mummified Hand"},{"floor":9.0,"key":"Whetstone"},{"floor":10.0,"key":"PreservedInsect"},{"floor":12.0,"key":"Anchor"},{"floor":14.0,"key":"Toxic Egg 2"},{"floor":24.0,"key":"Bottled Tornado"},{"floor":26.0,"key":"Oddly Smooth Stone"},{"floor":27.0,"key":"Question Card"},{"floor":29.0,"key":"Happy Flower"}],"event_choices":[{"damage_healed":9.0,"max_hp_gain":0.0,"max_hp_loss":0.0,"gold_gain":0.0,"event_name":"Wheel of Change","player_choice":"Full Heal","floor":2.0,"gold_loss":0.0,"damage_taken":0.0},{"damage_healed":0.0,"max_hp_gain":0.0,"max_hp_loss":0.0,"gold_gain":0.0,"event_name":"Living Wall","player_choice":"Grow","floor":4.0,"gold_loss":0.0,"damage_taken":0.0,"cards_upgraded":["Combust"]},{"damage_healed":0.0,"max_hp_gain":0.0,"max_hp_loss":0.0,"gold_gain":0.0,"event_name":"The Joust","player_choice":"Bet on Murderer","floor":19.0,"gold_loss":50.0,"damage_taken":0.0},{"damage_healed":0.0,"max_hp_gain":0.0,"max_hp_loss":0.0,"gold_gain":0.0,"event_name":"Addict","player_choice":"Obtained Relic","floor":28.0,"gold_loss":85.0,"damage_taken":0.0,"relics_obtained":["Thread and Needle"]}],"is_beta":false,"boss_relics":[{"not_picked":["SacredBark","Fusion Hammer"],"picked":"Sozu"}],"items_purged_floors":[20],"is_endless":false,"potions_floor_spawned":[5,14,16,22,27],"killed_by":"Collector","ascension_level":5}}