{"host":"utqe55yv0jihe4d6","time":1612238995,"event":{"mods":["2.2 Compatiblity","AchievementEnabler","BaseMod","Block Reminder","Colored Map","Colored Powertips","Minty Spire (QoL Compilation)","Quick Restart","Rare Cards Sparkle","Relic Stats","SuperFastMode"],"gold_per_floor":[42,55,55,102,102,102,27,27,27,91,144,160,173,216,216,337,337,382,195,195,195,32,70,115,115,115,193,233,233,288,288],"floor_reached":30,"language":"ENG","playtime":1007,"items_purged":["Pain","Strike_P"],"score":652,"play_id":"b182cb2a-e7d0-4832-a568-9e19d4f091b4","local_time":"20210201230955","is_ascension_mode":true,"campfire_choices":[{"data":"FollowUp","floor":6.0,"key":"SMITH"},{"data":"Eruption","floor":8.0,"key":"SMITH"},{"data":"WheelKick","floor":15.0,"key":"SMITH"},{"floor":25,"key":"REST"},{"floor":29,"key":"REST"}],"circlet_count":0,"master_deck":["AscendersBane","Strike_P+1","Strike_P","Strike_P","Defend_P","Defend_P+1","Defend_P","Defend_P","Eruption+1","Vigilance","Wish+1","FollowUp+1","LessonLearned+1","Weave+1","EmptyMind+1","WheelKick+1","ThirdEye+1","Scrawl","FearNoEvil","Wireheading","Wish","ThirdEye","Protect","SashWhip+1"],"relics":["PureWater","Golden Idol","Akabeko","WarpedTongs","Pocketwatch","Eternal Feather","Dead Branch","Philosopher\u0027s Stone","OrangePellets","Omamori","White Beast Statue","Prayer Wheel"],"acts_visited":["Exordium","TheCity"],"potions_floor_usage":[23,28,28,30],"damage_taken":[{"damage":4.0,"enemies":"Jaw Worm","floor":1.0,"turns":6.0},{"damage":16.0,"enemies":"2 Louse","floor":2.0,"turns":3.0},{"damage":20.0,"enemies":"3 Sentries","floor":10.0,"turns":8.0},{"damage":0.0,"enemies":"Cultist","floor":11.0,"turns":2.0},{"damage":0.0,"enemies":"Red Slaver","floor":12.0,"turns":1.0},{"damage":3.0,"enemies":"Blue Slaver","floor":13.0,"turns":2.0},{"damage":11.0,"enemies":"Gremlin Nob","floor":14.0,"turns":3.0},{"damage":0.0,"enemies":"Slime Boss","floor":16.0,"turns":6.0},{"damage":4.0,"enemies":"2 Thieves","floor":18.0,"turns":3.0},{"damage":41,"enemies":"Slavers","floor":23,"turns":2},{"damage":11,"enemies":"Chosen","floor":24,"turns":4},{"damage":14,"enemies":"Centurion and Healer","floor":27,"turns":7},{"damage":18,"enemies":"Book of Stabbing","floor":28,"turns":4},{"damage":42,"enemies":"3 Cultists","floor":30,"turns":5}],"seed_played":"1652265473003753042","potions_obtained":[{"floor":11.0,"key":"ColorlessPotion"},{"floor":12.0,"key":"SpeedPotion"},{"floor":16.0,"key":"DistilledChaos"},{"floor":18.0,"key":"DuplicationPotion"},{"floor":24,"key":"ColorlessPotion"},{"floor":27,"key":"Explosive Potion"},{"floor":28,"key":"Weak Potion"}],"is_trial":false,"path_per_floor":["M","M","?","T","?","R","$","R","T","E","M","M","M","E","R","B",null,"M","$","?","?","$","E","M","R","T","M","E","R","M"],"character_chosen":"WATCHER","items_purchased":["Wireheading","OrangePellets"],"campfire_rested":2,"item_purchase_floors":[19,22],"current_hp_per_floor":[57,41,41,41,41,41,41,41,41,21,21,21,18,7,16,16,51,47,47,47,62,62,21,10,40,40,26,8,38,0,0],"gold":288,"neow_bonus":"THREE_RARE_CARDS","is_daily":false,"chose_seed":false,"campfire_upgraded":3,"win_rate":0.0,"timestamp":1612238995,"path_taken":["M","M","?","?","?","R","$","R","T","E","M","?","M","E","R","BOSS","M","$","?","?","$","E","M","R","T","M","E","R","M"],"items_purchased_type":["Card","Relic"],"build_version":"2020-12-22","purchased_purges":2,"victory":false,"max_hp_per_floor":[68,68,62,62,62,62,62,62,62,62,62,62,62,62,62,62,62,62,62,62,62,62,62,62,62,62,62,62,62,62,62],"relic_stats":{"OrangePellets":[2],"counters":[14,56],"Golden Idol":73,"Dead Branch":[32],"Eternal Feather":33,"Prayer Wheel":0,"obtain_stats":[{"OrangePellets":22,"Golden Idol":3,"Dead Branch":14,"Eternal Feather":10,"Philosopher\u0027s Stone":17,"Prayer Wheel":28,"Omamori":23,"PureWater":0,"Akabeko":4,"White Beast Statue":26,"WarpedTongs":5,"Pocketwatch":9},{"OrangePellets":9,"Golden Idol":2,"Dead Branch":7,"Eternal Feather":3,"Philosopher\u0027s Stone":8,"Prayer Wheel":13,"Omamori":10,"PureWater":0,"Akabeko":2,"White Beast Statue":11,"WarpedTongs":2,"Pocketwatch":2},{"OrangePellets":34,"Golden Idol":9,"Dead Branch":25,"Eternal Feather":17,"Philosopher\u0027s Stone":31,"Prayer Wheel":51,"Omamori":36,"PureWater":0,"Akabeko":9,"White Beast Statue":40,"WarpedTongs":9,"Pocketwatch":9}],"WarpedTongs":[47],"Pocketwatch":[36]},"card_choices":[{"not_picked":["Devotion","Judgement"],"picked":"Wish","floor":0.0},{"not_picked":["Protect","PathToVictory"],"picked":"FollowUp","floor":1.0},{"not_picked":["Crescendo","FlurryOfBlows"],"picked":"LessonLearned","floor":2.0},{"not_picked":["PathToVictory","Alpha"],"picked":"Weave","floor":10.0},{"not_picked":["WreathOfFlame","SignatureMove"],"picked":"EmptyMind","floor":11.0},{"not_picked":["CrushJoints","Tantrum"],"picked":"WheelKick","floor":12.0},{"not_picked":["BowlingBash","Halt"],"picked":"ThirdEye","floor":13.0},{"not_picked":["ReachHeaven","WaveOfTheHand","InnerPeace"],"picked":"SKIP","floor":14.0},{"not_picked":["DeusExMachina","DevaForm"],"picked":"Scrawl","floor":16.0},{"not_picked":["ReachHeaven","Protect"],"picked":"FearNoEvil","floor":18.0},{"not_picked":["JustLucky","MasterReality"],"picked":"Wish","floor":23},{"not_picked":["Halt","BowlingBash"],"picked":"ThirdEye","floor":24},{"not_picked":["FlurryOfBlows","BowlingBash"],"picked":"Protect","floor":27},{"not_picked":["Swivel","Halt"],"picked":"SashWhip+1","floor":28}],"player_experience":2977383,"relics_obtained":[{"floor":4.0,"key":"Akabeko"},{"floor":9.0,"key":"Pocketwatch"},{"floor":10.0,"key":"Eternal Feather"},{"floor":14.0,"key":"Dead Branch"},{"floor":23,"key":"Omamori"},{"floor":26,"key":"White Beast Statue"},{"floor":28,"key":"Prayer Wheel"}],"event_choices":[{"damage_healed":0.0,"max_hp_gain":0.0,"max_hp_loss":6.0,"gold_gain":0.0,"event_name":"Golden Idol","player_choice":"Lose Max HP","floor":3.0,"gold_loss":0.0,"damage_taken":0.0,"relics_obtained":["Golden Idol"]},{"damage_healed":0.0,"max_hp_gain":0.0,"max_hp_loss":0.0,"gold_gain":0.0,"event_name":"Accursed Blacksmith","player_choice":"Rummage","floor":5.0,"gold_loss":0.0,"damage_taken":0.0,"relics_obtained":["WarpedTongs"],"cards_obtained":["Pain"]},{"damage_healed":0.0,"max_hp_gain":0.0,"max_hp_loss":0.0,"gold_gain":0.0,"event_name":"The Mausoleum","player_choice":"Ignored","floor":20.0,"gold_loss":0.0,"damage_taken":0.0},{"damage_healed":15.0,"max_hp_gain":0.0,"max_hp_loss":0.0,"gold_gain":0.0,"event_name":"Wheel of Change","player_choice":"Full Heal","floor":21.0,"gold_loss":0.0,"damage_taken":0.0}],"is_beta":false,"boss_relics":[{"not_picked":["Runic Dome","Busted Crown"],"picked":"Philosopher\u0027s Stone"}],"items_purged_floors":[7,19],"is_endless":false,"potions_floor_spawned":[11,12,16,18,24,27,28],"killed_by":"3 Cultists","ascension_level":20}}