{"host":"abdxwahegzejqccj","time":1612256825,"event":{"mods":["BaseMod","Better Note","BetterRewards","Colored Powertips","Downfall","Hermit","Minty Spire (QoL Compilation)","StSLib","The Cursed"],"gold_per_floor":[110,121,121,121,121,157,157,157,157,197,217,217,217,236,236,365,365,381,381,11,31,51,51,76,92,140,171,192,192,208,221,221,221,221],"floor_reached":33,"language":"ENG","playtime":1059,"items_purged":["Strike_G"],"score":455,"play_id":"1f8948c6-d972-486e-b7fa-f655eb143263","local_time":"20210202200705","is_ascension_mode":true,"campfire_choices":[{"floor":7,"key":"REST"},{"floor":13,"key":"REST"},{"data":"Sucker Punch","floor":15,"key":"SMITH"},{"data":"Blade Dance","floor":23,"key":"SMITH"},{"floor":29,"key":"REST"},{"data":"Infinite Blades","floor":32,"key":"SMITH"}],"circlet_count":0,"master_deck":["Strike_G","Strike_G","Strike_G","Defend_G","Defend_G","Defend_G","Defend_G","Defend_G","Survivor","Neutralize","Cloak And Dagger","Quick Slash","Slice","Injury","Dodge and Roll","Dagger Spray","Caltrops","Sucker Punch+1","Adrenaline","Cloak And Dagger","Infinite Blades","Blade Dance+1","Deflect","Infinite Blades+1","Terror"],"relics":["Ring of the Snake","TwistedFunnel","Blue Candle","Golden Idol","Boot","Pocketwatch","Bird Faced Urn","Bronze Scales","WristBlade","MutagenicStrength","Bottled Lightning","Ancient Tea Set","Bag of Marbles"],"acts_visited":["Exordium","TheCity"],"potions_floor_usage":[6,6,16,22,27,27,33,33],"damage_taken":[{"damage":0,"enemies":"Jaw Worm","floor":1,"turns":4},{"damage":0,"enemies":"2 Louse","floor":2,"turns":3},{"damage":48,"enemies":"Gremlin Nob","floor":6,"turns":6},{"damage":31,"enemies":"Lagavulin","floor":10,"turns":8},{"damage":0,"enemies":"Small Slimes","floor":11,"turns":2},{"damage":3,"enemies":"3 Louse","floor":14,"turns":2},{"damage":17,"enemies":"Hexaghost","floor":16,"turns":8},{"damage":0,"enemies":"3 Byrds","floor":18,"turns":1},{"damage":1,"enemies":"Chosen","floor":21,"turns":4},{"damage":4,"enemies":"Snake Plant","floor":22,"turns":3},{"damage":17,"enemies":"Snecko","floor":24,"turns":4},{"damage":0,"enemies":"3 Cultists","floor":25,"turns":3},{"damage":12,"enemies":"Gremlin Leader","floor":27,"turns":4},{"damage":12,"enemies":"Snake Plant","floor":28,"turns":3},{"damage":11,"enemies":"Snecko","floor":30,"turns":3},{"damage":8,"enemies":"Shelled Parasite and Fungi","floor":31,"turns":3},{"damage":94,"enemies":"Champ","floor":33,"turns":7}],"seed_played":"-6976019733835233891","potions_obtained":[{"floor":1,"key":"bronze:BurnAndBuffPotion"},{"floor":2,"key":"Swift Potion"},{"floor":11,"key":"DistilledChaos"},{"floor":14,"key":"Poison Potion"},{"floor":24,"key":"Fire Potion"},{"floor":25,"key":"CunningPotion"},{"floor":28,"key":"SteroidPotion"},{"floor":31,"key":"Swift Potion"}],"is_trial":false,"path_per_floor":["M","M","?","?","?","E","R","?","T","E","M","T","R","M","R","B",null,"M","?","$","M","M","R","M","M","T","E","M","R","M","M","R","B"],"character_chosen":"THE_SILENT","items_purchased":["TwistedFunnel","Cloak And Dagger","Infinite Blades","Bottled Lightning"],"campfire_rested":3,"item_purchase_floors":[0,0,20,20],"current_hp_per_floor":[64,64,64,59,59,11,32,55,55,24,24,24,45,44,44,29,70,70,70,70,70,69,69,53,57,57,49,39,60,55,53,53,0,0],"gold":221,"neow_bonus":"","is_daily":false,"chose_seed":false,"campfire_upgraded":3,"win_rate":0.0,"timestamp":1612256825,"path_taken":["M","M","?","?","?","E","R","?","T","E","M","?","R","M","R","BOSS","M","?","$","M","M","R","M","M","T","E","M","R","M","M","R","BOSS"],"items_purchased_type":["Relic","Card","Card","Relic"],"build_version":"2020-12-22","purchased_purges":1,"victory":false,"max_hp_per_floor":[70,70,70,70,70,70,70,70,70,70,70,70,70,70,70,70,70,70,70,70,70,70,70,70,70,70,70,70,70,70,70,70,70,70],"card_choices":[{"not_picked":["Underhanded Strike","Distraction"],"picked":"Quick Slash","floor":1},{"not_picked":["Calculated Gamble","Catalyst"],"picked":"Slice","floor":2},{"not_picked":["Outmaneuver","Eviscerate"],"picked":"Dodge and Roll","floor":6},{"not_picked":["Bane","Slice"],"picked":"Dagger Spray","floor":10},{"not_picked":["Terror","Acrobatics"],"picked":"Caltrops","floor":11},{"not_picked":["Flechettes","Dagger Spray"],"picked":"Sucker Punch","floor":14},{"not_picked":["Bullet Time","Corpse Explosion"],"picked":"Adrenaline","floor":16},{"not_picked":["Bouncing Flask+1","Flying Knee"],"picked":"Cloak And Dagger","floor":18},{"not_picked":["Flying Knee","Acrobatics","Dagger Throw"],"picked":"SKIP","floor":21},{"not_picked":["Underhanded Strike","Grand Finale"],"picked":"Blade Dance","floor":22},{"not_picked":["Poisoned Stab","Outmaneuver","Skewer"],"picked":"SKIP","floor":24},{"not_picked":["Outmaneuver","Acrobatics"],"picked":"Deflect","floor":25},{"not_picked":["Sucker Punch","Acrobatics+1","Dagger Throw"],"picked":"SKIP","floor":27},{"not_picked":["Skewer","Bouncing Flask"],"picked":"Infinite Blades","floor":28},{"not_picked":["Backflip+1","Blade Dance"],"picked":"Terror","floor":30},{"not_picked":["Bane","Catalyst","Backflip"],"picked":"SKIP","floor":31}],"player_experience":396686,"relics_obtained":[{"floor":6,"key":"Boot"},{"floor":9,"key":"Pocketwatch"},{"floor":10,"key":"Bird Faced Urn"},{"floor":12,"key":"Bronze Scales"},{"floor":26,"key":"Ancient Tea Set"},{"floor":27,"key":"Bag of Marbles"}],"event_choices":[{"cards_removed":["Strike_G"],"damage_healed":0,"gold_gain":0,"player_choice":"Forget","damage_taken":0,"max_hp_gain":0,"max_hp_loss":0,"event_name":"Living Wall","floor":3,"gold_loss":0},{"damage_healed":0,"gold_gain":0,"player_choice":"Take Wound","damage_taken":0,"relics_obtained":["Golden Idol"],"max_hp_gain":0,"max_hp_loss":0,"event_name":"Golden Idol","floor":5,"gold_loss":0,"cards_obtained":["Injury"]},{"damage_healed":23,"gold_gain":0,"player_choice":"Banana","damage_taken":0,"max_hp_gain":0,"max_hp_loss":0,"event_name":"Big Fish","floor":8,"gold_loss":0},{"damage_healed":0,"gold_gain":0,"player_choice":"Inject Mutagens","damage_taken":0,"relics_obtained":["MutagenicStrength"],"max_hp_gain":0,"max_hp_loss":0,"event_name":"Drug Dealer","floor":19,"gold_loss":0}],"is_beta":false,"boss_relics":[{"not_picked":["Snecko Eye","Ectoplasm"],"picked":"WristBlade"}],"items_purged_floors":[20],"is_endless":false,"potions_floor_spawned":[1,2,11,14,24,25,28,31],"killed_by":"Champ","ascension_level":4}}