{"host":"t7kiqd0mabx5u6gq","time":1612293482,"event":{"mods":["AchievementEnabler","Aspiration","BaseMod","Conspire","Dota2Spire","GifTheSpireLib","Halation","Hubris","Infinite Spire","Minty Spire (QoL Compilation)","Quarter Circle Forward PUNCH!","Quick Restart","Replay The Spire","StSLib","Stuff the Spire"],"gold_per_floor":[112,387,181,146,157,186,186,217,299,299,325,343,343,363,363,461,461,477,752,725,745,745,777,777,777,777],"floor_reached":25,"language":"ENG","playtime":893,"items_purged":["Regret","Regret"],"score":444,"play_id":"3e03f18c-d310-46c3-af6c-3960e324bf7e","local_time":"20210202111802","is_ascension_mode":true,"campfire_choices":[{"data":"Abandon","floor":7.0,"key":"SMITH"},{"data":"Armaments","floor":13,"key":"SMITH"},{"data":"Limit Break","floor":24,"key":"SMITH"}],"circlet_count":0,"master_deck":["Strike_R","Strike_R","Strike_R","Strike_R","Defend_R","Defend_R","Defend_R","Defend_R","Bash","Pommel Strike","Flex+1","Feel No Pain","Feel No Pain","Abandon+1","Armaments+1","hubris:StunningStrike","ReplayTheSpireMod:Limb From Limb","Limit Break+1","Ghostly Armor","Run Through","Barricade","Disarm+1","Pommel Strike","Flex+1","ReplayTheSpireMod:??????????????????????","Flex"],"relics":["Burning Blood","NeowsBlessing","Blue Doll","Bottled Lightning","Chameleon Ring","Torii","hubris:HollowSoul","infinitespire:Satchel","hubris:SlimyHat"],"acts_visited":["Exordium","TheCity"],"potions_floor_usage":[16,18],"damage_taken":[{"damage":0.0,"enemies":"2 Louse","floor":1.0,"turns":1.0},{"damage":0.0,"enemies":"Cultist","floor":5.0,"turns":1.0},{"damage":0.0,"enemies":"Gremlin Nob","floor":6.0,"turns":1.0},{"damage":15,"enemies":"3 Sentries","floor":8,"turns":14},{"damage":58,"enemies":"Lagavulin","floor":11,"turns":11},{"damage":8,"enemies":"Small Slimes","floor":12,"turns":5},{"damage":11,"enemies":"Exordium Wildlife","floor":14,"turns":7},{"damage":52,"enemies":"Hexaghost","floor":16,"turns":14},{"damage":63,"enemies":"3 Byrds","floor":18,"turns":11},{"damage":31,"enemies":"2 Thieves","floor":20,"turns":5},{"damage":28,"enemies":"Snake Plant","floor":21,"turns":7},{"damage":0,"enemies":"Gremlin Leader","floor":23,"turns":2},{"damage":0,"enemies":"Replay:Snechameleon","floor":25,"turns":1}],"seed_played":"8280915862100611682","potions_obtained":[{"floor":5.0,"key":"BloodPotion"},{"floor":8,"key":"FairyPotion"},{"floor":16,"key":"SkillPotion"},{"floor":23,"key":"ColorlessPotion"}],"is_trial":false,"path_per_floor":["M","?","$","$","M","E","R","E","T","?","E","M","R","M","R","B",null,"M","?","M","M","AVR","E","R","E"],"character_chosen":"IRONCLAD","items_purchased":["Flex","Feel No Pain","Feel No Pain"],"campfire_rested":0,"item_purchase_floors":[3,3,4],"current_hp_per_floor":[78,78,78,78,80,80,80,71,71,71,19,17,17,12,36,14,64,7,7,42,20,20,26,26,16,16],"gold":777,"neow_bonus":"THREE_ENEMY_KILL","is_daily":false,"chose_seed":false,"campfire_upgraded":3,"win_rate":0.0,"timestamp":1612293482,"path_taken":["M","?","?","$","?","E","R","E","T","?","E","?","R","M","R","BOSS","M","?","M","M","AVR","E","R","E"],"items_purchased_type":["Card","Card","Card"],"build_version":"2020-12-22","purchased_purges":2,"victory":false,"max_hp_per_floor":[80,80,80,80,80,80,80,80,80,80,80,80,80,80,80,80,80,80,80,80,80,80,80,80,16,16],"card_choices":[{"not_picked":["Clothesline","Defy Death"],"picked":"Pommel Strike","floor":1.0},{"not_picked":["Dark Embrace","Perfected Strike"],"picked":"Abandon","floor":5.0},{"not_picked":["StuffTheSpire:Incineration","Blood for Blood"],"picked":"Armaments","floor":6.0},{"not_picked":["Searing Blow","Anger"],"picked":"hubris:StunningStrike","floor":8},{"not_picked":["Abandon","Iron Wave"],"picked":"Limit Break","floor":11},{"not_picked":["StuffTheSpire:RagingBull","Perfected Strike"],"picked":"Ghostly Armor","floor":12},{"not_picked":["Perfected Strike","conspire:ExplosiveBarrier"],"picked":"Run Through","floor":14},{"not_picked":["Offering","Feed"],"picked":"Barricade","floor":16},{"not_picked":["Reckless Charge","Sever Soul"],"picked":"Disarm+1","floor":18},{"not_picked":["Battle Trance","conspire:ExplosiveBarrier"],"picked":"Pommel Strike","floor":20},{"not_picked":["Warcry","Replay:Undeath\u0027s Touch"],"picked":"Flex+1","floor":21},{"not_picked":["Headbutt","Combust+1"],"picked":"Flex","floor":23}],"player_experience":575530,"relics_obtained":[{"floor":6.0,"key":"Blue Doll"},{"floor":8,"key":"Bottled Lightning"},{"floor":9,"key":"Chameleon Ring"},{"floor":11,"key":"Torii"},{"floor":23,"key":"hubris:SlimyHat"}],"event_choices":[{"damage_healed":0.0,"max_hp_gain":0.0,"max_hp_loss":0.0,"gold_gain":275.0,"event_name":"Golden Shrine","player_choice":"Desecrate","floor":2.0,"gold_loss":0.0,"damage_taken":0.0,"cards_obtained":["Regret"]},{"damage_healed":0,"gold_gain":0,"cards_transformed":["Strike_R"],"player_choice":"Transformed","damage_taken":0,"max_hp_gain":0,"max_hp_loss":0,"event_name":"Transmorgrifier","floor":10,"gold_loss":0,"cards_obtained":["ReplayTheSpireMod:Limb From Limb"]},{"damage_healed":0,"gold_gain":275,"player_choice":"Desecrate","damage_taken":0,"max_hp_gain":0,"max_hp_loss":0,"event_name":"Golden Shrine","floor":19,"gold_loss":0,"cards_obtained":["Regret"]}],"is_beta":false,"boss_relics":[{"not_picked":["halation:PinkAlligatorPlush","qcfpunch:Dark_Gi"],"picked":"hubris:HollowSoul"}],"items_purged_floors":[3,22],"is_endless":false,"potions_floor_spawned":[5,8,16,23],"killed_by":"Replay:Snechameleon","ascension_level":9}}