{"host":"bq4pt811tk9yrmjl","time":1612274557,"event":{"mods":["AchievementEnabler","BaseMod","Colored Map","Colored Powertips","Defuse TimeMaze Blight","Hermit","Minty Spire (QoL Compilation)","Smile Girya","StSLib","SuperFastMode"],"gold_per_floor":[109,121,121,121,46,57,90,90,117,192,114,142,142,142,142,263,326,351,394,412,372,391,391,429,443,470,470,483,398,398,323,323,323,323],"floor_reached":33,"language":"ENG","playtime":574,"items_purged":["Regret"],"score":287,"play_id":"cf7382b0-000e-49f3-b376-476dd3361b4a","local_time":"20210202120237","is_ascension_mode":true,"campfire_choices":[{"data":"Anger","floor":13,"key":"SMITH"},{"data":"Fire Breathing","floor":15,"key":"SMITH"},{"floor":23,"key":"RECALL"},{"floor":30,"key":"REST"},{"data":"Feel No Pain","floor":32,"key":"SMITH"}],"circlet_count":0,"master_deck":["Strike_R","Strike_R","Strike_R","Strike_R+1","Defend_R","Defend_R","Defend_R+1","Defend_R+1","Bash","Fire Breathing+1","Clash","Anger+1","Iron Wave","Feel No Pain+1","Juggernaut+1","Whirlwind+1","Flame Barrier+1","Iron Wave","Reaper","Clash+1","Disarm+1"],"relics":["Burning Blood","NeowsBlessing","Happy Flower","Toy Ornithopter","PreservedInsect","Gremlin Horn","Golden Idol","Tiny House","Red Mask","Charon\u0027s Ashes","Orichalcum","Letter Opener"],"acts_visited":["Exordium","TheCity"],"potions_floor_usage":[7,12,19,20,22,24,24,25,27],"damage_taken":[{"damage":0,"enemies":"Small Slimes","floor":1,"turns":1},{"damage":0,"enemies":"2 Louse","floor":2,"turns":1},{"damage":0,"enemies":"Cultist","floor":6,"turns":1},{"damage":27,"enemies":"Gremlin Nob","floor":7,"turns":4},{"damage":9,"enemies":"3 Sentries","floor":12,"turns":5},{"damage":23,"enemies":"Slime Boss","floor":16,"turns":9},{"damage":0,"enemies":"Chosen","floor":18,"turns":4},{"damage":20,"enemies":"Masked Bandits","floor":19,"turns":5},{"damage":0,"enemies":"Shell Parasite","floor":20,"turns":5},{"damage":36,"enemies":"Snake Plant","floor":22,"turns":5},{"damage":7,"enemies":"Slavers","floor":24,"turns":4},{"damage":9,"enemies":"Centurion and Healer","floor":25,"turns":8},{"damage":0,"enemies":"Shelled Parasite and Fungi","floor":27,"turns":2},{"damage":32,"enemies":"3 Cultists","floor":28,"turns":6},{"damage":75,"enemies":"Champ","floor":33,"turns":15}],"seed_played":"-4287162157307375866","potions_obtained":[{"floor":1,"key":"EssenceOfSteel"},{"floor":2,"key":"AttackPotion"},{"floor":7,"key":"BloodPotion"},{"floor":17,"key":"Fire Potion"},{"floor":22,"key":"EntropicBrew"},{"floor":24,"key":"ColorlessPotion"}],"is_trial":false,"path_per_floor":["M","M","?","?","$","M","E","?","T","?","$","E","R","?","R","B",null,"M","?","M","?","M","R","E","M","T","M","M","?","R","?","R","B"],"character_chosen":"IRONCLAD","items_purchased":["Feel No Pain"],"campfire_rested":1,"item_purchase_floors":[11],"current_hp_per_floor":[80,80,80,80,80,80,59,43,43,32,32,50,50,50,50,33,79,79,65,76,76,51,51,60,66,66,77,51,51,74,74,74,3,3],"gold":323,"neow_bonus":"THREE_ENEMY_KILL","is_daily":false,"chose_seed":false,"campfire_upgraded":3,"win_rate":0.0,"timestamp":1612274557,"path_taken":["M","M","?","?","$","M","E","?","T","?","?","E","R","?","R","BOSS","M","?","M","?","M","R","E","M","T","M","?","?","R","?","R","BOSS"],"items_purchased_type":["Card"],"build_version":"2020-12-22","purchased_purges":1,"victory":false,"max_hp_per_floor":[80,80,80,80,80,80,80,80,80,80,80,80,80,74,74,74,79,79,79,79,79,79,79,79,79,79,79,79,79,79,79,79,79,79],"card_choices":[{"not_picked":["Pommel Strike","Headbutt"],"picked":"Fire Breathing","floor":1},{"not_picked":["Pommel Strike","Battle Trance"],"picked":"Clash","floor":2},{"not_picked":["Iron Wave","Metallicize"],"picked":"Anger","floor":6},{"not_picked":["Pommel Strike","Ghostly Armor"],"picked":"Iron Wave","floor":7},{"not_picked":["Wild Strike","Immolate","Headbutt"],"picked":"SKIP","floor":12},{"not_picked":["Limit Break","Impervious"],"picked":"Juggernaut","floor":16},{"not_picked":["Perfected Strike+1","Cleave","Rampage"],"picked":"SKIP","floor":18},{"not_picked":["Headbutt","Feel No Pain+1"],"picked":"Whirlwind+1","floor":19},{"not_picked":["Headbutt","Dark Embrace"],"picked":"Flame Barrier+1","floor":20},{"not_picked":["Corruption","Perfected Strike"],"picked":"Iron Wave","floor":22},{"not_picked":["Warcry","Armaments"],"picked":"Reaper","floor":24},{"not_picked":["Wild Strike","Havoc"],"picked":"Clash+1","floor":25},{"not_picked":["Power Through","Armaments"],"picked":"Disarm+1","floor":28}],"player_experience":297763,"relics_obtained":[{"floor":7,"key":"Toy Ornithopter"},{"floor":9,"key":"PreservedInsect"},{"floor":12,"key":"Gremlin Horn"},{"floor":19,"key":"Red Mask"},{"floor":24,"key":"Charon\u0027s Ashes"},{"floor":26,"key":"Orichalcum"}],"event_choices":[{"damage_healed":0,"gold_gain":0,"player_choice":"Ignored","damage_taken":0,"max_hp_gain":0,"max_hp_loss":0,"event_name":"Liars Game","floor":3,"gold_loss":0},{"damage_healed":0,"gold_gain":0,"player_choice":"Box","damage_taken":0,"relics_obtained":["Happy Flower"],"max_hp_gain":0,"max_hp_loss":0,"event_name":"Big Fish","floor":4,"gold_loss":0,"cards_obtained":["Regret"]},{"damage_healed":0,"gold_gain":0,"player_choice":"Entered Light","damage_taken":16,"max_hp_gain":0,"max_hp_loss":0,"event_name":"Shining Light","floor":8,"gold_loss":0,"cards_upgraded":["Strike_R","Defend_R"]},{"damage_healed":0,"gold_gain":75,"player_choice":"Gather Gold","damage_taken":11,"max_hp_gain":0,"max_hp_loss":0,"event_name":"World of Goop","floor":10,"gold_loss":0},{"damage_healed":0,"gold_gain":0,"player_choice":"Lose Max HP","damage_taken":0,"relics_obtained":["Golden Idol"],"max_hp_gain":0,"max_hp_loss":6,"event_name":"Golden Idol","floor":14,"gold_loss":0},{"damage_healed":0,"gold_gain":0,"player_choice":"Fought Bandits","damage_taken":0,"max_hp_gain":0,"max_hp_loss":0,"event_name":"Masked Bandits","floor":19,"gold_loss":0},{"damage_healed":0,"gold_gain":0,"player_choice":"Upgrade","damage_taken":0,"max_hp_gain":0,"max_hp_loss":0,"event_name":"Designer","floor":21,"gold_loss":40,"cards_upgraded":["Juggernaut"]},{"damage_healed":0,"gold_gain":0,"player_choice":"Obtained Relic","damage_taken":0,"relics_obtained":["Letter Opener"],"max_hp_gain":0,"max_hp_loss":0,"event_name":"Addict","floor":29,"gold_loss":85},{"cards_removed":["Strike_R"],"damage_healed":0,"gold_gain":0,"player_choice":"Gave Gold","damage_taken":0,"max_hp_gain":0,"max_hp_loss":0,"event_name":"Beggar","floor":31,"gold_loss":75}],"is_beta":false,"boss_relics":[{"not_picked":["Philosopher\u0027s Stone","Runic Cube"],"picked":"Tiny House"}],"items_purged_floors":[5],"is_endless":false,"potions_floor_spawned":[1,2,7,22,24,27],"killed_by":"Champ","ascension_level":1}}