{"host":"m93bdsyxmbslumxy","time":1612288645,"event":{"mods":["Arknights","Bard","Bartender","BaseMod","Beaked The Cultist","CapriCore","CatGirl Mod","ChefMod","Duelist Mod","Fiend Mod","Friendly Minions","Glutton Mod","Hermit","Hubris","JesterMod","Jorbs\u0027s Wanderer Trilogy","Koishi","Luminous","Mad Scientist","Marisa????????","Minty Spire (QoL Compilation)","Reliquary","Remilia??????","Shade Mod","Shop Mod","Somnambulant","StSLib","The Alterego","The Animator","The Blackbeard","The Bladedancer","The Bug Knight","The Clintock","The Construct","The Cursed","The Death Knight","The Disciple","The Dragon Tamer","The Elementalist","The Exalted","The Florist","The Forsaken","The Gatherer","The Hierophant","The Immortal","The Judge","The Jungle","The Kombatant","The Marked","The Mystic","The Necromancer","The Runesmith","The Servant 0.9.4","The Valiant","The Witch","TheBandit","TheFirefly","TheHero","TheSurvivalist","TheSwordswoman","Warlord Emblem","Yohane!","Yuri Mod","thorton"],"gold_per_floor":[110,3,3,14,14,14,14,29,29,44,77,95,113,128,128,227,227,238,53,67,67,82,115,115,135,135,135,135,135,151,164,164,264,264,282,282,297,43,60,60,60,60,60,77,91,91,102,122,122,122],"floor_reached":51,"language":"ENG","playtime":5368,"items_purged":["Strike_Bartender","Defend_Bartender"],"score":700,"play_id":"e9688360-972c-4211-9a9a-9f6ffc5100a6","local_time":"20210202095725","is_ascension_mode":false,"campfire_choices":[{"data":"Mirage","floor":6,"key":"SMITH"},{"data":"OpoOpo_Form","floor":15,"key":"SMITH"},{"data":"Bloodbath_Bartender","floor":24,"key":"SMITH"},{"data":"Rope_A_Dope","floor":29,"key":"SMITH"},{"data":"Rope_A_Dope","floor":32,"key":"SMITH"},{"floor":40,"key":"REST"},{"floor":42,"key":"REST"},{"floor":46,"key":"REST"},{"data":"Form_Shift","floor":49,"key":"SMITH"}],"circlet_count":0,"master_deck":["Strike_Bartender","Strike_Bartender+1","Strike_Bartender","Defend_Bartender","Defend_Bartender+1","Somersault","Bicycle_Kick","Dragonkick","Coeurl_Form","hubris:DuctTapeCard","Meditate","Phantom_Blow","Bloodbath_Bartender+1","Training_Dummy","OpoOpo_Form+1","Combo_Master","Power_Up_Punch+1","Rope_A_Dope+1","Bicycle_Kick","Step_Of_The_Wind","Foot_Thrust","Rope_A_Dope+1","Step_Of_The_Wind","Form_Shift+1","Coeurl_Form","Fading_Blow+1","hubris:NaturalOne","Ripple","Blizzard_Spikes+1","Greased_Lightning"],"relics":["Sneakers","hubris:DuctTape","reliquary:WeakTea","Bromod:ArcaneEnergize","hubris:Icosahedron","HollowMod:StagPassRelic","hubris:ToyBattleship","Sozu","Choco_Feather","Lantern","hubris:MedicalManual"],"acts_visited":["Exordium","TheCity","TheBeyond"],"potions_floor_usage":[16,50],"damage_taken":[{"damage":0,"enemies":"Cultist","floor":1,"turns":4},{"damage":6,"enemies":"Small Slimes","floor":4,"turns":4},{"damage":0,"enemies":"2 Louse","floor":8,"turns":3},{"damage":0,"enemies":"Red Slaver","floor":10,"turns":4},{"damage":7,"enemies":"HollowMod:MossKnight","floor":11,"turns":7},{"damage":0,"enemies":"2 Fungi Beasts","floor":12,"turns":4},{"damage":17,"enemies":"3 Louse","floor":13,"turns":4},{"damage":0,"enemies":"Red Slaver","floor":14,"turns":4},{"damage":11,"enemies":"Hexaghost","floor":16,"turns":9},{"damage":12,"enemies":"Shell Parasite","floor":18,"turns":6},{"damage":13,"enemies":"2 Thieves","floor":20,"turns":5},{"damage":11,"enemies":"Sentry and Sphere","floor":22,"turns":5},{"damage":4,"enemies":"theDuelist:KaibaA2","floor":23,"turns":6},{"damage":13,"enemies":"Centurion and Healer","floor":25,"turns":7},{"damage":6,"enemies":"3 Cultists","floor":30,"turns":6},{"damage":1,"enemies":"Snecko","floor":31,"turns":6},{"damage":7,"enemies":"Champ","floor":33,"turns":16},{"damage":7,"enemies":"Orb Walker","floor":35,"turns":5},{"damage":19,"enemies":"3 Darklings","floor":37,"turns":5},{"damage":35,"enemies":"4 Shapes","floor":39,"turns":6},{"damage":0,"enemies":"Maw","floor":44,"turns":7},{"damage":9,"enemies":"3 Darklings","floor":45,"turns":6},{"damage":0,"enemies":"Sphere and 2 Shapes","floor":47,"turns":5},{"damage":9,"enemies":"Transient","floor":48,"turns":5},{"damage":0,"enemies":"hubris:GrandSnecko","floor":50,"turns":14}],"seed_played":"-4166254399441518262","potions_obtained":[{"floor":4,"key":"Strength Potion"},{"floor":11,"key":"FairyPotion"},{"floor":12,"key":"Energy Potion"},{"floor":14,"key":"CultistPotion"},{"floor":16,"key":"PowerPotion"}],"is_trial":false,"path_per_floor":["M","$","?","M","?","R","?","M","T","M","E","M","M","M","R","B",null,"M","$","M","?","M","E","R","M","T","?","?","R","M","M","R","B",null,"M","?","M","$","M","R","$","R","T","M","M","R","M","M","R","B",null],"character_chosen":"BARTENDER","items_purchased":["Rope_A_Dope","Bicycle_Kick","Rope_A_Dope","Bicycle_Kick","Lantern"],"campfire_rested":3,"item_purchase_floors":[2,2,19,19,38],"current_hp_per_floor":[77,77,77,71,56,56,56,56,56,56,49,49,32,32,32,21,77,65,65,52,52,41,37,37,24,24,24,71,71,65,64,64,57,71,64,64,45,45,10,31,31,52,52,52,43,64,64,55,55,55],"gold":122,"neow_bonus":"TEN_PERCENT_HP_BONUS","is_daily":false,"chose_seed":false,"campfire_upgraded":6,"win_rate":0.0,"timestamp":1612288645,"path_taken":["M","?","?","M","?","R","?","M","T","M","E","M","?","M","R","BOSS","M","$","M","?","M","E","R","M","T","?","?","R","M","M","R","BOSS","M","?","?","$","M","R","?","R","T","M","M","R","M","M","R","BOSS"],"items_purchased_type":["Card","Card","Card","Card","Relic"],"build_version":"2020-12-22","purchased_purges":2,"victory":true,"max_hp_per_floor":[77,77,77,77,77,77,77,77,77,77,77,77,77,77,77,77,77,77,77,77,77,77,77,77,77,77,77,71,71,71,71,71,71,71,71,71,71,71,71,71,71,71,71,71,71,71,71,71,71,71],"card_choices":[{"not_picked":["Ball_Of_Ice","Press_Forward"],"picked":"Mirage","floor":1},{"not_picked":["Hook","Bicycle_Kick"],"picked":"Dragonkick","floor":4},{"not_picked":["Foot_Thrust","Feint"],"picked":"Coeurl_Form","floor":8},{"not_picked":["On_The_Rocks","Sucker_Punch"],"picked":"Meditate","floor":10},{"not_picked":["Press_Forward","Mirage"],"picked":"Phantom_Blow","floor":11},{"not_picked":["Cross","Ripple"],"picked":"Bloodbath_Bartender","floor":12},{"not_picked":["RockBreaker","Power_Up_Punch"],"picked":"Training_Dummy","floor":13},{"not_picked":["Scoop","Dancing_Jab"],"picked":"OpoOpo_Form","floor":14},{"not_picked":["Windup","Spirits_Within"],"picked":"Combo_Master","floor":16},{"not_picked":["Rising_Crane","Foot_Thrust"],"picked":"Power_Up_Punch+1","floor":18},{"not_picked":["RockBreaker+","Power_Up_Punch+1","Scoop"],"picked":"SKIP","floor":20},{"not_picked":["Scoop","ThreeSidedStar"],"picked":"Step_Of_The_Wind","floor":22},{"not_picked":["Cross+1","Scoop"],"picked":"Foot_Thrust","floor":23},{"not_picked":["Ripple","Fading_Blow"],"picked":"Rope_A_Dope","floor":25},{"not_picked":["Tornado_Kick","On_The_Rocks"],"picked":"Step_Of_The_Wind","floor":30},{"not_picked":["Stick_and_Move","Feint","Training_Dummy"],"picked":"SKIP","floor":31},{"not_picked":["Windup","Combo_Master"],"picked":"Form_Shift","floor":33},{"not_picked":["Insight_B","Bitters+1"],"picked":"Coeurl_Form","floor":35},{"not_picked":["Surge","Ripple+1"],"picked":"Fading_Blow+1","floor":37},{"not_picked":["Glare+1","Free_Pour+1","Elbow_Slash"],"picked":"SKIP","floor":39},{"not_picked":["Feint+1","Ball_Of_Ice"],"picked":"Ripple","floor":44},{"not_picked":["Dancing_Jab+1","Step_Of_The_Wind+1"],"picked":"Blizzard_Spikes+1","floor":45},{"not_picked":["Glare+1","Hook"],"picked":"Greased_Lightning","floor":47},{"not_picked":["Stick_and_Move","Blizzard_Spikes","Cross"],"picked":"SKIP","floor":48}],"player_experience":5157,"relics_obtained":[{"floor":9,"key":"hubris:DuctTape"},{"floor":11,"key":"reliquary:WeakTea"},{"floor":23,"key":"HollowMod:StagPassRelic"},{"floor":26,"key":"hubris:ToyBattleship"},{"floor":43,"key":"hubris:MedicalManual"}],"event_choices":[{"damage_healed":0,"gold_gain":0,"player_choice":"Entered Light","damage_taken":15,"max_hp_gain":0,"max_hp_loss":0,"event_name":"Shining Light","floor":5,"gold_loss":0,"cards_upgraded":["Defend_Bartender","Strike_Bartender"]},{"cards_removed":["Defend_Bartender"],"damage_healed":0,"gold_gain":0,"player_choice":"Purged","damage_taken":0,"max_hp_gain":0,"max_hp_loss":0,"event_name":"Purifier","floor":7,"gold_loss":0},{"damage_healed":0,"gold_gain":0,"player_choice":"Gave Potion","damage_taken":0,"relics_obtained":["Choco_Feather"],"max_hp_gain":0,"max_hp_loss":0,"event_name":"WeMeetAgain","floor":36,"gold_loss":0}],"is_beta":false,"boss_relics":[{"not_picked":["construct:ClawGrip","jesterMod:MachoBrace"],"picked":"Bromod:ArcaneEnergize"},{"not_picked":["reliquary:Craggleroot","thethorton:CrushedCigarette"],"picked":"Sozu"}],"items_purged_floors":[19,38],"is_endless":false,"potions_floor_spawned":[4,11,12,14,16,20,23,33,35,47,48],"ascension_level":0}}