{"host":"vyiqbz5w606ur92t","time":1612234025,"event":{"mods":["BaseMod","Downfall","Minty Spire (QoL Compilation)","StSLib"],"gold_per_floor":[99,114,129,144,159,174,174,189,489,504,504,519,519,54,69,169,169,169,184,199,214,229,329,329,344,344,344],"floor_reached":26,"language":"ENG","playtime":1954,"items_purged":[],"score":308,"play_id":"5ad3c061-473b-420a-826b-1133994b28b7","local_time":"20210202024705","daily_mods":["SealedDeck","Uncertain Future","Lethality"],"is_ascension_mode":false,"campfire_choices":[{"data":"Seeing Red","floor":1,"key":"SMITH"},{"data":"True Grit","floor":11,"key":"SMITH"},{"data":"Limit Break","floor":18,"key":"SMITH"}],"circlet_count":0,"master_deck":["Inflame","Heavy Blade","Seeing Red+1","Shrug It Off","Ghostly Armor","Cleave","Rage","Twin Strike","Sword Boomerang","Carnage","Battle Trance","Clothesline","Pommel Strike","Impervious","True Grit+1","downfall:Icky","downfall:Icky","Shockwave","Limit Break+1","Disarm","Battle Trance","Fiend Fire","Sword Boomerang","Pummel","Bloodletting","J.A.X.","True Grit","Clumsy","Evolve","downfall:Aged","Regret","Burning Pact"],"relics":["Burning Blood","Paper Frog","downfall:ExtraCursedKey","Ice Cream","bronze:DonusWashers","Black Star","MutagenicStrength"],"acts_visited":["Exordium","TheCity"],"potions_floor_usage":[16,19,22,22,26,26],"damage_taken":[{"damage":0,"enemies":"Cultist","floor":2,"turns":1},{"damage":0,"enemies":"Small Slimes","floor":3,"turns":1},{"damage":0,"enemies":"2 Louse","floor":4,"turns":1},{"damage":0,"enemies":"Blue Slaver","floor":5,"turns":2},{"damage":3,"enemies":"Exordium Thugs","floor":6,"turns":2},{"damage":6,"enemies":"Exordium Wildlife","floor":8,"turns":2},{"damage":0,"enemies":"Large Slime","floor":10,"turns":4},{"damage":8,"enemies":"Blue Slaver","floor":12,"turns":2},{"damage":0,"enemies":"downfall:FleeingMerchant","floor":14,"turns":4},{"damage":1,"enemies":"Exordium Wildlife","floor":15,"turns":3},{"damage":25,"enemies":"DF_ARCHETYPE_STREAMLINE","floor":16,"turns":6},{"damage":0,"enemies":"Chosen","floor":19,"turns":2},{"damage":19,"enemies":"Shell Parasite","floor":20,"turns":4},{"damage":22,"enemies":"Snake Plant","floor":21,"turns":2},{"damage":28,"enemies":"Snecko","floor":22,"turns":4},{"damage":33,"enemies":"downfall:Augmenter","floor":23,"turns":5},{"damage":6,"enemies":"Cultist and Chosen","floor":25,"turns":3},{"damage":27,"enemies":"Gremlin Leader","floor":26,"turns":4}],"seed_played":"-9070903199233054170","potions_obtained":[{"floor":2,"key":"Ancient Potion"},{"floor":5,"key":"CultistPotion"},{"floor":8,"key":"BloodPotion"},{"floor":10,"key":"Block Potion"},{"floor":16,"key":"ColorlessPotion"},{"floor":22,"key":"champ:CounterPotion"},{"floor":23,"key":"Block Potion"}],"is_trial":false,"path_per_floor":["R","M","M","M","M","M","T","M","?","M","R","M","?","$","M","B",null,"R","M","M","M","M","?","T","M","E"],"character_chosen":"IRONCLAD","items_purchased":["Ice Cream","bronze:DonusWashers"],"campfire_rested":0,"item_purchase_floors":[14,14],"current_hp_per_floor":[80,80,80,80,80,80,80,80,80,80,80,78,78,80,80,61,80,80,80,67,51,45,18,18,18,0,0],"gold":344,"neow_bonus":"","is_daily":true,"chose_seed":false,"campfire_upgraded":3,"win_rate":0.0,"timestamp":1612234025,"path_taken":["R","M","M","M","M","?","T","M","?","M","R","M","?","$","M","BOSS","R","M","M","M","M","?","T","M","E"],"items_purchased_type":["Relic","Relic"],"build_version":"2020-12-22","purchased_purges":0,"victory":false,"max_hp_per_floor":[80,80,80,80,80,80,80,80,80,80,80,80,80,80,80,80,80,80,80,80,80,80,80,80,80,80,80],"card_choices":[{"not_picked":["Power Through","Iron Wave"],"picked":"Carnage","floor":2},{"not_picked":["Combust","Sever Soul"],"picked":"Battle Trance","floor":3},{"not_picked":["Ghostly Armor","Armaments"],"picked":"Clothesline","floor":4},{"not_picked":["Reckless Charge","Perfected Strike"],"picked":"Pommel Strike","floor":5},{"not_picked":["Pommel Strike","Heavy Blade"],"picked":"Impervious","floor":6},{"not_picked":["Combust","Iron Wave"],"picked":"True Grit","floor":8},{"not_picked":["Flame Barrier","Shrug It Off"],"picked":"Shockwave","floor":10},{"not_picked":["Reckless Charge","Cleave","Wild Strike"],"picked":"SKIP","floor":12},{"not_picked":["Heavy Blade","Cleave"],"picked":"Disarm","floor":14},{"not_picked":["Reckless Charge","Rampage"],"picked":"Battle Trance","floor":15},{"not_picked":["Double Tap","Exhume"],"picked":"Fiend Fire","floor":16},{"not_picked":["Wild Strike+1","Body Slam+1"],"picked":"Sword Boomerang","floor":19},{"not_picked":["Havoc","Blood for Blood","Metallicize"],"picked":"SKIP","floor":20},{"not_picked":["Cleave","Battle Trance"],"picked":"Pummel","floor":21},{"not_picked":["Cleave","Limit Break"],"picked":"Bloodletting","floor":22},{"not_picked":[],"picked":"J.A.X.","floor":23},{"not_picked":["Hemokinesis+1","Searing Blow+1"],"picked":"True Grit","floor":23},{"not_picked":["Immolate","True Grit"],"picked":"Burning Pact","floor":25}],"player_experience":1353672,"relics_obtained":[{"floor":7,"key":"Paper Frog"},{"floor":23,"key":"MutagenicStrength"}],"event_choices":[],"is_beta":false,"boss_relics":[{"not_picked":["Snecko Eye","bronze:MakeshiftBattery"],"picked":"Black Star"}],"items_purged_floors":[],"is_endless":false,"potions_floor_spawned":[2,5,8,10,15,16,22,23],"killed_by":"Gremlin Leader","ascension_level":0}}