{"host":"q0qnzbgdx8oqogg9","time":1612240617,"event":{"mods":["BaseMod","Minty Spire (QoL Compilation)","StSLib"],"gold_per_floor":[18,34,51,63,76,109,109,136,136,136,146,146,163,177,177,276,326,346,346,362,379,207,207,222,222,222],"floor_reached":25,"language":"ENG","playtime":1064,"items_purged":["Strike_R"],"score":379,"play_id":"acf93804-c00a-4c44-9335-9c6bf92b797b","local_time":"20210201233657","is_ascension_mode":true,"campfire_choices":[{"floor":7,"key":"REST"},{"floor":10,"key":"REST"},{"floor":15,"key":"REST"},{"floor":23,"key":"REST"}],"circlet_count":0,"master_deck":["AscendersBane","Strike_R","Strike_R","Strike_R","Defend_R","Defend_R","Defend_R","Defend_R","Bash","Feed","Pommel Strike","Spot Weakness+1","Heavy Blade","Clothesline","Armaments","Disarm","Whirlwind","True Grit+1","Double Tap","Shrug It Off","Headbutt","Power Through","Good Instincts","Intimidate+1"],"relics":["Burning Blood","Red Skull","Juzu Bracelet","Oddly Smooth Stone","Tiny House"],"acts_visited":["Exordium","TheCity"],"potions_floor_usage":[6,8,13,20,21],"damage_taken":[{"damage":14,"enemies":"Small Slimes","floor":1,"turns":6},{"damage":6,"enemies":"2 Louse","floor":2,"turns":3},{"damage":11,"enemies":"Cultist","floor":3,"turns":4},{"damage":32,"enemies":"Exordium Thugs","floor":4,"turns":5},{"damage":16,"enemies":"3 Louse","floor":5,"turns":3},{"damage":24,"enemies":"Gremlin Nob","floor":6,"turns":4},{"damage":31,"enemies":"Lagavulin","floor":8,"turns":8},{"damage":4,"enemies":"2 Fungi Beasts","floor":11,"turns":4},{"damage":19,"enemies":"Exordium Thugs","floor":13,"turns":4},{"damage":9,"enemies":"Gremlin Gang","floor":14,"turns":3},{"damage":41,"enemies":"Slime Boss","floor":16,"turns":12},{"damage":41,"enemies":"Shell Parasite","floor":18,"turns":10},{"damage":22,"enemies":"Spheric Guardian","floor":20,"turns":5},{"damage":20,"enemies":"3 Cultists","floor":21,"turns":5},{"damage":66,"enemies":"Centurion and Healer","floor":24,"turns":11},{"damage":16,"enemies":"Sentry and Sphere","floor":25,"turns":5}],"seed_played":"-618675524601537354","potions_obtained":[{"floor":2,"key":"Block Potion"},{"floor":3,"key":"Swift Potion"},{"floor":8,"key":"Fire Potion"},{"floor":11,"key":"GamblersBrew"},{"floor":13,"key":"Block Potion"},{"floor":14,"key":"Explosive Potion"},{"floor":17,"key":"DuplicationPotion"},{"floor":21,"key":"Ancient Potion"},{"floor":24,"key":"FearPotion"}],"is_trial":false,"path_per_floor":["M","M","M","M","M","E","R","E","T","R","M","?","M","M","R","B",null,"M","?","M","M","$","R","M","M"],"character_chosen":"IRONCLAD","items_purchased":["Good Instincts"],"campfire_rested":4,"item_purchase_floors":[22],"current_hp_per_floor":[67,70,68,42,35,20,48,23,23,51,56,56,46,46,77,45,97,65,65,49,35,35,69,12,0,0],"gold":222,"neow_bonus":"THREE_RARE_CARDS","is_daily":false,"chose_seed":false,"campfire_upgraded":0,"win_rate":0.0,"timestamp":1612240617,"path_taken":["M","M","M","M","M","E","R","E","T","R","M","?","M","M","R","BOSS","M","?","M","M","$","R","M","M"],"items_purchased_type":["Card"],"build_version":"2020-12-22","purchased_purges":1,"victory":false,"max_hp_per_floor":[83,86,89,89,92,95,95,95,95,95,98,98,101,104,104,107,112,115,115,115,115,115,115,118,121,121],"card_choices":[{"not_picked":["Impervious","Corruption"],"picked":"Feed","floor":0},{"not_picked":["Flex","Flame Barrier"],"picked":"Pommel Strike","floor":1},{"not_picked":["Warcry","Perfected Strike","Rage"],"picked":"SKIP","floor":2},{"not_picked":["Heavy Blade","Intimidate"],"picked":"Spot Weakness","floor":3},{"not_picked":["Uppercut","Seeing Red"],"picked":"Heavy Blade","floor":4},{"not_picked":["Dark Embrace","Reckless Charge"],"picked":"Clothesline","floor":5},{"not_picked":["Sever Soul","Havoc"],"picked":"Armaments","floor":6},{"not_picked":["Shockwave","Havoc"],"picked":"Disarm","floor":8},{"not_picked":["Sword Boomerang","Hemokinesis","Body Slam"],"picked":"SKIP","floor":11},{"not_picked":["Pommel Strike","Havoc"],"picked":"Whirlwind","floor":13},{"not_picked":["Twin Strike","Berserk"],"picked":"True Grit","floor":14},{"not_picked":["Feed","Exhume"],"picked":"Double Tap","floor":16},{"not_picked":["Fire Breathing+1","Havoc+1","Cleave"],"picked":"SKIP","floor":18},{"not_picked":["Whirlwind","Anger"],"picked":"Headbutt","floor":20},{"not_picked":["Warcry","Dual Wield"],"picked":"Power Through","floor":21},{"not_picked":["Flex","Sword Boomerang+1"],"picked":"Intimidate+1","floor":24}],"player_experience":331655,"relics_obtained":[{"floor":6,"key":"Red Skull"},{"floor":8,"key":"Juzu Bracelet"},{"floor":9,"key":"Oddly Smooth Stone"}],"event_choices":[{"damage_healed":0,"gold_gain":0,"player_choice":"Grow","damage_taken":0,"max_hp_gain":0,"max_hp_loss":0,"event_name":"Living Wall","floor":12,"gold_loss":0,"cards_upgraded":["Spot Weakness"]},{"damage_healed":0,"gold_gain":0,"cards_transformed":["Strike_R"],"player_choice":"Transformed","damage_taken":0,"max_hp_gain":0,"max_hp_loss":0,"event_name":"Transmorgrifier","floor":19,"gold_loss":0,"cards_obtained":["Shrug It Off"]}],"is_beta":false,"boss_relics":[{"not_picked":["SacredBark","SlaversCollar"],"picked":"Tiny House"}],"items_purged_floors":[22],"is_endless":false,"potions_floor_spawned":[2,3,8,11,13,14,21,24],"killed_by":"Sentry and Sphere","ascension_level":10}}