{"host":"8a72fthmlk1o8pdb","time":1612300560,"event":{"mods":["AchievementEnabler","Aspiration","Astrologer","Bard","BaseMod","Beaked The Cultist","Better Sensory Stone","Better Skull","Better Third Choice","ChefMod","Colored Map","Colored Powertips","Dark Map","Downfall","Evolution","Friendly Minions","GifTheSpireLib","Googly Eyes","Gremlin Mod","Hermit","JesterMod","Jorbs\u0027s Wanderer Trilogy","Marisa????????","Minty Spire (QoL Compilation)","Permanent Neow","Random Character Button","Rare Cards Sparkle","Relic Stats","Reliquary","Robot Space Explorer","Shade Mod","Shop Mod","Somnambulant","StSLib","The Alterego","The Animator","The Blue Laboratory","The Construct","The Cursed","The Disciple","The Hayseed","The Hierophant","The Marked","The Necromancer","The Poker Player","The Problem Sleuth","The Runesmith","thorton"],"gold_per_floor":[117,117,133,148,226,253,253,286,365,365,383,397,414,38,38,133,133,133],"floor_reached":17,"language":"ENG","playtime":1187,"items_purged":["chefmod:Strike"],"score":167,"play_id":"3d6ebae3-3517-48aa-bf60-63d7d79d20c8","local_time":"20210202131600","is_ascension_mode":false,"campfire_choices":[{"floor":7,"key":"REST"},{"floor":10,"key":"REST"},{"floor":15,"key":"REST"}],"circlet_count":0,"master_deck":["chefmod:Strike","chefmod:Strike","chefmod:Strike","chefmod:QuickThaw","chefmod:Defend","chefmod:Defend","chefmod:Defend","chefmod:Defend","chefmod:TodaysSpecial","chefmod:CuttingBoard","chefmod:FryPan","chefmod:ColdSteel","chefmod:OldCookbook","chefmod:Fillet","chefmod:FryPan","chefmod:NoSoupForYou","chefmod:Chop","chefmod:RaidPantry","stsjorbsmod:Frostbite","stsjorbsmod:DemonicCoup"],"relics":["chefmod:TrustyPot","EVO:Axolotl","aspiration:Nostalgia","stsjorbsmod:BookOfTrialsRelic","Potion Belt","reliquary:TuningFork","Kunai","Unceasing Top","aspiration:RunesmithSkillbook"],"acts_visited":["Exordium","TheCity"],"potions_floor_usage":[6,16],"damage_taken":[{"damage":0,"enemies":"2 Louse","floor":1,"turns":3},{"damage":0,"enemies":"Small Slimes","floor":3,"turns":3},{"damage":6,"enemies":"Cultist","floor":4,"turns":4},{"damage":31,"enemies":"3 Sentries","floor":6,"turns":10},{"damage":23,"enemies":"Gremlin Nob","floor":8,"turns":5},{"damage":7,"enemies":"Blue Slaver","floor":11,"turns":3},{"damage":0,"enemies":"2 Fungi Beasts","floor":12,"turns":4},{"damage":4,"enemies":"Large Slime","floor":13,"turns":5},{"damage":52,"enemies":"Hexaghost","floor":16,"turns":12}],"seed_played":"258694575037990246","potions_obtained":[{"floor":1,"key":"LiquidMemories"},{"floor":8,"key":"BlessingOfTheForge"},{"floor":11,"key":"blueLaboratory:BottleOfRum"},{"floor":13,"key":"blueLaboratory:FruitPunch"},{"floor":16,"key":"blueLaboratory:Moonshine"}],"is_trial":false,"path_per_floor":["M","?","M","M","?","E","R","E","T","R","M","M","M","$","R","B",null],"character_chosen":"THE_CHEF","items_purchased":["Unceasing Top"],"campfire_rested":3,"item_purchase_floors":[14],"current_hp_per_floor":[76,76,76,70,70,39,61,38,38,60,53,53,49,49,71,21,78,78],"gold":133,"neow_bonus":"NOSTALGIA","is_daily":false,"chose_seed":false,"campfire_upgraded":0,"win_rate":0.0,"timestamp":1612300560,"path_taken":["M","?","M","M","?","E","R","E","T","R","M","M","M","$","R","BOSS"],"items_purchased_type":["Relic"],"build_version":"2020-12-22","purchased_purges":1,"victory":false,"max_hp_per_floor":[76,76,76,76,76,76,76,76,76,76,76,76,76,76,76,78,78,78],"relic_stats":{"counters":[9,49],"Kunai":[10],"obtain_stats":[{"Potion Belt":6,"chefmod:TrustyPot":0,"aspiration:Nostalgia":0,"stsjorbsmod:BookOfTrialsRelic":0,"aspiration:RunesmithSkillbook":17,"reliquary:TuningFork":8,"EVO:Axolotl":0,"Kunai":9,"Unceasing Top":14},{"Potion Belt":4,"chefmod:TrustyPot":0,"aspiration:Nostalgia":0,"stsjorbsmod:BookOfTrialsRelic":0,"aspiration:RunesmithSkillbook":9,"reliquary:TuningFork":5,"EVO:Axolotl":0,"Kunai":5,"Unceasing Top":8},{"Potion Belt":20,"chefmod:TrustyPot":0,"aspiration:Nostalgia":0,"stsjorbsmod:BookOfTrialsRelic":0,"aspiration:RunesmithSkillbook":49,"reliquary:TuningFork":25,"EVO:Axolotl":0,"Kunai":25,"Unceasing Top":37}],"Unceasing Top":[1]},"card_choices":[{"not_picked":["chefmod:IcePick","chefmod:FireUp"],"picked":"chefmod:CuttingBoard","floor":1},{"not_picked":["chefmod:IcePick","chefmod:RaidPantry"],"picked":"chefmod:FryPan","floor":3},{"not_picked":["chefmod:IcePick","chefmod:Gelato"],"picked":"chefmod:ColdSteel","floor":4},{"not_picked":["chefmod:FiveAlarmChili","chefmod:ZaruSoba"],"picked":"chefmod:OldCookbook","floor":6},{"not_picked":["chefmod:NewMenu","chefmod:Omelette"],"picked":"chefmod:Fillet","floor":8},{"not_picked":["chefmod:ZaruSoba","chefmod:Granita"],"picked":"chefmod:FryPan","floor":11},{"not_picked":["chefmod:Fillet","chefmod:Defrost"],"picked":"chefmod:NoSoupForYou","floor":12},{"not_picked":["chefmod:SearedScallops","chefmod:FreezerBurn"],"picked":"chefmod:Chop","floor":13},{"not_picked":["chefmod:BananaSplit","chefmod:CandyBowl"],"picked":"chefmod:RaidPantry","floor":16}],"player_experience":105518,"relics_obtained":[{"floor":6,"key":"Potion Belt"},{"floor":8,"key":"reliquary:TuningFork"},{"floor":9,"key":"Kunai"}],"event_choices":[{"damage_healed":0,"gold_gain":0,"player_choice":"Leave","damage_taken":0,"max_hp_gain":0,"max_hp_loss":0,"event_name":"The Cleric","floor":2,"gold_loss":0},{"damage_healed":0,"gold_gain":78,"player_choice":"Gained Gold","damage_taken":0,"max_hp_gain":0,"max_hp_loss":0,"event_name":"Golden Wing","floor":5,"gold_loss":0}],"is_beta":false,"boss_relics":[{"not_picked":["thethorton:GreedFountain","reliquary:Craggleroot"],"picked":"aspiration:RunesmithSkillbook"}],"items_purged_floors":[14],"is_endless":false,"potions_floor_spawned":[1,8,11,13,16],"ascension_level":0}}