{"host":"k7udt7atmcuzf6l0","time":1612232979,"event":{"mods":["AchievementEnabler","BaseMod","BetterRewards","Colored Map","Colored Powertips","Highlight Path","Minty Spire (QoL Compilation)","Quick Restart","Rare Cards Sparkle","Relic Stats","StSLib","UnlockEverythingMod"],"gold_per_floor":[210,210,210,223,37,68,68,106,133,133,308,323,323,336,336,336,336],"floor_reached":16,"language":"ZHS","playtime":407,"items_purged":[],"score":108,"play_id":"a1808201-a93d-4ea2-bfe1-e89cbb20156d","local_time":"20210202102939","is_ascension_mode":false,"campfire_choices":[{"data":"Searing Blow","floor":7,"key":"SMITH"},{"data":"Flex","floor":13,"key":"SMITH"},{"data":"Discovery","floor":15,"key":"SMITH"}],"circlet_count":0,"master_deck":["Strike_R","Strike_R","Strike_R","Strike_R","Strike_R","Defend_R+1","Defend_R","Defend_R+1","Bash","Sword Boomerang","Headbutt","Flex+1","Searing Blow+1","Discovery+1","Sever Soul"],"relics":["Burning Blood","Golden Idol","Omamori","Lizard Tail","Bag of Preparation","War Paint"],"acts_visited":["Exordium"],"potions_floor_usage":[16,16],"damage_taken":[{"damage":6,"enemies":"Jaw Worm","floor":1,"turns":3},{"damage":6,"enemies":"2 Louse","floor":4,"turns":2},{"damage":8,"enemies":"Gremlin Nob","floor":6,"turns":3},{"damage":44,"enemies":"3 Sentries","floor":8,"turns":8},{"damage":7,"enemies":"Small Slimes","floor":12,"turns":3},{"damage":12,"enemies":"Blue Slaver","floor":14,"turns":2},{"damage":40,"enemies":"Slime Boss","floor":16,"turns":7}],"seed_played":"-6371143962519567805","potions_obtained":[{"floor":12,"key":"Fire Potion"},{"floor":14,"key":"PowerPotion"}],"is_trial":false,"path_per_floor":["M","?","?","M","$","E","R","E","T","?","?","M","R","M","R","B"],"character_chosen":"IRONCLAD","items_purchased":["Flex","Searing Blow","Discovery"],"campfire_rested":0,"item_purchase_floors":[5,5,5],"current_hp_per_floor":[80,60,53,53,53,51,51,13,13,40,40,39,39,33,33,0,0],"gold":336,"neow_bonus":"HUNDRED_GOLD","is_daily":false,"chose_seed":false,"campfire_upgraded":3,"win_rate":0.0,"timestamp":1612232979,"path_taken":["M","?","?","M","?","E","R","E","T","?","?","M","R","M","R","BOSS"],"items_purchased_type":["Card","Card","Card"],"build_version":"2020-12-22","purchased_purges":0,"victory":false,"max_hp_per_floor":[80,80,80,80,80,80,80,80,80,80,80,80,80,80,80,80,80],"relic_stats":{"Lizard Tail":40,"counters":[7,28],"Golden Idol":23,"Bag of Preparation":[6],"War Paint":["Defend_R","Defend_R"],"obtain_stats":[{"Lizard Tail":8,"Golden Idol":2,"Omamori":6,"Bag of Preparation":9,"War Paint":10,"Burning Blood":0},{"Lizard Tail":4,"Golden Idol":1,"Omamori":3,"Bag of Preparation":4,"War Paint":4,"Burning Blood":0},{"Lizard Tail":16,"Golden Idol":3,"Omamori":8,"Bag of Preparation":16,"War Paint":16,"Burning Blood":0}],"Burning Blood":36},"card_choices":[{"not_picked":["Havoc","Battle Trance"],"picked":"Sword Boomerang","floor":1},{"not_picked":["Twin Strike","Havoc"],"picked":"Headbutt","floor":4},{"not_picked":["Shrug It Off","Searing Blow"],"picked":"Sever Soul","floor":6},{"not_picked":["Twin Strike","Flex","Cleave"],"picked":"SKIP","floor":8},{"not_picked":["Dark Embrace","Iron Wave","Headbutt"],"picked":"SKIP","floor":12},{"not_picked":["Demon Form","Pommel Strike","Warcry"],"picked":"SKIP","floor":14}],"player_experience":30749,"relics_obtained":[{"floor":6,"key":"Omamori"},{"floor":8,"key":"Lizard Tail"},{"floor":9,"key":"Bag of Preparation"}],"event_choices":[{"damage_healed":0,"gold_gain":0,"player_choice":"Take Damage","damage_taken":20,"relics_obtained":["Golden Idol"],"max_hp_gain":0,"max_hp_loss":0,"event_name":"Golden Idol","floor":2,"gold_loss":0},{"cards_removed":["Defend_R"],"damage_healed":0,"gold_gain":0,"player_choice":"Card Removal","damage_taken":7,"max_hp_gain":0,"max_hp_loss":0,"event_name":"Golden Wing","floor":3,"gold_loss":0},{"damage_healed":0,"gold_gain":0,"player_choice":"Success","damage_taken":18,"relics_obtained":["War Paint"],"max_hp_gain":0,"max_hp_loss":0,"event_name":"Scrap Ooze","floor":10,"gold_loss":0},{"damage_healed":0,"gold_gain":175,"player_choice":"AGREE","damage_taken":0,"max_hp_gain":0,"max_hp_loss":0,"event_name":"Liars Game","floor":11,"gold_loss":0,"cards_obtained":["Doubt"]}],"is_beta":false,"boss_relics":[],"items_purged_floors":[],"is_endless":false,"potions_floor_spawned":[12,14],"killed_by":"Slime Boss","ascension_level":0}}