{"host":"vqgrg90fv56geajp","time":1612258744,"event":{"mods":["BaseMod","Colored Map","Colored Powertips","Minty Spire (QoL Compilation)","Quick Restart","Rare Cards Sparkle","Relic Stats"],"gold_per_floor":[112,126,144,161,86,86,86,86],"floor_reached":7,"language":"ENG","playtime":350,"items_purged":[],"score":86,"play_id":"44b006d3-5a95-4f81-885f-0b687ee2eae4","local_time":"20210202113904","is_ascension_mode":true,"campfire_choices":[{"floor":6,"key":"REST"}],"circlet_count":0,"master_deck":["AscendersBane","Strike_G","Strike_G","Strike_G","Strike_G","Strike_G","Defend_G","Defend_G","Defend_G","Defend_G","Defend_G","Survivor","Neutralize","Calculated Gamble","Deflect","Dagger Throw","Riddle With Holes","All Out Attack"],"relics":["Runic Pyramid"],"acts_visited":["Exordium"],"potions_floor_usage":[7,7],"damage_taken":[{"damage":7,"enemies":"Cultist","floor":1,"turns":4},{"damage":8,"enemies":"Small Slimes","floor":2,"turns":4},{"damage":1,"enemies":"2 Louse","floor":3,"turns":4},{"damage":8,"enemies":"Looter","floor":4,"turns":4},{"damage":57,"enemies":"Lagavulin","floor":7,"turns":10}],"seed_played":"-9193200959010646472","potions_obtained":[{"floor":2,"key":"Fire Potion"},{"floor":3,"key":"LiquidBronze"}],"is_trial":false,"path_per_floor":["M","M","M","M","$","R","E"],"character_chosen":"THE_SILENT","items_purchased":["All Out Attack"],"campfire_rested":1,"item_purchase_floors":[5],"current_hp_per_floor":[52,44,43,35,35,54,0,0],"gold":86,"neow_bonus":"BOSS_RELIC","is_daily":false,"chose_seed":false,"campfire_upgraded":0,"win_rate":0.0,"timestamp":1612258744,"path_taken":["M","M","M","?","$","R","E"],"items_purchased_type":["Card"],"build_version":"2020-12-22","purchased_purges":0,"victory":false,"max_hp_per_floor":[66,66,66,66,66,66,66,66],"relic_stats":{"counters":[5,26],"obtain_stats":[{"Ring of the Snake":0,"Runic Pyramid":0},{"Ring of the Snake":0,"Runic Pyramid":0},{"Ring of the Snake":0,"Runic Pyramid":0}]},"card_choices":[{"not_picked":["Backflip","Acrobatics"],"picked":"Calculated Gamble","floor":1},{"not_picked":["Poisoned Stab","Prepared"],"picked":"Deflect","floor":2},{"not_picked":["Backflip","Blade Dance"],"picked":"Dagger Throw","floor":3},{"not_picked":["Infinite Blades","Poisoned Stab"],"picked":"Riddle With Holes","floor":4}],"player_experience":2540186,"relics_obtained":[],"event_choices":[],"is_beta":false,"boss_relics":[],"items_purged_floors":[],"is_endless":false,"potions_floor_spawned":[2,3],"killed_by":"Lagavulin","ascension_level":20}}