{"host":"yzy3lyltrgq1sam1","time":1612250439,"event":{"mods":["Act Like it!","BaseMod","CapriCore","Downfall","Gensokyo","Koishi","KomeijiMod","Marisa£®ÏF”Í°°ƒß¿Ì…≥£©","Minty Spire (QoL Compilation)","Quick Restart","Reimu£®≤©¿ˆ¡È√Œ£©","Reliquary","Remilia£®¿Ÿ√◊¿Ú—«£©","StSLib","The Administrix","The Alterego","The Immortal","WarShipGirlsR/’ΩΩ¢…Ÿ≈ÆR mod","Youmu£®ªÍ∆«—˝√Œ£©","°æ“≈ŒÔø®≈∆°øREMEMod"],"gold_per_floor":[99,110,124,34,49,78,160,188,188,207,250,250,250,289,308,308,308],"floor_reached":16,"language":"ZHS","playtime":1130,"items_purged":["Strike_MRS"],"score":171,"play_id":"0730d4a6-8e9a-443a-b801-31aa7c777b1c","local_time":"20210202152039","is_ascension_mode":true,"campfire_choices":[{"data":"MasterSpark","floor":1.0,"key":"SMITH"},{"floor":9.0,"key":"REST"},{"data":"WitchOfGreed","floor":13,"key":"SMITH"}],"circlet_count":0,"master_deck":["Strike_MRS","Strike_MRS","Strike_MRS","Defend_MRS","Defend_MRS","Defend_MRS","Defend_MRS","MasterSpark+1","UpSweep","Slimebound:TagTeam","ChargeUpSpray","MilkyWay","DoubleSpark","WitchOfGreed+1","OneTimeOff+1","AsteroidBelt+1"],"relics":["MiniHakkero","REME_ComplimentaryCards","reliquary:TatteredRug","Singing Bowl","Toxic Egg 2","Oddly Smooth Stone"],"acts_visited":["Exordium"],"potions_floor_usage":[11,14,16,16],"damage_taken":[{"damage":1.0,"enemies":"Jaw Worm","floor":2.0,"turns":2.0},{"damage":0.0,"enemies":"Cultist","floor":3.0,"turns":3.0},{"damage":5.0,"enemies":"downfall:FleeingMerchant","floor":4.0,"turns":4.0},{"damage":7.0,"enemies":"Small Slimes","floor":5.0,"turns":3.0},{"damage":12.0,"enemies":"Gremlin Nob","floor":6.0,"turns":3.0},{"damage":24.0,"enemies":"Lagavulin","floor":8.0,"turns":4.0},{"damage":22.0,"enemies":"Exordium Thugs","floor":10.0,"turns":4.0},{"damage":25,"enemies":"3 Sentries","floor":11,"turns":5},{"damage":7,"enemies":"2 Fungi Beasts","floor":14,"turns":4},{"damage":14,"enemies":"3 Louse","floor":15,"turns":3},{"damage":22,"enemies":"DF_ARCHETYPE_STREAMLINE","floor":16,"turns":14}],"seed_played":"-1445233749029363389","potions_obtained":[{"floor":2.0,"key":"BlessingOfTheForge"},{"floor":6.0,"key":"bronze:BurnAndBuffPotion"},{"floor":10.0,"key":"JyouchiReiPotion"},{"floor":11,"key":"Fire Potion"},{"floor":11,"key":"Fire Potion"},{"floor":12,"key":"FairyPotion"},{"floor":12,"key":"EssenceOfSteel"},{"floor":14,"key":"REME_GoldPotion"},{"floor":14,"key":"DistilledChaos"}],"is_trial":false,"path_per_floor":["R","M","M","$","M","E","T","E","R","M","E","?","R","M","M","B"],"character_chosen":"MARISA","items_purchased":[],"campfire_rested":1,"item_purchase_floors":[],"current_hp_per_floor":[75,74,74,69,62,50,50,28,53,31,8,8,8,1,17,0,0],"gold":308,"neow_bonus":"TEN_PERCENT_HP_BONUS","is_daily":false,"chose_seed":false,"campfire_upgraded":2,"win_rate":0.0,"timestamp":1612250439,"path_taken":["R","M","M","$","M","E","T","E","R","M","E","?","R","?","M","BOSS"],"items_purchased_type":[],"build_version":"2020-12-22","purchased_purges":1,"victory":false,"max_hp_per_floor":[82,82,82,82,82,82,82,84,84,84,86,86,86,86,86,86,86],"card_choices":[{"not_picked":["DC","GalacticHalo"],"picked":"ChargeUpSpray","floor":2.0},{"not_picked":["ManaConvection","LuminesStrike"],"picked":"MilkyWay","floor":3.0},{"not_picked":["BlazingStar","DC"],"picked":"DoubleSpark","floor":4.0},{"not_picked":["MagicChant","IllusionStar","ChargingUp"],"picked":"SKIP","floor":5.0},{"not_picked":["MeteoricShower","EventHorizon","Acceleration"],"picked":"SKIP","floor":6.0},{"not_picked":["DoubleSpark","ShootingEcho","DC"],"picked":"Singing Bowl","floor":8.0},{"not_picked":["GravityBeat","MysteriousBeam"],"picked":"WitchOfGreed","floor":10.0},{"not_picked":["MachineGunSpark","Acceleration+1","Singularity"],"picked":"Singing Bowl","floor":11},{"not_picked":["WitchLeyline","IllusionStar+1"],"picked":"OneTimeOff+1","floor":14},{"not_picked":["CasketOfStar","ShootingEcho"],"picked":"AsteroidBelt+1","floor":15}],"player_experience":914597,"relics_obtained":[{"floor":6.0,"key":"reliquary:TatteredRug"},{"floor":7.0,"key":"Singing Bowl"},{"floor":8.0,"key":"Toxic Egg 2"},{"floor":11,"key":"Oddly Smooth Stone"}],"event_choices":[{"damage_healed":0,"gold_gain":0,"player_choice":"Got Potions","damage_taken":0,"max_hp_gain":0,"max_hp_loss":0,"event_name":"Lab","floor":12,"gold_loss":0}],"is_beta":false,"boss_relics":[],"items_purged_floors":[4],"is_endless":false,"potions_floor_spawned":[2,6,10,11,14],"killed_by":"DF_ARCHETYPE_STREAMLINE","ascension_level":8}}