{"host":"Tonhão","time":1612225885,"event":{"mods":["Aspiration","BaseMod","Conspire","Downfall","Friendly Minions","Halation","Hermit","Highlight Path","Hubris","Infinite Spire","Jedi Mod","Minty Spire (QoL Compilation)","Relic Sorter","Replay The Spire","Spicy Shops","StSLib","The Animator","The Construct","The Cursed","The Jester","The Senshi","The Servant 0.9.4"],"gold_per_floor":[99,115,115,130,130,130,178,178,195,195,28,42,42,27,44,149,149,149,149,59,71,71,71,71,104,123,123,106,106,117,131,146,146,146,146],"floor_reached":33,"language":"ENG","playtime":2167,"items_purged":["bronze:CutThrough","bronze:Strike"],"score":305,"play_id":"272aca54-46a4-4753-8a31-2f9e2106e5ad","local_time":"20210201213125","is_ascension_mode":false,"campfire_choices":[{"data":"bronze:BugBarrage","floor":6,"key":"SMITH"},{"data":"bronze:OilSpill","floor":8,"key":"SMITH"},{"data":"bronze:Return","floor":10,"key":"SMITH"},{"floor":13,"key":"REST"},{"data":"bronze:BugBarrage","floor":18,"key":"SMITH"},{"floor":23,"key":"REST"},{"floor":27,"key":"REST"},{"floor":29,"key":"REST"}],"circlet_count":0,"master_deck":["bronze:Strike","bronze:Strike","bronze:Strike","bronze:Defend","bronze:Defend","bronze:Defend","bronze:Defend","bronze:Goto","bronze:BugBarrage+1","bronze:OilSpill+1","bronze:Return+1","bronze:Repulsor","bronze:BugBarrage+1","bronze:Allocate","bronze:BugBarrage","bronze:HyperBeam","bronze:BuggyMess","bronze:Repulsor+1","bronze:Turbo","ReplayTheSpireMod:Necrogeddon","bronze:ItsAFeature"],"relics":["bronze:MakeshiftBattery","hubris:Towel","jedi:arcanewood","halation:PinkAlligatorPlush","Replay:Ringing Soul","Strawberry","PreservedInsect"],"acts_visited":["Exordium","TheCity"],"potions_floor_usage":[11,16,16,25,28,31,33],"damage_taken":[{"damage":3,"enemies":"2 Louse","floor":2,"turns":3},{"damage":1,"enemies":"Jaw Worm","floor":4,"turns":5},{"damage":0,"enemies":"Cultist","floor":9,"turns":2},{"damage":5,"enemies":"downfall:FleeingMerchant","floor":11,"turns":4},{"damage":21,"enemies":"Lots of Slimes","floor":12,"turns":3},{"damage":5,"enemies":"downfall:FleeingMerchant","floor":14,"turns":4},{"damage":0,"enemies":"3 Louse","floor":15,"turns":2},{"damage":43,"enemies":"SI_SHIV_ARCHETYPE","floor":16,"turns":8},{"damage":28,"enemies":"downfall:FleeingMerchant","floor":20,"turns":4},{"damage":16,"enemies":"Chosen","floor":21,"turns":3},{"damage":10,"enemies":"Gremlin Leader","floor":25,"turns":5},{"damage":11,"enemies":"Snecko","floor":26,"turns":3},{"damage":4,"enemies":"downfall:FleeingMerchant","floor":28,"turns":2},{"damage":14,"enemies":"3 Cultists","floor":30,"turns":3},{"damage":11,"enemies":"Sentry and Sphere","floor":31,"turns":3},{"damage":37,"enemies":"conspire:HollyBat","floor":32,"turns":6},{"damage":88,"enemies":"DF_ARCHETYPE_CLAW","floor":33,"turns":6}],"seed_played":"6395708048232689816","potions_obtained":[{"floor":9,"key":"AttackPotion"},{"floor":12,"key":"SkillPotion"},{"floor":15,"key":"AttackPotion"},{"floor":21,"key":"Swift Potion"},{"floor":26,"key":"FearPotion"},{"floor":30,"key":"AttackPotion"},{"floor":32,"key":"construct:ShiftPotion"}],"is_trial":false,"path_per_floor":["R","M","?","M","?","R","T","R","M","R","$","M","R","$","M","B",null,"R","?","$","M","?","R","T","E","M","R","$","R","M","M","M","B"],"character_chosen":"THE_AUTOMATON","items_purchased":["bronze:Repulsor","bronze:BugBarrage","PreservedInsect","ReplayTheSpireMod:Necrogeddon"],"campfire_rested":4,"item_purchase_floors":[11,11,28,28],"current_hp_per_floor":[70,67,67,66,70,70,70,70,70,70,65,44,65,60,60,17,70,70,70,42,26,5,26,26,26,15,39,38,62,48,37,86,0,0,0],"gold":146,"neow_bonus":"BOSS_RELIC","is_daily":false,"chose_seed":false,"campfire_upgraded":4,"win_rate":0.0,"timestamp":1612225885,"path_taken":["R","M","?","M","?","R","T","R","M","R","$","M","R","$","M","BOSS","R","?","?","?","?","R","T","E","M","R","$","?","?","M","M","BOSS"],"items_purchased_type":["Card","Card","Relic","Card"],"build_version":"2020-11-17","purchased_purges":2,"victory":false,"max_hp_per_floor":[70,70,70,70,70,70,70,70,70,70,70,70,70,70,70,70,70,70,70,70,70,70,70,70,80,80,80,83,83,83,83,86,86,86,86],"card_choices":[{"not_picked":["bronze:CloningBeam","bronze:ForLoop"],"picked":"bronze:BugBarrage","floor":2},{"not_picked":["bronze:FineTuning","bronze:Separator"],"picked":"bronze:OilSpill","floor":4},{"not_picked":["bronze:BitShift","bronze:Separator"],"picked":"bronze:Return","floor":9},{"not_picked":["bronze:ThunderWave","bronze:DelayedSlice","bronze:Optimize"],"picked":"SKIP","floor":11},{"not_picked":["bronze:FineTuning","bronze:BronzeArmor","bronze:Deprecate"],"picked":"SKIP","floor":12},{"not_picked":["bronze:Shell","bronze:CloningBeam"],"picked":"bronze:Allocate","floor":14},{"not_picked":["bronze:ChildClass","bronze:CutThrough"],"picked":"bronze:BugBarrage","floor":15},{"not_picked":["bronze:RecursiveStrike","bronze:ThunderWave"],"picked":"bronze:HyperBeam","floor":16},{"not_picked":["bronze:Safeguard","bronze:Optimize"],"picked":"bronze:BuggyMess","floor":20},{"not_picked":["bronze:FineTuning","bronze:DelayedGuard"],"picked":"bronze:Repulsor+1","floor":21},{"not_picked":["bronze:Shield","bronze:CutThrough"],"picked":"bronze:Turbo","floor":25},{"not_picked":["bronze:ForceShield","bronze:Overheat","bronze:Terminator"],"picked":"SKIP","floor":26},{"not_picked":["bronze:Frontload+1","bronze:Virus","bronze:Refactor"],"picked":"SKIP","floor":28},{"not_picked":["bronze:Iterate","bronze:Invalidate","bronze:Frontload"],"picked":"SKIP","floor":30},{"not_picked":["bronze:BugBarrage","bronze:Overload+1","bronze:WhirlingStrike+1"],"picked":"SKIP","floor":31},{"not_picked":["bronze:BronzeArmor","bronze:BitShift"],"picked":"bronze:ItsAFeature","floor":32}],"player_experience":131989,"relics_obtained":[{"floor":7,"key":"jedi:arcanewood"},{"floor":24,"key":"Replay:Ringing Soul"},{"floor":25,"key":"Strawberry"}],"event_choices":[{"damage_healed":0,"gold_gain":0,"player_choice":"Ignored","damage_taken":0,"max_hp_gain":0,"max_hp_loss":0,"event_name":"Vampires","floor":19,"gold_loss":0}],"is_beta":true,"boss_relics":[{"not_picked":["hubris:TerracottaHorce","Replay:Grab Bag"],"picked":"halation:PinkAlligatorPlush"}],"items_purged_floors":[20,28],"is_endless":false,"potions_floor_spawned":[9,12,15,21,26,30,32],"killed_by":"DF_ARCHETYPE_CLAW","ascension_level":0}}