{"host":"9kesdg97wkrx2bva","time":1612250196,"event":{"mods":["AchievementEnabler","BaseMod","Colored Map","GifTheSpireLib","Infinite Spire","Minty Spire (QoL Compilation)","Replay The Spire","StSLib"],"gold_per_floor":[116,266,54,72,72,72,100,113,190,190,221,237,202,222,222,301,301,318,131,131,131,131,148,148,148,148],"floor_reached":25,"language":"ENG","playtime":710,"items_purged":["Doubt","Strike_G","Strike_G"],"score":376,"play_id":"24e520d1-7bb1-42e3-ae0a-219da97c3802","local_time":"20210202011636","is_ascension_mode":true,"campfire_choices":[{"data":"Deadly Poison","floor":6,"key":"SMITH"},{"floor":10,"key":"REST"},{"data":"Tools of the Trade","floor":15,"key":"SMITH"}],"circlet_count":0,"master_deck":["AscendersBane","Strike_G","Strike_G","Strike_G","Defend_G","Defend_G","Defend_G","Defend_G","Defend_G","Survivor","Neutralize","Tools of the Trade+1","Dagger Spray","Deadly Poison+1","Footwork","Bane","Poisoned Stab","Underhanded Strike","Infinite Blades","Adrenaline","Caltrops","ReplayTheSpireMod:Scrap Shanks","infinitespire:Collect","Accuracy"],"relics":["Ring of the Snake","PreservedInsect","infinitespire:Eraser","infinitespire:Bottled Soul","Philosopher\u0027s Stone","Art of War"],"acts_visited":["Exordium","TheCity"],"potions_floor_usage":[7,11,12,23],"damage_taken":[{"damage":1,"enemies":"Small Slimes","floor":1,"turns":7},{"damage":2,"enemies":"Jaw Worm","floor":4,"turns":6},{"damage":33,"enemies":"Gremlin Nob","floor":7,"turns":5},{"damage":2,"enemies":"2 Louse","floor":8,"turns":2},{"damage":6,"enemies":"Lagavulin","floor":11,"turns":5},{"damage":31,"enemies":"Large Slime","floor":12,"turns":5},{"damage":6,"enemies":"2 Fungi Beasts","floor":14,"turns":4},{"damage":22,"enemies":"Fading Forest","floor":16,"turns":11},{"damage":28,"enemies":"Chosen","floor":18,"turns":5},{"damage":17,"enemies":"2 Thieves","floor":23,"turns":4},{"damage":19,"enemies":"Chosen and Byrds","floor":25,"turns":1}],"seed_played":"-2894200191168639447","potions_obtained":[{"floor":1,"key":"Adrenaline Potion"},{"floor":7,"key":"Weak Potion"},{"floor":11,"key":"Regen Potion"},{"floor":18,"key":"LifebloodPotion"}],"is_trial":false,"path_per_floor":["M","?","$","M","?","R","E","M","T","R","E","M","?","M","R_BF","B",null,"M","$","?","?","AVR","M","?","M"],"character_chosen":"THE_SILENT","items_purchased":["Deadly Poison","Footwork","ReplayTheSpireMod:Scrap Shanks"],"campfire_rested":1,"item_purchase_floors":[3,3,19],"current_hp_per_floor":[58,58,58,56,61,61,28,26,26,47,41,24,41,35,35,21,59,31,31,31,31,31,14,14,0,0],"gold":148,"neow_bonus":"ONE_RANDOM_RARE_CARD","is_daily":false,"chose_seed":false,"campfire_upgraded":2,"win_rate":0.0,"timestamp":1612250196,"path_taken":["M","?","$","M","?","R","E","M","T","R","E","M","?","M","R_BF","BOSS","M","$","?","?","AVR","M","?","M"],"items_purchased_type":["Card","Card","Card"],"build_version":"2020-12-22","purchased_purges":3,"victory":false,"max_hp_per_floor":[66,66,66,66,71,71,71,71,71,71,71,71,71,71,71,71,71,71,71,71,71,71,71,71,71,71],"card_choices":[{"not_picked":["Acrobatics","PiercingWail"],"picked":"Dagger Spray","floor":1},{"not_picked":["Hidden Blade","PiercingWail","Dagger Spray"],"picked":"SKIP","floor":4},{"not_picked":["Malaise","Dodge and Roll"],"picked":"Bane","floor":7},{"not_picked":["Hidden Blade","Dagger Spray"],"picked":"Poisoned Stab","floor":8},{"not_picked":["Acrobatics","Draining Mist"],"picked":"Underhanded Strike","floor":11},{"not_picked":["Setup","Dagger Spray","Expertise"],"picked":"SKIP","floor":12},{"not_picked":["ReplayTheSpireMod:Exploit Weakness","Quick Slash"],"picked":"Infinite Blades","floor":14},{"not_picked":["Atom Bomb","A Thousand Cuts"],"picked":"Adrenaline","floor":16},{"not_picked":["Outmaneuver","All Out Attack"],"picked":"Caltrops","floor":18},{"not_picked":["ReplayTheSpireMod:Tripwire+1","Backflip"],"picked":"Accuracy","floor":23}],"player_experience":996099,"relics_obtained":[{"floor":7,"key":"PreservedInsect"},{"floor":9,"key":"infinitespire:Eraser"},{"floor":11,"key":"infinitespire:Bottled Soul"}],"event_choices":[{"damage_healed":0,"gold_gain":150,"player_choice":"AGREE","damage_taken":0,"max_hp_gain":0,"max_hp_loss":0,"event_name":"Liars Game","floor":2,"gold_loss":0,"cards_obtained":["Doubt"]},{"damage_healed":0,"gold_gain":0,"player_choice":"Donut","damage_taken":0,"max_hp_gain":5,"max_hp_loss":0,"event_name":"Big Fish","floor":5,"gold_loss":0},{"damage_healed":17,"gold_gain":0,"player_choice":"Healed","damage_taken":0,"max_hp_gain":0,"max_hp_loss":0,"event_name":"The Cleric","floor":13,"gold_loss":35},{"damage_healed":0,"gold_gain":0,"player_choice":"Ignored","damage_taken":0,"max_hp_gain":0,"max_hp_loss":0,"event_name":"Vampires","floor":21,"gold_loss":0}],"is_beta":false,"boss_relics":[{"not_picked":["Ring of the Serpent","Painkiller Herb"],"picked":"Philosopher\u0027s Stone"}],"items_purged_floors":[3,19,22],"is_endless":false,"potions_floor_spawned":[1,7,11,18],"killed_by":"Chosen and Byrds","ascension_level":16}}