{"host":"zwuytn9vh5b8tdl7","time":1612232092,"event":{"mods":["AchievementEnabler","BaseMod","Colored Powertips","GifTheSpireLib","Minty Spire (QoL Compilation)","Rare Cards Sparkle","StSLib","The Animator"],"gold_per_floor":[122,132,132,132,132,158,158,210,210,135,158,184,200,53,53,172,172,191,191,118,168,168],"floor_reached":21,"language":"ENG","playtime":742,"items_purged":[],"score":210,"play_id":"f3abaada-e93f-453d-949f-f73796f67a02","local_time":"20210201211452","is_ascension_mode":false,"campfire_choices":[{"floor":15,"key":"REST"}],"circlet_count":0,"master_deck":["animator:Strike_Fate","animator:Defend_Fate","animator:Strike","animator:Strike+1","animator:Strike","animator:Defend","animator:Defend","animator:Defend","animator:Alexander","animator:Rider","animator:Tyuule","animator:Darkness+1","Injury","animator:Archer","animator:Megumin+3","animator:Melzalgald","animator:Viivi","animator:PinaCoLada","animator:Assassin","animator:Lancer"],"relics":["animator:LivingPicture","animator:TheMissingPiece","NeowsBlessing","TungstenRod","Golden Idol","WingedGreaves","Question Card","Blood Vial","PreservedInsect","animator:HolyGrailRelic","SsserpentHead"],"acts_visited":["Exordium","TheCity"],"potions_floor_usage":[16,16,16,21],"damage_taken":[{"damage":0,"enemies":"Jaw Worm","floor":1,"turns":1},{"damage":0,"enemies":"Small Slimes","floor":2,"turns":1},{"damage":0,"enemies":"Lagavulin","floor":6,"turns":1},{"damage":46,"enemies":"Gremlin Nob","floor":8,"turns":7},{"damage":0,"enemies":"2 Louse","floor":12,"turns":2},{"damage":4,"enemies":"Looter","floor":13,"turns":4},{"damage":23,"enemies":"Slime Boss","floor":16,"turns":14},{"damage":28,"enemies":"Chosen","floor":18,"turns":7},{"damage":52,"enemies":"Shell Parasite","floor":21,"turns":10}],"seed_played":"5587647609330701687","potions_obtained":[{"floor":6,"key":"Block Potion"},{"floor":12,"key":"Explosive Potion"},{"floor":13,"key":"FearPotion"},{"floor":16,"key":"Weak Potion"}],"is_trial":false,"path_per_floor":["M","M","?","?","$","E","?","E","T","$","T","M","M","$","R","B",null,"M","?","$","M"],"character_chosen":"THE_ANIMATOR","items_purchased":["animator:Megumin","PreservedInsect","animator:Lancer"],"campfire_rested":1,"item_purchase_floors":[10,14,20],"current_hp_per_floor":[66,66,53,53,53,53,53,7,7,7,7,9,7,7,26,6,75,50,50,50,0,0],"gold":168,"neow_bonus":"THREE_ENEMY_KILL","is_daily":false,"chose_seed":false,"campfire_upgraded":0,"win_rate":0.0,"timestamp":1612232092,"path_taken":["M","M","?","?","?","E","?","E","T","$","?","M","M","$","R","BOSS","M","?","$","?"],"items_purchased_type":["Card","Relic","Card"],"build_version":"2020-12-22","purchased_purges":0,"victory":false,"max_hp_per_floor":[66,66,66,66,66,66,66,66,66,66,66,66,66,66,66,67,75,78,78,78,78,78],"card_choices":[{"not_picked":["animator:Tatsumaki","animator:Millim"],"picked":"animator:Tyuule","floor":1},{"not_picked":["animator:Shuna","animator:Millim"],"picked":"animator:Darkness","floor":2},{"not_picked":["animator:Jibril","animator:SakuraMatou"],"picked":"animator:Eris","floor":6},{"not_picked":["animator:Rider","animator:JeanneDArc"],"picked":"animator:Archer","floor":8},{"not_picked":["animator:MetalKnight","animator:Vanir","animator:Verdia"],"picked":"animator:Melzalgald","floor":12},{"not_picked":["animator:Berserker","animator:PinaCoLada","animator:Verdia"],"picked":"animator:Viivi","floor":13},{"not_picked":["animator:ChaikaTrabant","animator:Sora","animator:Rimuru"],"picked":"animator:PinaCoLada","floor":16},{"not_picked":["animator:Genos+1","animator:DolaSchwi","animator:Vanir"],"picked":"animator:Assassin","floor":18}],"player_experience":355578,"relics_obtained":[{"floor":6,"key":"TungstenRod"},{"floor":8,"key":"WingedGreaves"},{"floor":9,"key":"Question Card"},{"floor":11,"key":"Blood Vial"}],"event_choices":[{"damage_healed":0,"gold_gain":0,"player_choice":"Entered Light","damage_taken":13,"max_hp_gain":0,"max_hp_loss":0,"event_name":"Shining Light","floor":3,"gold_loss":0,"cards_upgraded":["animator:Strike","animator:Darkness"]},{"damage_healed":0,"gold_gain":0,"player_choice":"Ignored","damage_taken":0,"max_hp_gain":0,"max_hp_loss":0,"event_name":"Golden Wing","floor":4,"gold_loss":0},{"damage_healed":0,"gold_gain":0,"player_choice":"Take Wound","damage_taken":0,"relics_obtained":["Golden Idol"],"max_hp_gain":0,"max_hp_loss":0,"event_name":"Golden Idol","floor":7,"gold_loss":0,"cards_obtained":["Injury"]},{"damage_healed":0,"gold_gain":0,"player_choice":"Trade","damage_taken":0,"relics_obtained":["SsserpentHead"],"max_hp_gain":0,"max_hp_loss":0,"event_name":"FaceTrader","floor":19,"gold_loss":0}],"is_beta":false,"boss_relics":[{"not_picked":["Philosopher\u0027s Stone","Cursed Key"],"picked":"animator:HolyGrailRelic"}],"items_purged_floors":[],"is_endless":false,"potions_floor_spawned":[6,12,13,16],"killed_by":"Shell Parasite","ascension_level":0}}