{"host":"p8bnstsjdxjza4jm","time":1612294820,"event":{"mods":["BaseMod","Colored Powertips","Marisa£¨Ùöéë¡¡Øª×âÞÞ£©","Minty Spire (QoL Compilation)","Quick Restart","StSLib"],"gold_per_floor":[214,72,72,90,90,90,113,129,154,164,164,178,178,128,128,232,232,246,117,117,134,151,151,163,177,177,177,177,177],"floor_reached":28,"language":"KOR","playtime":1299,"items_purged":["Strike_R","Defend_R","Strike_R"],"score":223,"play_id":"8c2dd452-a4d8-4a95-8f5b-ec9acc539aa9","local_time":"20210203044020","is_ascension_mode":true,"campfire_choices":[{"data":"Fire Breathing","floor":6,"key":"SMITH"},{"floor":13,"key":"REST"},{"floor":15,"key":"REST"},{"floor":23,"key":"REST"},{"floor":27,"key":"REST"}],"circlet_count":0,"master_deck":["Strike_R","Strike_R","Strike_R","Defend_R","Defend_R","Burning Pact","Fire Breathing+1","Evolve","Power Through","Wild Strike","Dark Embrace","Second Wind+1","Feel No Pain"],"relics":["Burning Blood","Smiling Mask","Nunchaku","Ancient Tea Set","Girya"],"acts_visited":["Exordium","TheCity"],"potions_floor_usage":[11,12],"damage_taken":[{"damage":6.0,"enemies":"Cultist","floor":1.0,"turns":4.0},{"damage":2,"enemies":"2 Louse","floor":4,"turns":3},{"damage":14,"enemies":"Jaw Worm","floor":8,"turns":4},{"damage":35,"enemies":"Exordium Wildlife","floor":10,"turns":7},{"damage":0,"enemies":"Gremlin Gang","floor":11,"turns":1},{"damage":10,"enemies":"Exordium Thugs","floor":12,"turns":3},{"damage":22,"enemies":"Hexaghost","floor":16,"turns":7},{"damage":33,"enemies":"2 Thieves","floor":18,"turns":4},{"damage":11,"enemies":"Chosen","floor":21,"turns":5},{"damage":6,"enemies":"Centurion and Healer","floor":22,"turns":5},{"damage":24,"enemies":"Snake Plant","floor":24,"turns":4},{"damage":32,"enemies":"Chosen and Byrds","floor":25,"turns":4},{"damage":53,"enemies":"Gremlin Leader","floor":28,"turns":4}],"seed_played":"-5493046139867545141","potions_obtained":[{"floor":8,"key":"DuplicationPotion"},{"floor":10,"key":"SmokeBomb"},{"floor":18,"key":"FearPotion"}],"is_trial":false,"path_per_floor":["M","$","?","M","?","R","T","M","T","M","M","M","R","$","R","B",null,"M","$","?","M","M","R","M","M","T","R","E"],"character_chosen":"IRONCLAD","items_purchased":["Fire Breathing","Dark Embrace"],"campfire_rested":4,"item_purchase_floors":[2,19],"current_hp_per_floor":[80,80,62,66,66,66,66,58,58,29,35,31,55,55,79,63,80,53,53,53,48,48,72,54,28,28,52,0,0],"gold":177,"neow_bonus":"HUNDRED_GOLD","is_daily":false,"chose_seed":false,"campfire_upgraded":1,"win_rate":0.0,"timestamp":1612294820,"path_taken":["M","$","?","M","?","R","?","?","T","M","?","M","R","?","R","BOSS","M","$","?","M","M","R","M","M","T","R","E"],"items_purchased_type":["Card","Card"],"build_version":"2020-12-22","purchased_purges":3,"victory":false,"max_hp_per_floor":[80,80,80,80,80,80,80,80,80,80,80,80,80,80,80,80,80,80,80,80,80,80,80,80,80,80,80,80,80],"card_choices":[{"not_picked":["Wild Strike","Second Wind"],"picked":"Burning Pact","floor":1.0},{"not_picked":["Clothesline","Inflame","Entrench"],"picked":"SKIP","floor":4},{"not_picked":["Havoc","True Grit"],"picked":"Evolve","floor":8},{"not_picked":["Exhume","Spot Weakness"],"picked":"Power Through","floor":10},{"not_picked":["Warcry","Combust","Sword Boomerang"],"picked":"SKIP","floor":12},{"not_picked":["Shockwave+1","Headbutt+1"],"picked":"Wild Strike","floor":18},{"not_picked":["Infernal Blade","Clash"],"picked":"Second Wind+1","floor":21},{"not_picked":["Warcry","Heavy Blade"],"picked":"Feel No Pain","floor":22},{"not_picked":["Dark Embrace","Heavy Blade+1","Flex"],"picked":"SKIP","floor":24},{"not_picked":["Pommel Strike","Clothesline","Entrench+1"],"picked":"SKIP","floor":25}],"player_experience":83076,"relics_obtained":[{"floor":7,"key":"Nunchaku"},{"floor":9,"key":"Ancient Tea Set"},{"floor":26,"key":"Girya"}],"event_choices":[{"damage_healed":0,"gold_gain":0,"player_choice":"Success","damage_taken":18,"relics_obtained":["Smiling Mask"],"max_hp_gain":0,"max_hp_loss":0,"event_name":"Scrap Ooze","floor":3,"gold_loss":0},{"cards_removed":["Defend_R"],"damage_healed":0,"gold_gain":0,"player_choice":"Forget","damage_taken":0,"max_hp_gain":0,"max_hp_loss":0,"event_name":"Living Wall","floor":5,"gold_loss":0},{"cards_removed":["Bash"],"damage_healed":0,"gold_gain":0,"player_choice":"Elegance","damage_taken":0,"max_hp_gain":0,"max_hp_loss":0,"event_name":"Back to Basics","floor":20,"gold_loss":0}],"is_beta":false,"boss_relics":[{"not_picked":["Runic Pyramid","Snecko Eye","Ectoplasm"]}],"items_purged_floors":[2,14,19],"is_endless":false,"potions_floor_spawned":[8,10,11,18],"killed_by":"Gremlin Leader","ascension_level":1}}