{"host":"cpnwtw6j9ov48mid","time":1612279902,"event":{"mods":["AchievementEnabler","Act Like it!","Aspiration","BaseMod","Better Third Choice","BetterRewards","CapriCore","Colored Map","Colored Powertips","Conspire","Energized Spire","Friendly Minions","GifTheSpireLib","Gold Saver","Halation","Hubris","Infinite Spire","Jedi Mod","Marked Mod","Minty Spire (QoL Compilation)","Permanent Neow","Quarter Circle Forward PUNCH!","Quick Restart","RRrroohrrRGHHhhh!!","Rare Cards Sparkle","RatMod","Replay The Spire","Small Relic Pack","StSLib","Stuff the Spire","The Bladedancer","The Blue Laboratory","Transform Curses","yUi"],"gold_per_floor":[115,115,135,148,161,187,206,206,206,3,28,28,28,43,43,146,146,158,158,83,43,56,88,88,88,113,130,130,160,178,188,188,291,291,305,318,318,318,328,360,360,374,421,446,464,477,477,508,508,610,610,610],"floor_reached":51,"language":"ENG","playtime":5869,"items_purged":["Parasite"],"score":814,"play_id":"bf927663-b7f1-4491-9ad0-5f8b78e584ff","local_time":"20210202163142","is_ascension_mode":false,"campfire_choices":[{"data":"blademaster:Bloodbath","floor":8,"key":"SMITH"},{"data":"blademaster:EyeOfTheTornado","floor":15,"key":"SMITH"},{"floor":24,"key":"REST"},{"data":"blademaster:EyeOfTheStorm","floor":32,"key":"SMITH"},{"floor":41,"key":"REST"}],"circlet_count":0,"master_deck":["blademaster:Strike","blademaster:Strike","blademaster:Strike","blademaster:Strike+1","blademaster:Defend","blademaster:Defend","blademaster:Defend","blademaster:Defend","blademaster:RagingBlow","blademaster:HighVoltage","blademaster:Safeguard","blademaster:DeadlyDance","blademaster:AspectOfLightning","blademaster:CombatPrep+1","blademaster:Cut","blademaster:Bloodbath+1","blademaster:LightningDraw","blademaster:Frenzy+1","blademaster:EyeOfTheTornado+1","blademaster:ChargingUp","blademaster:UnrelentingWind","blademaster:Flurry+1","infinitespire:Menacing","blademaster:Discharge+1","blademaster:AspectOfWind+1","blademaster:BrainBloom+1","blademaster:EyeOfTheStorm+1","blademaster:Overcharge","blademaster:Cut","blademaster:RagingBlow","blademaster:DragonStrike+1","blademaster:Stability","blademaster:Blockade","blademaster:FuryOfTheElements","blademaster:Reversal+1","blademaster:CullingStrike+1","blademaster:Sharpen+1","blademaster:DancingEdge+1","blademaster:ColdBlood","AbeCurse"],"relics":["blademaster:DancersAmulet","FaceOfCleric","StuffTheSpire:OldFever","Gremlin Horn","Medical Kit","Ancient Tea Set","energizedSpire:DeadBattery","Chameleon Ring","Replay:Rubber Ducky","conspire:DecoderRing","jedi:battlestandard","StuffTheSpire:Tea","halation:Prosthetics","halation:PapillonHeart","Eternal Feather","hubris:ToyBattleship","hubris:DeckOfHolding","Regal Pillow","Juzu Bracelet","Abe\u0027s Treasure"],"acts_visited":["Exordium","TheCity","TheBeyond","Exordium"],"potions_floor_usage":[11,23,23,23,31,40,45,45,48,50,50,50],"damage_taken":[{"damage":4,"enemies":"Cultist","floor":1,"turns":4},{"damage":3,"enemies":"infinitespire:Voidling","floor":3,"turns":5},{"damage":2,"enemies":"Jaw Worm","floor":4,"turns":3},{"damage":0,"enemies":"Looter","floor":5,"turns":4},{"damage":12,"enemies":"3 Sentries","floor":6,"turns":6},{"damage":7,"enemies":"Blue Slaver","floor":7,"turns":2},{"damage":30,"enemies":"Gremlin Nob","floor":11,"turns":4},{"damage":1,"enemies":"Exordium Wildlife","floor":14,"turns":3},{"damage":8,"enemies":"Slime Boss","floor":16,"turns":8},{"damage":0,"enemies":"Chosen","floor":18,"turns":3},{"damage":17,"enemies":"2 Thieves","floor":22,"turns":3},{"damage":12,"enemies":"conspire:SneckoGhost","floor":23,"turns":5},{"damage":17,"enemies":"Sentry and Sphere","floor":27,"turns":4},{"damage":7,"enemies":"Replay:Snechameleon","floor":29,"turns":5},{"damage":20,"enemies":"Snake Plant","floor":30,"turns":3},{"damage":0,"enemies":"3 Cultists","floor":31,"turns":3},{"damage":6,"enemies":"conspire:MysteriousRune","floor":33,"turns":6},{"damage":0,"enemies":"Orb Walker","floor":35,"turns":2},{"damage":0,"enemies":"3 Shapes","floor":36,"turns":4},{"damage":0,"enemies":"Spire Growth","floor":39,"turns":3},{"damage":8,"enemies":"Nightmare","floor":40,"turns":7},{"damage":0,"enemies":"Maw","floor":42,"turns":6},{"damage":48,"enemies":"Reptomancer","floor":44,"turns":3},{"damage":0,"enemies":"Transient","floor":45,"turns":5},{"damage":0,"enemies":"3 Darklings","floor":46,"turns":2},{"damage":0,"enemies":"R_Hoarder","floor":48,"turns":6},{"damage":6,"enemies":"infinitespire:MassOfShapes","floor":50,"turns":5}],"seed_played":"7024134828811609006","potions_obtained":[{"floor":5,"key":"Swift Potion"},{"floor":7,"key":"SpeedPotion"},{"floor":11,"key":"blueLaboratory:BubblePotion"},{"floor":14,"key":"Ancient Potion"},{"floor":18,"key":"blueLaboratory:EmptyBottle"},{"floor":29,"key":"PowerPotion"},{"floor":35,"key":"blueLaboratory:Moonshine"},{"floor":36,"key":"blueLaboratory:HorrorPotion"},{"floor":44,"key":"blueLaboratory:BottleOfVodka"},{"floor":45,"key":"Milkshake"},{"floor":46,"key":"blueLaboratory:StoneskinPotion"},{"floor":49,"key":"LiquidMemories"},{"floor":49,"key":"BlessingOfTheForge"}],"is_trial":false,"path_per_floor":["M","?","M","M","M","E","M","R","T","$","E","?","$","M","R","B",null,"M","?","$","?","M","E","R","?","T","M","AVR","E","M","M","R","B",null,"M","M","?","?","M","NM","R","M","T","E","M","M","T","E","R","B",null],"character_chosen":"THE_BLADEMASTER","items_purchased":["blademaster:Frenzy+1","Medical Kit"],"campfire_rested":2,"item_purchase_floors":[10,10],"current_hp_per_floor":[71,71,69,68,69,58,52,52,52,52,23,43,43,43,43,36,83,84,63,63,63,47,36,60,83,83,67,67,61,42,43,43,38,53,54,55,52,32,33,26,54,55,55,8,9,10,10,15,36,31,60,60],"gold":610,"neow_bonus":"THREE_CARDS","is_daily":false,"chose_seed":false,"campfire_upgraded":3,"win_rate":0.0,"timestamp":1612279902,"path_taken":["M","?","?","M","M","E","M","R","T","?","E","?","$","M","R","BOSS","M","?","?","?","?","E","R","?","T","M","AVR","E","M","M","R","BOSS","M","M","?","?","M","NM","R","M","T","E","M","M","?","E","R","BOSS"],"items_purchased_type":["Card","Relic"],"build_version":"2020-12-22","purchased_purges":1,"victory":false,"max_hp_per_floor":[75,75,76,77,78,79,80,80,80,80,81,81,81,82,82,83,83,84,84,81,81,82,83,83,83,83,84,84,85,86,87,87,88,53,54,55,52,52,53,54,54,55,55,56,57,58,58,59,59,60,60,60],"card_choices":[{"not_picked":["blademaster:Slice","blademaster:BrainBloom"],"picked":"blademaster:Safeguard","floor":0},{"not_picked":["blademaster:SlyStabs","blademaster:Flurry"],"picked":"blademaster:DeadlyDance","floor":1},{"not_picked":["blademaster:AwakeningStrike","blademaster:Meditate"],"picked":"blademaster:AspectOfLightning","floor":3},{"not_picked":["blademaster:FuriousStrike","blademaster:AncestralHealing"],"picked":"blademaster:CombatPrep","floor":4},{"not_picked":["blademaster:LeechingStrike","blademaster:DaggerAndCloak"],"picked":"blademaster:Cut","floor":5},{"not_picked":["blademaster:Blockade","blademaster:FuriousStrike"],"picked":"blademaster:Bloodbath","floor":6},{"not_picked":["blademaster:FuriousStrike","blademaster:Slice"],"picked":"blademaster:LightningDraw","floor":7},{"not_picked":["blademaster:DeadlyDance","blademaster:ThunderSlash"],"picked":"blademaster:EyeOfTheTornado","floor":11},{"not_picked":["blademaster:Thrust","blademaster:AwakeningStrike"],"picked":"blademaster:ChargingUp","floor":14},{"not_picked":["blademaster:FlockOfBlades","blademaster:BladeDance"],"picked":"blademaster:UnrelentingWind","floor":16},{"not_picked":["blademaster:Meditate","blademaster:EyeOfTheTornado"],"picked":"blademaster:Flurry+1","floor":18},{"not_picked":["ReplayTheSpireMod:Echoes of Time","infinitespire:FutureSight"],"picked":"infinitespire:Menacing","floor":19},{"not_picked":["blademaster:Flurry","blademaster:SlyStabs"],"picked":"blademaster:Discharge+1","floor":22},{"not_picked":["blademaster:Frontflip","blademaster:Vortex"],"picked":"blademaster:AspectOfWind+1","floor":23},{"not_picked":["blademaster:AwakeningStrike","blademaster:Slice"],"picked":"blademaster:BrainBloom+1","floor":27},{"not_picked":["blademaster:Thrust","blademaster:WindSlash"],"picked":"blademaster:EyeOfTheStorm","floor":29},{"not_picked":["blademaster:BloodyBlow","blademaster:AspectOfWind"],"picked":"blademaster:Overcharge","floor":30},{"not_picked":["blademaster:Frenzy","blademaster:Gust"],"picked":"blademaster:Cut","floor":31},{"not_picked":["blademaster:EnchantedCuirass","blademaster:HighVoltage"],"picked":"blademaster:RagingBlow","floor":33},{"not_picked":["blademaster:AspectOfLightning+1","blademaster:ThunderSlash"],"picked":"blademaster:DragonStrike+1","floor":35},{"not_picked":["blademaster:AirSlash+1","blademaster:Slice+1"],"picked":"blademaster:Stability","floor":36},{"not_picked":["blademaster:AwakeningDefend","blademaster:FuriousStrike"],"picked":"blademaster:Blockade","floor":39},{"not_picked":["blademaster:Sharpen+1","blademaster:RollingTyphoon"],"picked":"blademaster:FuryOfTheElements","floor":40},{"not_picked":["blademaster:BrainBloom+1","blademaster:AwakeningDefend+1","blademaster:Stormstrike"],"picked":"SKIP","floor":42},{"not_picked":["blademaster:ChargingUp+1","blademaster:DragonStrike+1"],"picked":"blademaster:Reversal+1","floor":44},{"not_picked":["blademaster:CombatPrep+1","blademaster:SlyStabs"],"picked":"blademaster:CullingStrike+1","floor":45},{"not_picked":["blademaster:CombatPrep","blademaster:Thrust"],"picked":"blademaster:Sharpen+1","floor":46},{"not_picked":["blademaster:Frenzy+1","blademaster:Stability"],"picked":"blademaster:DancingEdge+1","floor":48},{"not_picked":["blademaster:RollingTyphoon","blademaster:FuryOfTheElements"],"picked":"blademaster:ColdBlood","floor":50}],"player_experience":538,"relics_obtained":[{"floor":6,"key":"StuffTheSpire:OldFever"},{"floor":6,"key":"blademaster:RandomStancePerk"},{"floor":9,"key":"Gremlin Horn"},{"floor":11,"key":"Ancient Tea Set"},{"floor":11,"key":"blademaster:OnAttackedChargePerk"},{"floor":23,"key":"Chameleon Ring"},{"floor":23,"key":"blademaster:BleedingMoreDamagePerk"},{"floor":26,"key":"Replay:Rubber Ducky"},{"floor":29,"key":"StuffTheSpire:Tea"},{"floor":29,"key":"blademaster:ComboEveryTurnPerk"},{"floor":40,"key":"Eternal Feather"},{"floor":40,"key":"blademaster:FuryEveryTurnPerk"},{"floor":43,"key":"hubris:ToyBattleship"},{"floor":44,"key":"hubris:DeckOfHolding"},{"floor":44,"key":"blademaster:DextrousPerk"},{"floor":47,"key":"Regal Pillow"},{"floor":48,"key":"Juzu Bracelet"},{"floor":48,"key":"blademaster:WindChargePerk"}],"event_choices":[{"damage_healed":0,"gold_gain":0,"player_choice":"Trade","damage_taken":0,"relics_obtained":["FaceOfCleric"],"max_hp_gain":0,"max_hp_loss":0,"event_name":"FaceTrader","floor":2,"gold_loss":0},{"damage_healed":20,"gold_gain":0,"player_choice":"Healed and dodged fight","damage_taken":0,"max_hp_gain":0,"max_hp_loss":0,"event_name":"Mushrooms","floor":12,"gold_loss":0,"cards_obtained":["Parasite"]},{"damage_healed":0,"gold_gain":0,"player_choice":"Upgraded Two","damage_taken":0,"max_hp_gain":0,"max_hp_loss":0,"event_name":"Designer","floor":21,"gold_loss":40,"cards_upgraded":["blademaster:CombatPrep","blademaster:Strike"]},{"damage_healed":27,"gold_gain":0,"player_choice":"Heal","damage_taken":0,"max_hp_gain":0,"max_hp_loss":0,"event_name":"The Library","floor":25,"gold_loss":0}],"is_beta":false,"boss_relics":[{"not_picked":["Replay:Ancient Bell","halation:ForbiddenBikini"],"picked":"energizedSpire:DeadBattery"},{"not_picked":["Pandora\u0027s Box","Black Star"],"picked":"halation:Prosthetics"},{"not_picked":["Replay:Bronze Core","SacredBark"],"picked":"Abe\u0027s Treasure"}],"items_purged_floors":[20],"is_endless":true,"potions_floor_spawned":[5,7,11,14,18,29,35,36,44,45,46],"ascension_level":0}}