{"host":"6bsan6hkua32tfq7","time":1612283865,"event":{"mods":["BaseMod","Better Third Choice","Colored Map","Highlight Path","Minty Spire (QoL Compilation)","StSLib"],"gold_per_floor":[10,10,10,34,34,72,72,87,113,113,154,166,141,153,165,275,287,314,326,366,401,413,425,465,487,525,549,561,573,585,611,623,635,635],"floor_reached":33,"language":"ENG","playtime":3283,"items_purged":[],"score":538,"play_id":"b1fa55c9-99c1-4cec-a1f9-c96f8355e417","local_time":"20210202173745","is_ascension_mode":true,"campfire_choices":[{"floor":10,"key":"REST"},{"data":"Zap","floor":12,"key":"SMITH"},{"floor":15,"key":"REST"},{"floor":23,"key":"RECALL"},{"floor":28,"key":"REST"},{"floor":32,"key":"REST"}],"circlet_count":0,"master_deck":["AscendersBane","Strike_B","Strike_B+1","Strike_B","Strike_B","Defend_B+1","Defend_B","Defend_B+1","Zap+1","Dualcast+1","FTL","Streamline","Rip and Tear","Machine Learning","Rip and Tear","Buffer","Gash","Gash","Buffer","Writhe"],"relics":["Cracked Core","Mango","Bloody Idol","Bag of Marbles","Juzu Bracelet","MawBank","betterThird:SlimedRelic","Fusion Hammer","Red Mask","Toy Ornithopter","Lizard Tail","War Paint","Gambling Chip"],"acts_visited":["Exordium","TheCity"],"potions_floor_usage":[11,20,24,25,33],"damage_taken":[{"damage":3,"enemies":"2 Louse","floor":1,"turns":3},{"damage":2,"enemies":"Jaw Worm","floor":4,"turns":3},{"damage":22,"enemies":"Lagavulin","floor":6,"turns":6},{"damage":0,"enemies":"Small Slimes","floor":8,"turns":2},{"damage":17,"enemies":"3 Sentries","floor":11,"turns":6},{"damage":27,"enemies":"Slime Boss","floor":16,"turns":7},{"damage":22,"enemies":"Shell Parasite","floor":18,"turns":4},{"damage":12,"enemies":"Masked Bandits","floor":20,"turns":4},{"damage":66,"enemies":"Slavers","floor":24,"turns":7},{"damage":12,"enemies":"2 Thieves","floor":25,"turns":4},{"damage":37,"enemies":"Chosen and Byrds","floor":27,"turns":7},{"damage":5,"enemies":"Snecko","floor":31,"turns":5},{"damage":79,"enemies":"Champ","floor":33,"turns":13}],"seed_played":"4002217885707194662","potions_obtained":[{"floor":1,"key":"LiquidBronze"},{"floor":6,"key":"DistilledChaos"},{"floor":7,"key":"FearPotion"},{"floor":20,"key":"FearPotion"},{"floor":24,"key":"PotionOfCapacity"},{"floor":31,"key":"SkillPotion"}],"is_trial":false,"path_per_floor":["M","?","?","M","?","E","?","M","T","R","E","R","?","?","R","B",null,"M","?","?","T","?","R","E","M","T","M","R","$","?","M","R","B"],"character_chosen":"DEFECT","items_purchased":[],"campfire_rested":4,"item_purchase_floors":[],"current_hp_per_floor":[75,75,52,50,50,28,28,28,28,51,34,34,23,23,46,19,63,41,41,39,49,54,59,8,16,26,43,71,76,77,77,77,0,0],"gold":635,"neow_bonus":"ONE_RARE_RELIC","is_daily":false,"chose_seed":false,"campfire_upgraded":1,"win_rate":0.0,"timestamp":1612283865,"path_taken":["M","?","?","M","?","E","?","?","T","R","E","R","?","?","R","BOSS","M","?","?","?","?","R","E","M","T","M","R","?","?","M","R","BOSS"],"items_purchased_type":[],"build_version":"2020-12-22","purchased_purges":0,"victory":false,"max_hp_per_floor":[85,77,77,77,77,77,77,77,77,77,77,77,77,77,77,77,77,77,77,77,77,77,77,77,77,77,77,77,77,77,77,77,77,77],"card_choices":[{"not_picked":["Blizzard","Steam Power"],"picked":"FTL","floor":1},{"not_picked":["Go for the Eyes","Rip and Tear"],"picked":"Streamline","floor":4},{"not_picked":["Aggregate","Biased Cognition","Stack"],"picked":"SKIP","floor":6},{"not_picked":["Barrage","Rip and Tear","Cold Snap"],"picked":"SKIP","floor":8},{"not_picked":["Barrage","Cold Snap"],"picked":"Rip and Tear","floor":8},{"not_picked":["Compile Driver","Turbo"],"picked":"Machine Learning","floor":11},{"not_picked":["Core Surge","Seek"],"picked":"Buffer","floor":16},{"not_picked":["Hologram","Storm"],"picked":"Gash","floor":18},{"not_picked":["Loop","Rebound"],"picked":"Gash","floor":20},{"not_picked":["Seek","Reinforced Body"],"picked":"Buffer","floor":24},{"not_picked":["Rebound","Sunder","White Noise"],"picked":"SKIP","floor":25},{"not_picked":["Coolheaded","Turbo+1","Go for the Eyes"],"picked":"SKIP","floor":27},{"not_picked":["Ball Lightning","Sweeping Beam","Scrape"],"picked":"SKIP","floor":31}],"player_experience":5374865,"relics_obtained":[{"floor":6,"key":"Bag of Marbles"},{"floor":9,"key":"Juzu Bracelet"},{"floor":11,"key":"MawBank"},{"floor":20,"key":"Red Mask"},{"floor":21,"key":"Toy Ornithopter"},{"floor":24,"key":"Lizard Tail"},{"floor":26,"key":"War Paint"}],"event_choices":[{"damage_healed":0,"gold_gain":0,"player_choice":"Lose Max HP","damage_taken":0,"relics_obtained":["Golden Idol"],"max_hp_gain":0,"max_hp_loss":8,"event_name":"Golden Idol","floor":2,"gold_loss":0},{"damage_healed":75,"gold_gain":0,"player_choice":"Upgrade","damage_taken":23,"max_hp_gain":0,"max_hp_loss":77,"event_name":"betterThird:BetterShining","floor":3,"gold_loss":0,"cards_upgraded":["Defend_B","Strike_B"]},{"damage_healed":0,"gold_gain":0,"player_choice":"Ignored","damage_taken":34,"max_hp_gain":0,"max_hp_loss":0,"event_name":"betterThird:BetterSerpent","floor":5,"gold_loss":0},{"damage_healed":0,"gold_gain":0,"player_choice":"Got Potions","damage_taken":0,"max_hp_gain":0,"max_hp_loss":0,"event_name":"Lab","floor":7,"gold_loss":0},{"damage_healed":0,"gold_gain":0,"player_choice":"Slimed","damage_taken":11,"max_hp_gain":0,"max_hp_loss":0,"event_name":"betterThird:BetterGoop","floor":13,"gold_loss":37},{"damage_healed":0,"gold_gain":0,"cards_transformed":["Defend_B"],"player_choice":"Transformed","damage_taken":0,"max_hp_gain":0,"max_hp_loss":0,"event_name":"Transmorgrifier","floor":14,"gold_loss":0,"cards_obtained":["Rip and Tear"]},{"damage_healed":0,"gold_gain":0,"player_choice":"Gave Idol","damage_taken":0,"relics_obtained":["Bloody Idol"],"max_hp_gain":0,"max_hp_loss":0,"event_name":"Forgotten Altar","floor":19,"relics_lost":["Golden Idol"],"gold_loss":0},{"damage_healed":0,"gold_gain":0,"player_choice":"Fought Bandits","damage_taken":0,"max_hp_gain":0,"max_hp_loss":0,"event_name":"Masked Bandits","floor":20,"gold_loss":0},{"damage_healed":0,"gold_gain":0,"player_choice":"0 cards matched","damage_taken":0,"max_hp_gain":0,"max_hp_loss":0,"event_name":"Match and Keep!","floor":22,"gold_loss":0,"cards_obtained":[]},{"damage_healed":0,"gold_gain":0,"player_choice":"Opened","damage_taken":0,"relics_obtained":["Gambling Chip"],"max_hp_gain":0,"max_hp_loss":0,"event_name":"The Mausoleum","floor":30,"gold_loss":0,"cards_obtained":["Writhe"]}],"is_beta":false,"boss_relics":[{"not_picked":["Runic Dome","Ectoplasm"],"picked":"Fusion Hammer"}],"items_purged_floors":[],"is_endless":false,"potions_floor_spawned":[1,6,20,24,31],"killed_by":"Champ","ascension_level":20}}