{"host":"49pjgf1q9ev52n8z","time":1612309350,"event":{"mods":["BaseMod","Bestiary","Colored Map","Minty Spire (QoL Compilation)","Practice Mode","Relic Stats","StSLib"],"gold_per_floor":[118,129,92,108,118,118,131,162,162,162,9,9,30,63,63,159,159,179,179,194,207,149,149,190,190,190,204,227,270,320,338,338,338,338],"floor_reached":33,"language":"ENG","playtime":2769,"items_purged":["Injury"],"score":681,"play_id":"008b54d2-7382-4316-b459-a263d3ad070b","local_time":"20210202154230","is_ascension_mode":true,"campfire_choices":[{"floor":6.0,"key":"REST"},{"floor":12,"key":"REST"},{"data":"Corpse Explosion","floor":15,"key":"SMITH"},{"floor":23,"key":"REST"},{"floor":25,"key":"REST"},{"floor":32,"key":"REST"}],"circlet_count":0,"master_deck":["AscendersBane","Strike_G","Strike_G","Strike_G","Strike_G","Strike_G","Defend_G","Defend_G","Defend_G","Defend_G","Defend_G","Survivor","Neutralize","Corpse Explosion+1","Bane","Flying Knee","Deflect","Backflip","Dash","Blade Dance","Glass Knife","Adrenaline","Poisoned Stab","Crippling Poison","Acrobatics","Injury","Footwork"],"relics":["Ring of the Snake","Blue Candle","Gambling Chip","Golden Idol","Darkstone Periapt","Cursed Key","Shovel","Singing Bowl","Happy Flower","HornCleat"],"acts_visited":["Exordium","TheCity"],"potions_floor_usage":[8,14,16,24,29,29,33,33],"damage_taken":[{"damage":0.0,"enemies":"Small Slimes","floor":1.0,"turns":4.0},{"damage":1.0,"enemies":"Jaw Worm","floor":2.0,"turns":3.0},{"damage":1.0,"enemies":"Cultist","floor":4.0,"turns":4.0},{"damage":12.0,"enemies":"Gremlin Gang","floor":5.0,"turns":4.0},{"damage":0.0,"enemies":"2 Fungi Beasts","floor":7.0,"turns":3.0},{"damage":22,"enemies":"Lagavulin","floor":8,"turns":6},{"damage":8,"enemies":"Blue Slaver","floor":13,"turns":4},{"damage":0,"enemies":"3 Sentries","floor":14,"turns":2},{"damage":19,"enemies":"The Guardian","floor":16,"turns":11},{"damage":0,"enemies":"3 Byrds","floor":18,"turns":2},{"damage":18,"enemies":"Spheric Guardian","floor":20,"turns":5},{"damage":16,"enemies":"Snake Plant","floor":21,"turns":4},{"damage":8,"enemies":"Gremlin Leader","floor":24,"turns":5},{"damage":3,"enemies":"Centurion and Healer","floor":27,"turns":5},{"damage":13,"enemies":"Cultist and Chosen","floor":28,"turns":6},{"damage":49,"enemies":"Book of Stabbing","floor":29,"turns":5},{"damage":4,"enemies":"Snake Plant","floor":31,"turns":5},{"damage":36,"enemies":"Collector","floor":33,"turns":7}],"seed_played":"-208062800067347323","potions_obtained":[{"floor":1.0,"key":"Poison Potion"},{"floor":2.0,"key":"AttackPotion"},{"floor":8,"key":"PowerPotion"},{"floor":20,"key":"LiquidMemories"},{"floor":21,"key":"DuplicationPotion"},{"floor":28,"key":"Regen Potion"},{"floor":29,"key":"Block Potion"},{"floor":31,"key":"Swift Potion"}],"is_trial":false,"path_per_floor":["M","M","?","M","M","R","M","E","T","?","$","R","M","E","R","B",null,"M","?","M","M","$","R","E","R","T","M","M","E","?","M","R","B"],"character_chosen":"THE_SILENT","items_purchased":["Blade Dance","Poison Potion","Acrobatics"],"campfire_rested":5,"item_purchase_floors":[11,11,22],"current_hp_per_floor":[44,43,43,42,30,49,49,27,27,27,27,46,38,38,38,19,54,54,54,36,20,20,39,33,53,59,58,47,13,13,11,35,0,0],"gold":338,"neow_bonus":"THREE_RARE_CARDS","is_daily":false,"chose_seed":false,"campfire_upgraded":1,"win_rate":0.0,"timestamp":1612309350,"path_taken":["M","M","?","M","M","R","M","E","T","?","$","R","M","E","R","BOSS","M","?","?","M","$","R","E","R","T","M","?","E","?","M","R","BOSS"],"items_purchased_type":["Card","Potion","Card"],"build_version":"2020-12-22","purchased_purges":1,"victory":false,"max_hp_per_floor":[66,66,66,66,66,66,66,66,66,66,66,66,66,66,66,66,66,66,66,66,66,66,66,68,68,74,76,78,78,78,80,80,80,80],"relic_stats":{"Darkstone Periapt":6,"Shovel":0,"Singing Bowl":8,"Happy Flower":[9],"counters":[18,85],"Golden Idol":69,"Blue Candle":[3],"Gambling Chip":[47],"Cursed Key":1,"obtain_stats":[{"Darkstone Periapt":14,"Shovel":19,"HornCleat":29,"Singing Bowl":24,"Happy Flower":26,"Golden Idol":10,"Blue Candle":8,"Gambling Chip":9,"Cursed Key":17,"Ring of the Snake":0},{"Darkstone Periapt":8,"Shovel":10,"HornCleat":16,"Singing Bowl":13,"Happy Flower":13,"Golden Idol":6,"Blue Candle":6,"Gambling Chip":6,"Cursed Key":9,"Ring of the Snake":0},{"Darkstone Periapt":30,"Shovel":43,"HornCleat":73,"Singing Bowl":57,"Happy Flower":57,"Golden Idol":24,"Blue Candle":24,"Gambling Chip":24,"Cursed Key":41,"Ring of the Snake":0}],"Ring of the Snake":[36]},"card_choices":[{"not_picked":["Storm of Steel","After Image"],"picked":"Corpse Explosion","floor":0.0},{"not_picked":["Calculated Gamble","Accuracy"],"picked":"Bane","floor":1.0},{"not_picked":["Dodge and Roll","PiercingWail"],"picked":"Flying Knee","floor":2.0},{"not_picked":["Grand Finale","Dagger Spray"],"picked":"Deflect","floor":4.0},{"not_picked":["Bouncing Flask","Poisoned Stab"],"picked":"Backflip","floor":5.0},{"not_picked":["Bane","Acrobatics"],"picked":"Dash","floor":7.0},{"not_picked":["Outmaneuver","Leg Sweep","Deflect"],"picked":"SKIP","floor":8},{"not_picked":["Cloak And Dagger","Bane"],"picked":"Glass Knife","floor":13},{"not_picked":["Slice","Acrobatics"],"picked":"Terror","floor":14},{"not_picked":["Envenom","Corpse Explosion"],"picked":"Adrenaline","floor":16},{"not_picked":["Dagger Throw","Terror"],"picked":"Poisoned Stab","floor":18},{"not_picked":["Sucker Punch","Masterful Stab","Tactician"],"picked":"SKIP","floor":20},{"not_picked":["Dodge and Roll","Acrobatics"],"picked":"Crippling Poison","floor":21},{"not_picked":["Masterful Stab","Outmaneuver","Dash+1"],"picked":"Singing Bowl","floor":24},{"not_picked":["Dagger Spray","Cloak And Dagger","Sucker Punch"],"picked":"Singing Bowl","floor":27},{"not_picked":["Dodge and Roll","Dagger Spray","Prepared"],"picked":"Singing Bowl","floor":28},{"not_picked":["Caltrops","Finisher"],"picked":"Footwork","floor":29},{"not_picked":["Sucker Punch","Infinite Blades","Acrobatics"],"picked":"Singing Bowl","floor":31}],"player_experience":685599,"relics_obtained":[{"floor":8,"key":"Blue Candle"},{"floor":9,"key":"Gambling Chip"},{"floor":14,"key":"Darkstone Periapt"},{"floor":24,"key":"Singing Bowl"},{"floor":26,"key":"Happy Flower"},{"floor":29,"key":"HornCleat"}],"event_choices":[{"damage_healed":0.0,"max_hp_gain":0.0,"max_hp_loss":0.0,"gold_gain":0.0,"event_name":"World of Goop","player_choice":"Left Gold","floor":3.0,"gold_loss":37.0,"damage_taken":0.0},{"damage_healed":0,"gold_gain":0,"player_choice":"Take Wound","damage_taken":0,"relics_obtained":["Golden Idol"],"max_hp_gain":0,"max_hp_loss":0,"event_name":"Golden Idol","floor":10,"gold_loss":0,"cards_obtained":["Injury"]},{"cards_removed":["Terror"],"damage_healed":0,"gold_gain":0,"player_choice":"Gave Card","damage_taken":0,"relics_obtained":["Shovel"],"max_hp_gain":0,"max_hp_loss":0,"event_name":"WeMeetAgain","floor":19,"gold_loss":0},{"damage_healed":0,"gold_gain":50,"player_choice":"Stole From Cult","damage_taken":0,"max_hp_gain":0,"max_hp_loss":0,"event_name":"Nest","floor":30,"gold_loss":0}],"is_beta":false,"boss_relics":[{"not_picked":["WristBlade","Sozu"],"picked":"Cursed Key"}],"items_purged_floors":[11],"is_endless":false,"potions_floor_spawned":[1,2,4,8,20,21,28,29,31],"killed_by":"Collector","ascension_level":19}}