{"host":"mmz2kvn5kzkhi5zs","time":1612267042,"event":{"mods":["Act Like it!","BaseMod","Downfall","Hallownest","Marisa????????","Minty Spire (QoL Compilation)","Replay The Spire","StSLib","The Bug Knight","The Cursed","The Jungle"],"gold_per_floor":[99,112,112,122,3,19,44,64,64,80,93,93,107,3,15,15,15,15],"floor_reached":16,"language":"ENG","playtime":2349,"items_purged":[],"score":121,"play_id":"c40c983f-ee7f-4640-bf1c-d2447c4556b4","local_time":"20210202055722","is_ascension_mode":false,"campfire_choices":[{"floor":1,"key":"DIG"},{"data":"bronze:Turbo","floor":9,"key":"SMITH"}],"circlet_count":0,"master_deck":["bronze:Strike","bronze:Strike","bronze:Strike","bronze:Strike","bronze:Defend","bronze:Defend","bronze:Defend","bronze:Defend","bronze:Replicate","bronze:Goto","bronze:Turbo+1","bronze:GetLatest","bronze:ChildClass","bronze:DelayedSlice","bronze:Philosophize","bronze:Philosophize","bronze:Overheat","bronze:ChildClass","bronze:Repair","bronze:Frontload","bronze:CleanCode","bronze:Overload","bronze:Branch","bronze:GetLatest","bronze:DelayedGuard"],"relics":["bronze:BronzeCore","InkBottle","Hallownest:DreamNailRelic","Pet Ghost"],"acts_visited":["Hallownest:Greenpath"],"potions_floor_usage":[5,5,16,16],"damage_taken":[{"damage":0,"enemies":"Hallownest:monsterHuskWarrior","floor":2,"turns":5},{"damage":1,"enemies":"Hallownest:2_MossCreeps","floor":4,"turns":6},{"damage":0,"enemies":"downfall:FleeingMerchant","floor":5,"turns":4},{"damage":2,"enemies":"Hallownest:monsterHuskGuard","floor":6,"turns":3},{"damage":4,"enemies":"Hallownest:monsterMossCharger","floor":8,"turns":2},{"damage":5,"enemies":"Hallownest:monsterFoolEater","floor":10,"turns":3},{"damage":13,"enemies":"Hallownest:1_Baldur_1_Crawlid_1_Warrior","floor":11,"turns":4},{"damage":6,"enemies":"Hallownest:1_Ooma_and_2_Uuma","floor":13,"turns":5},{"damage":0,"enemies":"downfall:FleeingMerchant","floor":14,"turns":4},{"damage":0,"enemies":"Hallownest:monsterAspidMother","floor":15,"turns":4},{"damage":84,"enemies":"SI_SHIV_ARCHETYPE","floor":16,"turns":7}],"seed_played":"-1923981790500480430","potions_obtained":[{"floor":2,"key":"Guardian:BlockOnCardUsePotion"},{"floor":4,"key":"ColorlessPotion"},{"floor":11,"key":"bronze:FreeFunctionsPotion"},{"floor":15,"key":"bronze:CleanCodePotion"}],"is_trial":false,"path_per_floor":["R","M","?","M","$","M","T","M","R","M","M","?","M","$","M","B"],"character_chosen":"THE_AUTOMATON","items_purchased":["bronze:DelayedSlice","bronze:Philosophize","bronze:Branch","bronze:GetLatest"],"campfire_rested":0,"item_purchase_floors":[5,5,14,14],"current_hp_per_floor":[77,77,77,76,76,74,74,70,70,65,52,61,62,69,76,0,0,0],"gold":15,"neow_bonus":"TEN_PERCENT_HP_BONUS","is_daily":false,"chose_seed":false,"campfire_upgraded":1,"win_rate":0.0,"timestamp":1612267042,"path_taken":["R","M","?","?","$","M","T","M","R","M","M","?","M","?","M","BOSS"],"items_purchased_type":["Card","Card","Card","Card"],"build_version":"2020-12-22","purchased_purges":0,"victory":false,"max_hp_per_floor":[77,77,77,77,77,77,77,77,77,77,77,86,86,86,86,86,86,86],"card_choices":[{"not_picked":["bronze:Philosophize","bronze:FineTuning"],"picked":"bronze:Turbo","floor":2},{"not_picked":["bronze:Invalidate","bronze:WildBeam"],"picked":"bronze:GetLatest","floor":4},{"not_picked":["bronze:GetLatest","bronze:Iterate"],"picked":"bronze:ChildClass","floor":5},{"not_picked":["bronze:Fortify","bronze:FineTuning"],"picked":"bronze:Overheat","floor":6},{"not_picked":["bronze:WhirlingStrike","bronze:BitShift"],"picked":"bronze:ChildClass","floor":8},{"not_picked":["bronze:Iterate","bronze:GetLatest"],"picked":"bronze:Repair","floor":10},{"not_picked":["bronze:Turbo","bronze:ItsAFeature"],"picked":"bronze:Frontload","floor":11},{"not_picked":["bronze:Turbo","bronze:BitShift"],"picked":"bronze:CleanCode","floor":13},{"not_picked":["bronze:Deprecate","bronze:Overheat"],"picked":"bronze:Overload","floor":14},{"not_picked":["bronze:Philosophize","bronze:Turbo"],"picked":"bronze:DelayedGuard","floor":15}],"player_experience":56685,"relics_obtained":[{"floor":1,"key":"InkBottle"},{"floor":7,"key":"Pet Ghost"}],"event_choices":[],"is_beta":false,"boss_relics":[],"items_purged_floors":[],"is_endless":false,"potions_floor_spawned":[2,4,11,15],"killed_by":"SI_SHIV_ARCHETYPE","ascension_level":0}}