{"host":"jhy70w0yh8dayqay","time":1612259251,"event":{"mods":["AchievementEnabler","BaseMod","Colored Map","Colored Powertips","DeckTracker","Minty Spire (QoL Compilation)","Permanent Neow","SuperFastMode"],"gold_per_floor":[110,129,129,150,175,175,219,219,219,219,294,325,345,345,345],"floor_reached":14,"language":"KOR","playtime":326,"items_purged":[],"score":155,"play_id":"492d18e7-ba58-4a4e-8131-d74862411006","local_time":"20210202184731","is_ascension_mode":true,"campfire_choices":[{"data":"Zap","floor":6,"key":"SMITH"},{"floor":8,"key":"REST"},{"data":"Dualcast","floor":10,"key":"SMITH"}],"circlet_count":0,"master_deck":["AscendersBane","Strike_B","Strike_B","Strike_B","Strike_B","Defend_B","Defend_B","Defend_B","Defend_B","Zap+1","Dualcast+1","Melter","Gash","Gash","Echo Form","Sweeping Beam","Chaos","Go for the Eyes"],"relics":["Cracked Core","Mango","Golden Idol","Anchor","Eternal Feather","Lizard Tail"],"acts_visited":["Exordium"],"potions_floor_usage":[7,12],"damage_taken":[{"damage":5,"enemies":"Small Slimes","floor":1,"turns":3},{"damage":7,"enemies":"Jaw Worm","floor":2,"turns":3},{"damage":2,"enemies":"2 Louse","floor":4,"turns":3},{"damage":9,"enemies":"Red Slaver","floor":5,"turns":3},{"damage":25,"enemies":"3 Sentries","floor":7,"turns":7},{"damage":20,"enemies":"Lagavulin","floor":12,"turns":6},{"damage":6,"enemies":"2 Fungi Beasts","floor":13,"turns":3},{"damage":10,"enemies":"3 Sentries","floor":14,"turns":3}],"seed_played":"-1376318687981606979","potions_obtained":[{"floor":1,"key":"Weak Potion"},{"floor":2,"key":"SkillPotion"},{"floor":13,"key":"Weak Potion"}],"is_trial":false,"path_per_floor":["M","M","?","M","M","R","E","R","T","R","?","E","M","E"],"character_chosen":"DEFECT","items_purchased":[],"campfire_rested":1,"item_purchase_floors":[],"current_hp_per_floor":[59,52,52,50,41,41,16,40,40,49,38,18,12,2,2],"gold":345,"neow_bonus":"ONE_RARE_RELIC","is_daily":false,"chose_seed":false,"campfire_upgraded":2,"win_rate":0.0,"timestamp":1612259251,"path_taken":["M","M","?","M","M","R","E","R","T","R","?","E","M","E"],"items_purchased_type":[],"build_version":"2020-12-22","purchased_purges":0,"victory":false,"max_hp_per_floor":[89,89,82,82,82,82,82,82,82,82,82,82,82,82,82],"card_choices":[{"not_picked":["Turbo","Glacier"],"picked":"Melter","floor":1},{"not_picked":["Coolheaded","Conserve Battery"],"picked":"Gash","floor":2},{"not_picked":["Hologram","Steam"],"picked":"Gash","floor":4},{"not_picked":["Gash","Turbo"],"picked":"Echo Form","floor":5},{"not_picked":["Hologram","White Noise"],"picked":"Sweeping Beam","floor":7},{"not_picked":["Melter","Redo"],"picked":"Chaos","floor":12},{"not_picked":["Fusion","Gash"],"picked":"Go for the Eyes","floor":13}],"player_experience":478329,"relics_obtained":[{"floor":7,"key":"Anchor"},{"floor":9,"key":"Eternal Feather"},{"floor":12,"key":"Lizard Tail"}],"event_choices":[{"damage_healed":0,"gold_gain":0,"player_choice":"Lose Max HP","damage_taken":0,"relics_obtained":["Golden Idol"],"max_hp_gain":0,"max_hp_loss":7,"event_name":"Golden Idol","floor":3,"gold_loss":0},{"damage_healed":0,"gold_gain":75,"player_choice":"Gather Gold","damage_taken":11,"max_hp_gain":0,"max_hp_loss":0,"event_name":"World of Goop","floor":11,"gold_loss":0}],"is_beta":false,"boss_relics":[],"items_purged_floors":[],"is_endless":false,"potions_floor_spawned":[1,2,13],"killed_by":"3 Sentries","ascension_level":11}}