{"host":"f4xk8spljo3akohx","time":1612243770,"event":{"mods":["Act Like it!","Arknights","BaseMod","Downfall","Gensokyo","GifTheSpireLib","Hallownest","Highlight Path","Marisa£®ÏF”Í°°ƒß¿Ì…≥£©","Minty Spire (QoL Compilation)","Quick Restart","StSLib","The Bug Knight"],"gold_per_floor":[117,82,101,114,39,39,73,73,73,73,103,49,74,74,74,178,178,190,202,452,452,465,498,498,531,531,531,411,437,437,437,437,437,437],"floor_reached":33,"language":"ZHS","playtime":1026,"items_purged":[],"score":328,"play_id":"d098cf2d-a0f1-4ab2-96c5-8b44cf1d0eb1","local_time":"20210202132930","is_ascension_mode":true,"campfire_choices":[{"data":"ats:Mental Burst","floor":6,"key":"SMITH"},{"floor":8,"key":"REST"},{"floor":15,"key":"REST"},{"data":"ats:Flexible Camouflage","floor":24,"key":"SMITH"},{"data":"ats:Demon Strength","floor":27,"key":"SMITH"},{"floor":30,"key":"REST"},{"data":"ats:Durian","floor":32,"key":"SMITH"}],"circlet_count":0,"master_deck":["ats:Armor Crushing Shot","ats:Emotion Absorption","ats:Mental Burst+1","Hallownest:skillGreenpathMap","ats:Consecutive Shot Auto+1","ats:Ignite+1","ats:Durian+1","ats:Chain Hook+1","ats:Very Hot Blade+1","ats:Demon Strength+1","ats:Disruption Kick+1","ats:Magnetic Hammer+1","ats:Beaten Up","ats:Nebulous Foxfire","ats:Sashimi Platter+1","ats:Mental Burst+1","ats:Flexible Camouflage+1"],"relics":["ats:Sanity","Regal Pillow","ats:Originium","White Beast Statue","Molten Egg 2","Hallownest:DreamNailRelic","Shuriken","Lantern","Pandora\u0027s Box","Bronze Scales","Blood Vial","Toxic Egg 2","Gensokyo:SpiderMask","ats:Industrial Water Cannon"],"acts_visited":["Hallownest:Greenpath","Gensokyo:Gensokyoer"],"potions_floor_usage":[25,25,33,33],"damage_taken":[{"damage":7,"enemies":"Hallownest:monsterHuskWarrior","floor":1,"turns":4},{"damage":6,"enemies":"Hallownest:2_Baldur","floor":3,"turns":3},{"damage":9,"enemies":"Hallownest:2_Tiktiks_and_1_Crawlid","floor":4,"turns":5},{"damage":16,"enemies":"Hallownest:eliteVengeflyKing","floor":7,"turns":7},{"damage":23,"enemies":"Hallownest:eliteCrystalGuardian","floor":11,"turns":5},{"damage":19,"enemies":"Hallownest:eliteMossKnight","floor":13,"turns":5},{"damage":37,"enemies":"Hallownest:BossFalseKnight","floor":16,"turns":6},{"damage":22,"enemies":"Gensokyo:3_Dogs","floor":18,"turns":4},{"damage":8,"enemies":"Gensokyo:2_Gloops","floor":19,"turns":4},{"damage":40,"enemies":"Gensokyo:Slime_Group","floor":22,"turns":4},{"damage":34,"enemies":"Gensokyo:Tenshi","floor":23,"turns":3},{"damage":11,"enemies":"Gensokyo:Koishi","floor":25,"turns":2},{"damage":32,"enemies":"Gensokyo:Tenshi","floor":29,"turns":2},{"damage":86,"enemies":"Gensokyo:Eternal_Rivals","floor":33,"turns":4}],"seed_played":"-1695372993554877337","potions_obtained":[{"floor":1,"key":"AttackPotion"},{"floor":11,"key":"ColorlessPotion"},{"floor":13,"key":"Explosive Potion"},{"floor":25,"key":"Fire Potion"},{"floor":29,"key":"BlessingOfTheForge"}],"is_trial":false,"path_per_floor":["M","?","M","M","?","R","E","R","T","?","E","$","E","$","R","B",null,"M","M","?","?","M","E","R","E","T","R","?","E","R","?","R","B"],"character_chosen":"DOCTOR_CLASS","items_purchased":["ats:Ignite+1"],"campfire_rested":3,"item_purchase_floors":[12],"current_hp_per_floor":[65,70,64,55,55,55,39,77,77,77,54,54,35,35,73,36,77,60,77,73,73,61,57,57,46,46,46,46,16,52,52,52,0,0],"gold":437,"neow_bonus":"RANDOM_COMMON_RELIC","is_daily":false,"chose_seed":false,"campfire_upgraded":4,"win_rate":0.0,"timestamp":1612243770,"path_taken":["M","?","M","M","?","R","E","R","T","?","E","$","E","$","R","BOSS","M","?","?","?","M","E","R","E","T","R","?","E","R","?","R","BOSS"],"items_purchased_type":["Card"],"build_version":"2020-12-22","purchased_purges":0,"victory":false,"max_hp_per_floor":[72,77,77,77,77,77,77,77,77,77,77,77,77,77,77,77,77,77,77,73,73,73,73,73,73,73,73,73,73,73,73,73,73,73],"card_choices":[{"not_picked":["ats:Charging Defense","ats:Leaping Hammer"],"picked":"ats:Mental Burst","floor":1},{"not_picked":["ats:Steam Pump","ats:Curse Doll","ats:Poison Spread"],"picked":"SKIP","floor":3},{"not_picked":["ats:Curse Doll","ats:Rat Pack","ats:Absolute Focus"],"picked":"SKIP","floor":4},{"not_picked":["ats:Apocalypse","ats:Poison Spread","ats:Rapid Magazine"],"picked":"SKIP","floor":7},{"not_picked":["ats:Guard Mode","ats:Automatic Cover"],"picked":"ats:Consecutive Shot Auto+1","floor":11},{"not_picked":["ats:Overload+1","ats:LN2 Cannon+1","ats:Apocalypse"],"picked":"SKIP","floor":13},{"not_picked":["ats:Rat Pack","ats:Dogmatic Field"],"picked":"ats:Durian","floor":16},{"not_picked":["ats:Hammer On+1","ats:Sunburst+1"],"picked":"ats:Sashimi Platter+1","floor":18},{"not_picked":["ats:Cat Scratch+1","ats:Shell Defense"],"picked":"ats:Mental Burst+1","floor":19},{"not_picked":["ats:Explosion Area Strengthen+1","ats:Closed Bolt Burst Fire+1","ats:Charging Defense"],"picked":"SKIP","floor":22},{"not_picked":["ats:Part Time Job","ats:Shell Defense"],"picked":"ats:Flexible Camouflage","floor":23},{"not_picked":["ats:Consecutive Shot Auto+1","ats:Shadow Raid","ats:Explosion Area Strengthen+1"],"picked":"SKIP","floor":25},{"not_picked":["ats:Encircling Forest+1","ats:Charging Defense+1","ats:Directed Diagnosis+1"],"picked":"SKIP","floor":29}],"player_experience":70151,"relics_obtained":[{"floor":7,"key":"ats:Originium"},{"floor":7,"key":"White Beast Statue"},{"floor":9,"key":"Molten Egg 2"},{"floor":11,"key":"ats:Originium"},{"floor":11,"key":"Shuriken"},{"floor":13,"key":"ats:Originium"},{"floor":13,"key":"Lantern"},{"floor":23,"key":"ats:Originium"},{"floor":23,"key":"Bronze Scales"},{"floor":25,"key":"Blood Vial"},{"floor":26,"key":"Toxic Egg 2"},{"floor":29,"key":"ats:Industrial Water Cannon"}],"event_choices":[],"is_beta":false,"boss_relics":[{"not_picked":["Ectoplasm","Busted Crown"],"picked":"Pandora\u0027s Box"}],"items_purged_floors":[],"is_endless":false,"potions_floor_spawned":[1,11,13,16,18,19,22,23,25,29],"killed_by":"Gensokyo:Eternal_Rivals","ascension_level":1}}