{"host":"c35j6tsoy7cxzn43","time":1612267098,"event":{"mods":["BaseMod","Better Third Choice","BetterRewards","Colored Map","Colored Powertips","Conspire","Highlight Path","Hubris","Infinite Spire","Minty Spire (QoL Compilation)","Quick Restart","Replay The Spire","Shop Mod","StSLib"],"gold_per_floor":[211,211,211,226,244,244,264,298,346,346,371,39,39,39,39,39,39],"floor_reached":16,"language":"ENG","playtime":534,"items_purged":["Strike_G"],"score":98,"play_id":"b60d24c4-4041-4df6-8ba8-d4a234d417b9","local_time":"20210202125818","is_ascension_mode":false,"campfire_choices":[{"floor":6,"key":"RECALL"},{"data":"Choke","floor":10,"key":"SMITH"},{"data":"Neutralize","floor":13,"key":"SMITH"},{"data":"Strike_G","floor":15,"key":"SMITH"}],"circlet_count":0,"master_deck":["Strike_G","Strike_G+1","Strike_G","Strike_G+1","Defend_G","Defend_G","Defend_G","Defend_G","Defend_G","Survivor+1","Neutralize+1","Flying Knee+1","Choke+1","Regret"],"relics":["Ring of the Snake","ReplayTheSpireMod:Shallot","Juzu Bracelet","hubris:SphereOfDissonance","Pantograph"],"acts_visited":["Exordium"],"potions_floor_usage":[16],"damage_taken":[{"damage":0,"enemies":"Small Slimes","floor":1,"turns":4},{"damage":0,"enemies":"Cultist","floor":4,"turns":3},{"damage":0,"enemies":"Jaw Worm","floor":5,"turns":2},{"damage":4,"enemies":"2 Fungi Beasts","floor":7,"turns":4},{"damage":22,"enemies":"3 Sentries","floor":8,"turns":8},{"damage":59,"enemies":"Slime Boss","floor":16,"turns":7}],"seed_played":"-1250796473288009337","potions_obtained":[{"floor":4,"key":"Swift Potion"},{"floor":8,"key":"Explosive Potion"}],"is_trial":false,"path_per_floor":["M","?","?","M","M","R","M","E","T","R","T","$","R","?","R","B"],"character_chosen":"THE_SILENT","items_purchased":["hubris:SphereOfDissonance"],"campfire_rested":0,"item_purchase_floors":[12],"current_hp_per_floor":[70,56,56,56,56,56,52,30,30,30,30,30,30,33,33,0,0],"gold":39,"neow_bonus":"HUNDRED_GOLD","is_daily":false,"chose_seed":false,"campfire_upgraded":3,"win_rate":0.0,"timestamp":1612267098,"path_taken":["M","?","?","?","M","R","M","E","T","R","?","$","R","?","R","BOSS"],"items_purchased_type":["Relic"],"build_version":"2020-12-22","purchased_purges":1,"victory":false,"max_hp_per_floor":[70,70,70,70,70,70,70,70,70,70,70,70,70,70,70,70,70],"card_choices":[{"not_picked":["Dodge and Roll","Slice"],"picked":"Flying Knee","floor":1},{"not_picked":["hubris:SlightOfHand","Sneak Up","Reflex"],"picked":"SKIP","floor":4},{"not_picked":["hubris:TrickCloak","Deadly Poison"],"picked":"Choke","floor":5},{"not_picked":["Flying Knee","Backflip","Escape Plan"],"picked":"SKIP","floor":7},{"not_picked":["hubris:Sniper","Concentrate","Dagger Throw"],"picked":"SKIP","floor":8},{"not_picked":["hubris:Sniper","Concentrate","Dagger Throw"],"picked":"SKIP","floor":8}],"player_experience":434138,"relics_obtained":[{"floor":8,"key":"ReplayTheSpireMod:Shallot"},{"floor":11,"key":"Juzu Bracelet"}],"event_choices":[{"damage_healed":70,"gold_gain":0,"player_choice":"Upgrade","damage_taken":14,"max_hp_gain":0,"max_hp_loss":70,"event_name":"betterThird:BetterShining","floor":2,"gold_loss":0,"cards_upgraded":["Strike_G","Flying Knee"]},{"damage_healed":0,"gold_gain":0,"player_choice":"Upgraded","damage_taken":0,"max_hp_gain":0,"max_hp_loss":0,"event_name":"Upgrade Shrine","floor":3,"gold_loss":0,"cards_upgraded":["Survivor"]},{"damage_healed":0,"gold_gain":0,"player_choice":"Box","damage_taken":0,"relics_obtained":["Pantograph"],"max_hp_gain":0,"max_hp_loss":0,"event_name":"Big Fish","floor":14,"gold_loss":0,"cards_obtained":["Regret"]}],"is_beta":false,"boss_relics":[],"items_purged_floors":[12],"is_endless":false,"potions_floor_spawned":[4,8],"killed_by":"Slime Boss","ascension_level":0}}