{"host":"2qv44oxt58ptq59r","time":1612292950,"event":{"mods":["AchievementEnabler","BaseMod","Colored Powertips","Highlight Path","Minty Spire (QoL Compilation)","Permanent Neow","StSLib"],"gold_per_floor":[214,232,244,255,272,303,303,334,334,334,351,363,388,353,353,457,457,469,469,487,499,34,34,34,34,115,115,129,153,153,0,0,98,98,108,108,108,123,135,466,466,480,480,16,16,66,66,0,0,0,0,0,0,31,31],"floor_reached":56,"language":"ENG","playtime":6296,"items_purged":["Strike_P"],"score":1240,"play_id":"477a0156-4ca5-492a-a475-d425fd2a09b7","local_time":"20210202190910","is_ascension_mode":true,"campfire_choices":[{"data":"Eruption","floor":7.0,"key":"SMITH"},{"data":"Devotion","floor":10.0,"key":"SMITH"},{"data":"Vigilance","floor":15.0,"key":"SMITH"},{"data":"MasterReality","floor":23.0,"key":"SMITH"},{"floor":25.0,"key":"RECALL"},{"data":"MentalFortress","floor":27.0,"key":"SMITH"},{"data":"ClearTheMind","floor":32.0,"key":"SMITH"},{"floor":41.0,"key":"REST"},{"data":"Panache","floor":45.0,"key":"SMITH"},{"data":"ConjureBlade","floor":47.0,"key":"SMITH"},{"floor":49.0,"key":"REST"},{"data":"ReachHeaven","floor":52,"key":"SMITH"}],"circlet_count":0,"master_deck":["Strike_P","Strike_P","Strike_P","Defend_P","Defend_P","Defend_P","Eruption+1","Vigilance+1","ClearTheMind+1","FlurryOfBlows","CutThroughFate+1","Weave+1","ReachHeaven+1","CutThroughFate","Devotion+1","Wireheading","FlurryOfBlows+1","Ragnarok+1","MasterReality+1","Conclude+1","ForeignInfluence+1","SashWhip+1","MentalFortress+1","Halt","TalkToTheHand+1","RitualDagger+1","Devotion+1","ConjureBlade+1","CurseOfTheBell","FlurryOfBlows+1","Panache+1","Crescendo+1","SandsOfTime+1","SashWhip+1","Consecrate+1","JustLucky+1","CrushJoints+1"],"relics":["PureWater","Pocketwatch","Molten Egg 2","Thread and Needle","Kunai","Incense Burner","White Beast Statue","Blood Vial","DollysMirror","Calling Bell","Juzu Bracelet","Question Card","CaptainsWheel","Old Coin","Bottled Flame","ClockworkSouvenir","Torii","Red Mask","Whetstone"],"acts_visited":["Exordium","TheCity","TheBeyond","TheEnding"],"potions_floor_usage":[54,55,55],"damage_taken":[{"damage":2.0,"enemies":"Cultist","floor":1.0,"turns":5.0},{"damage":0.0,"enemies":"Small Slimes","floor":2.0,"turns":3.0},{"damage":0.0,"enemies":"2 Louse","floor":3.0,"turns":4.0},{"damage":0.0,"enemies":"Large Slime","floor":4.0,"turns":3.0},{"damage":0.0,"enemies":"Blue Slaver","floor":5.0,"turns":4.0},{"damage":18.0,"enemies":"3 Sentries","floor":6.0,"turns":7.0},{"damage":4.0,"enemies":"Gremlin Nob","floor":8.0,"turns":3.0},{"damage":0.0,"enemies":"Looter","floor":11.0,"turns":2.0},{"damage":0.0,"enemies":"Gremlin Gang","floor":12.0,"turns":3.0},{"damage":6.0,"enemies":"Lagavulin","floor":13.0,"turns":3.0},{"damage":16.0,"enemies":"Hexaghost","floor":16.0,"turns":5.0},{"damage":0.0,"enemies":"Spheric Guardian","floor":18.0,"turns":3.0},{"damage":0.0,"enemies":"Shell Parasite","floor":20.0,"turns":1.0},{"damage":0.0,"enemies":"Sentry and Sphere","floor":21.0,"turns":3.0},{"damage":4.0,"enemies":"Centurion and Healer","floor":28.0,"turns":4.0},{"damage":10.0,"enemies":"Champ","floor":33.0,"turns":8.0},{"damage":22.0,"enemies":"3 Darklings","floor":35.0,"turns":5.0},{"damage":1.0,"enemies":"3 Shapes","floor":38.0,"turns":4.0},{"damage":6.0,"enemies":"Sphere and 2 Shapes","floor":39.0,"turns":4.0},{"damage":9.0,"enemies":"Giant Head","floor":40.0,"turns":6.0},{"damage":12.0,"enemies":"Jaw Worm Horde","floor":42.0,"turns":4.0},{"damage":8.0,"enemies":"Mind Bloom Boss Battle","floor":46.0,"turns":5.0},{"damage":8,"enemies":"Time Eater","floor":50,"turns":9},{"damage":19,"enemies":"Shield and Spear","floor":54,"turns":6},{"damage":28,"enemies":"The Heart","floor":55,"turns":7}],"seed_played":"7448641887948751380","potions_obtained":[{"floor":1.0,"key":"AttackPotion"},{"floor":8.0,"key":"GamblersBrew"},{"floor":11.0,"key":"BottledMiracle"},{"floor":12.0,"key":"BlessingOfTheForge"},{"floor":13.0,"key":"Energy Potion"},{"floor":18.0,"key":"DuplicationPotion"},{"floor":20.0,"key":"Strength Potion"},{"floor":28.0,"key":"SmokeBomb"},{"floor":33.0,"key":"SteroidPotion"},{"floor":35.0,"key":"Energy Potion"},{"floor":38.0,"key":"SteroidPotion"},{"floor":39.0,"key":"SpeedPotion"},{"floor":40.0,"key":"SpeedPotion"},{"floor":42.0,"key":"Weak Potion"},{"floor":46.0,"key":"Strength Potion"},{"floor":54,"key":"StancePotion"}],"is_trial":false,"path_per_floor":["M","M","M","M","M","E","R","E","T","R","M","M","E","?","R","B",null,"M","?","M","M","$","R","?","R","T","R","M","T","?","$","R","B",null,"M","?","?","M","M","E","R","M","T","$","R","?","R","?","R","B",null,"R","$","E","B",null],"character_chosen":"WATCHER","items_purchased":["Incense Burner","MentalFortress","Halt","DollysMirror","Bottled Flame","ClockworkSouvenir","LiquidBronze"],"campfire_rested":2,"item_purchase_floors":[22,22,22,31,44,44,44],"current_hp_per_floor":[70,70,70,70,70,52,52,48,48,48,48,48,42,60,60,44,72,72,72,72,72,72,72,72,72,72,72,68,68,62,62,62,54,72,50,50,50,51,47,40,61,51,51,51,51,45,45,45,66,60,72,72,72,53,27],"gold":31,"neow_bonus":"HUNDRED_GOLD","is_daily":false,"chose_seed":false,"campfire_upgraded":9,"win_rate":0.0,"timestamp":1612292950,"path_taken":["M","M","?","M","M","E","R","E","T","R","M","M","E","?","R","BOSS","M","?","M","M","$","R","?","R","T","R","M","?","?","?","R","BOSS","M","?","?","M","M","E","R","M","T","$","R","?","R","?","R","BOSS","R","$","E","BOSS"],"items_purchased_type":["Relic","Card","Card","Relic","Relic","Relic","Potion"],"build_version":"2020-12-22","purchased_purges":1,"victory":true,"max_hp_per_floor":[72,72,72,72,72,72,72,72,72,72,72,72,72,72,72,72,72,72,72,72,72,72,72,72,72,72,72,72,72,72,72,72,72,72,72,72,72,72,72,72,72,72,72,72,72,72,72,72,72,72,72,72,72,72,72],"card_choices":[{"not_picked":["Collect","ThirdEye"],"picked":"ClearTheMind","floor":1.0},{"not_picked":["ClearTheMind","Fasting2"],"picked":"FlurryOfBlows","floor":2.0},{"not_picked":["ThirdEye","Meditate"],"picked":"CutThroughFate","floor":3.0},{"not_picked":["Adaptation","Evaluate"],"picked":"Weave","floor":4.0},{"not_picked":["Indignation","FlyingSleeves"],"picked":"ReachHeaven","floor":5.0},{"not_picked":["SignatureMove","ForeignInfluence"],"picked":"CutThroughFate","floor":6.0},{"not_picked":["Nirvana","InnerPeace"],"picked":"Devotion","floor":8.0},{"not_picked":["EmptyBody","ClearTheMind"],"picked":"Wireheading","floor":11.0},{"not_picked":["ClearTheMind","SignatureMove+1"],"picked":"FlurryOfBlows+1","floor":12.0},{"not_picked":["FollowUp+1","Fasting2"],"picked":"Ragnarok+1","floor":13.0},{"not_picked":["Judgement","Scrawl"],"picked":"MasterReality","floor":16.0},{"not_picked":["LikeWater","EmptyBody"],"picked":"Conclude+1","floor":18.0},{"not_picked":["Swivel","Evaluate+1"],"picked":"ForeignInfluence+1","floor":20.0},{"not_picked":["Meditate+1","Perseverance"],"picked":"SashWhip+1","floor":21.0},{"not_picked":["BowlingBash+1","Collect+1"],"picked":"TalkToTheHand+1","floor":28.0},{"not_picked":["Scrawl","Judgement"],"picked":"ConjureBlade","floor":33.0},{"not_picked":["CrushJoints+1","CutThroughFate+1","Wireheading"],"picked":"FlurryOfBlows+1","floor":35.0},{"not_picked":["Trip","Apotheosis","Purity"],"picked":"Panache","floor":37.0},{"not_picked":["Vengeance+1","FollowUp+1","Consecrate+1"],"picked":"Crescendo+1","floor":38.0},{"not_picked":["PathToVictory","BowlingBash+1","Worship+1"],"picked":"SandsOfTime+1","floor":39.0},{"not_picked":["SignatureMove+1","Crescendo+1","CutThroughFate+1"],"picked":"SashWhip+1","floor":40.0},{"not_picked":["Worship+1","PathToVictory","FlyingSleeves+1"],"picked":"Consecrate+1","floor":42.0},{"not_picked":["LessonLearned+1","EmptyFist+1","Consecrate+1"],"picked":"JustLucky+1","floor":46.0},{"not_picked":["EmptyFist+1","ForeignInfluence+1","FollowUp+1"],"picked":"CrushJoints+1","floor":54}],"player_experience":5554357,"relics_obtained":[{"floor":6.0,"key":"Pocketwatch"},{"floor":8.0,"key":"Molten Egg 2"},{"floor":9.0,"key":"Thread and Needle"},{"floor":13.0,"key":"Kunai"},{"floor":26.0,"key":"White Beast Statue"},{"floor":29.0,"key":"Blood Vial"},{"floor":34.0,"key":"Juzu Bracelet"},{"floor":34.0,"key":"Question Card"},{"floor":34.0,"key":"CaptainsWheel"},{"floor":40.0,"key":"Old Coin"},{"floor":46.0,"key":"Torii"},{"floor":54,"key":"Whetstone"}],"event_choices":[{"damage_healed":18.0,"max_hp_gain":0.0,"max_hp_loss":0.0,"gold_gain":0.0,"event_name":"The Cleric","player_choice":"Healed","floor":14.0,"gold_loss":35.0,"damage_taken":0.0},{"damage_healed":0.0,"max_hp_gain":0.0,"max_hp_loss":0.0,"gold_gain":0.0,"event_name":"Cursed Tome","player_choice":"Ignored","floor":19.0,"gold_loss":0.0,"damage_taken":0.0},{"damage_healed":0.0,"max_hp_gain":0.0,"max_hp_loss":0.0,"gold_gain":0.0,"event_name":"Ghosts","player_choice":"Ignored","floor":24.0,"gold_loss":0.0,"damage_taken":0.0},{"damage_healed":0.0,"max_hp_gain":0.0,"max_hp_loss":0.0,"gold_gain":0.0,"event_name":"Nest","player_choice":"Joined the Cult","floor":30.0,"gold_loss":0.0,"damage_taken":6.0,"cards_obtained":["RitualDagger"]},{"cards_removed":["Defend_P"],"damage_healed":0.0,"max_hp_gain":0.0,"max_hp_loss":0.0,"gold_gain":0.0,"event_name":"Falling","player_choice":"Removed Skill","floor":36.0,"gold_loss":0.0,"damage_taken":0.0},{"damage_healed":0.0,"max_hp_gain":0.0,"max_hp_loss":0.0,"gold_gain":0.0,"event_name":"SensoryStone","player_choice":"Memory 1","floor":37.0,"gold_loss":0.0,"damage_taken":0.0},{"damage_healed":0.0,"max_hp_gain":0.0,"max_hp_loss":0.0,"gold_gain":0.0,"event_name":"MindBloom","player_choice":"Fight","floor":46.0,"gold_loss":0.0,"damage_taken":0.0},{"damage_healed":0.0,"max_hp_gain":0.0,"max_hp_loss":0.0,"gold_gain":0.0,"event_name":"Tomb of Lord Red Mask","player_choice":"Paid","floor":48.0,"gold_loss":66.0,"damage_taken":0.0,"relics_obtained":["Red Mask"]}],"is_beta":false,"boss_relics":[{"not_picked":["Sozu","Runic Dome","Snecko Eye"]},{"not_picked":["Velvet Choker","SacredBark"],"picked":"Calling Bell"}],"items_purged_floors":[22],"is_endless":false,"potions_floor_spawned":[1,8,11,12,13,18,20,28,33,35,38,39,40,42,46,54],"ascension_level":1}}