{"host":"dn75ecfuf46shptz","time":1612256379,"event":{"mods":["AchievementEnabler","BaseMod","Bestiary","Better Match","Better Note","Better Sensory Stone","Better Third Choice","Better Vampires","Card Forge","Colored Powertips","Custom Start","Defuse TimeMaze Blight","Displayed Cursed Tome","Emptier Cage","Hermit","Highlight Path","Minty Spire (QoL Compilation)","Potionbrewer","Rare Cards Sparkle","Relic Filter","Reliquary","Shade Mod","Spicy Shops","StSLib","The Blue Laboratory","The Runesmith","TheFirefly","Unceasing Turn Reminder"],"gold_per_floor":[119,133,35,110,121,121,151,151,151,161,177,195,214,243,243,347,347,367,642,18,18,18,50,64,90,145,172,182,200,200,212,212,309,309,328,348,365,379,6,6,35,35,62,90,110,145,60,60,60,60],"floor_reached":51,"language":"ENG","playtime":10480,"items_purged":[],"score":834,"play_id":"53a5c172-37ec-4676-83d3-6a70b6cec01d","local_time":"20210202025939","daily_mods":["Blue Cards","Elite Swarm"],"is_ascension_mode":false,"campfire_choices":[{"floor":6,"key":"REST"},{"floor":15,"key":"REST"},{"floor":30,"key":"REST"},{"data":"Panacea","floor":32,"key":"SMITH"},{"floor":40,"key":"REST"},{"data":"Gash","floor":42,"key":"SMITH"},{"floor":49,"key":"REST"}],"circlet_count":0,"master_deck":["hermit:CursedWeapon+1","hermit:GoldenBullet+1","hermit:Snipe+1","hermit:Vantage+1","Conserve Battery+1","Rebound+1","Gash+1","Gash+1","hermit:Glare+1","Panacea+1","Chaos+1","hermit:LoneWolf+1","hermit:HeroicBravado+1","Seek+1","hermit:GhostlyPresence+1","Echo Form+1","All For One+1","White Noise+1","Rainbow+1","hermit:Determination+1","Gash+1","Force Field+1","hermit:Dive+1","hermit:Coalescence+1","Chrysalis+1"],"relics":["Cracked Core","Hammer of Thor","Seething Fire","Anvil of the Gods","Toxic Egg 2","reliquary:Firecrackers","War Paint","reliquary:RedCape","potionbrewer:AlchemistFlask","reliquary:Conveyor","reliquary:Firecrackers","reliquary:IridiumChain","Lizard Tail","Whetstone","Shuriken","Nuclear Battery","potionbrewer:SlideRule","Boot","reliquary:Knoch","Nunchaku","Blood Vial"],"acts_visited":["Exordium","TheCity","TheBeyond"],"potions_floor_usage":[14,16,16,18,23,33,33,37,44,46,50],"damage_taken":[{"damage":7,"enemies":"Jaw Worm","floor":1,"turns":2},{"damage":2,"enemies":"Cultist","floor":2,"turns":3},{"damage":12,"enemies":"Small Slimes","floor":5,"turns":2},{"damage":16,"enemies":"Lagavulin","floor":7,"turns":4},{"damage":2,"enemies":"Looter","floor":10,"turns":3},{"damage":2,"enemies":"Blue Slaver","floor":11,"turns":2},{"damage":2,"enemies":"Exordium Wildlife","floor":12,"turns":3},{"damage":2,"enemies":"Gremlin Gang","floor":13,"turns":3},{"damage":9,"enemies":"3 Sentries","floor":14,"turns":5},{"damage":8,"enemies":"Hexaghost","floor":16,"turns":8},{"damage":5,"enemies":"3 Byrds","floor":18,"turns":4},{"damage":11,"enemies":"Gremlin Leader","floor":23,"turns":4},{"damage":18,"enemies":"2 Thieves","floor":24,"turns":3},{"damage":10,"enemies":"Slavers","floor":25,"turns":3},{"damage":0,"enemies":"Book of Stabbing","floor":27,"turns":5},{"damage":3,"enemies":"Snecko","floor":28,"turns":4},{"damage":2,"enemies":"3 Cultists","floor":29,"turns":4},{"damage":2,"enemies":"Centurion and Healer","floor":31,"turns":3},{"damage":17,"enemies":"Automaton","floor":33,"turns":8},{"damage":9,"enemies":"Orb Walker","floor":35,"turns":2},{"damage":2,"enemies":"3 Shapes","floor":36,"turns":1},{"damage":5,"enemies":"Transient","floor":37,"turns":5},{"damage":24,"enemies":"Maw","floor":38,"turns":4},{"damage":8,"enemies":"Giant Head","floor":41,"turns":5},{"damage":11,"enemies":"Nemesis","floor":44,"turns":5},{"damage":14,"enemies":"Sphere and 2 Shapes","floor":45,"turns":4},{"damage":67,"enemies":"Reptomancer","floor":46,"turns":3},{"damage":8,"enemies":"Awakened One","floor":50,"turns":12}],"seed_played":"937202418968901266","potions_obtained":[{"floor":1,"key":"BlessingOfTheForge"},{"floor":5,"key":"blueLaboratory:FruitPunch"},{"floor":12,"key":"Weak Potion"},{"floor":14,"key":"potionbrewer:DiscountPotion"},{"floor":16,"key":"blueLaboratory:HummingbirdPotion"},{"floor":18,"key":"PotionOfCapacity"},{"floor":22,"key":"FocusPotion"},{"floor":23,"key":"blueLaboratory:FrostheartPotion"},{"floor":24,"key":"potionbrewer:NoxiousPotion"},{"floor":27,"key":"blueLaboratory:BottledHope"},{"floor":38,"key":"blueLaboratory:SystemWipe"},{"floor":41,"key":"Weak Potion"},{"floor":44,"key":"AttackPotion"},{"floor":46,"key":"blueLaboratory:TrueEctoplasm"}],"is_trial":true,"path_per_floor":["M","M","$","?","M","R","E","$","T","M","M","M","M","E","R","B",null,"M","?","$","?","?","E","M","E","T","E","M","M","R","M","R","B",null,"M","M","M","M","$","R","E","R","T","E","M","E","$","?","R","B",null],"character_chosen":"DEFECT","items_purchased":["Panacea","potionbrewer:AlchemistFlask","reliquary:Conveyor","potionbrewer:SlideRule","Force Field+1","hermit:Dive+1","hermit:Coalescence+1"],"campfire_rested":5,"item_purchase_floors":[3,20,20,39,39,47,47],"current_hp_per_floor":[68,66,66,55,43,65,49,49,49,47,45,43,41,34,57,49,77,72,72,72,72,72,61,43,33,33,33,30,28,51,49,49,32,77,68,66,61,37,37,60,52,52,52,41,27,4,4,4,27,23],"gold":60,"neow_bonus":"","is_daily":false,"chose_seed":false,"campfire_upgraded":2,"win_rate":0.0,"timestamp":1612256379,"path_taken":["M","M","$","?","M","R","E","?","T","M","M","M","?","E","R","BOSS","M","?","$","?","?","E","M","E","T","E","M","?","R","M","R","BOSS","M","M","M","M","$","R","E","R","T","E","M","E","$","?","R","BOSS"],"items_purchased_type":["Card","Relic","Relic","Relic","Card","Card","Card"],"build_version":"2020-12-22","purchased_purges":0,"victory":true,"max_hp_per_floor":[75,75,75,75,75,75,75,75,75,75,75,75,75,77,77,77,77,77,77,77,77,77,77,77,77,77,77,77,77,77,77,77,77,77,77,77,77,77,77,77,77,77,77,77,77,77,77,77,77,79],"card_choices":[{"not_picked":["hermit:TrackingShot","hermit:Coalescence","hermit:Roulette"],"picked":"SKIP","floor":1},{"not_picked":["Go for the Eyes","Streamline"],"picked":"hermit:Glare","floor":2},{"not_picked":["Genetic Algorithm","hermit:BodyArmor"],"picked":"Chaos","floor":5},{"not_picked":["Reboot+1","Hyperbeam"],"picked":"Creative AI","floor":7},{"not_picked":["Barrage","Double Energy+1","Compile Driver"],"picked":"SKIP","floor":10},{"not_picked":["Loop","hermit:Showdown","Streamline"],"picked":"SKIP","floor":11},{"not_picked":["hermit:DeadMansHand+1","hermit:Misfire","hermit:Manifest+1"],"picked":"SKIP","floor":12},{"not_picked":["hermit:Misfire","Chaos+1"],"picked":"hermit:LoneWolf+1","floor":13},{"not_picked":["Creative AI","Rainbow+1"],"picked":"hermit:HeroicBravado+1","floor":14},{"not_picked":["Meteor Strike","Biased Cognition"],"picked":"Seek+1","floor":16},{"not_picked":["Go for the Eyes","hermit:ShadowCloak","hermit:HighCaliber"],"picked":"SKIP","floor":18},{"not_picked":["Seek+1","hermit:FinalCanter"],"picked":"Echo Form","floor":23},{"not_picked":["hermit:GoldenBullet+1","hermit:Feint+1"],"picked":"hermit:GhostlyPresence+1","floor":24},{"not_picked":["Reboot+1","hermit:Roughhouse"],"picked":"Biased Cognition","floor":25},{"not_picked":["Electrodynamics","hermit:FinalCanter"],"picked":"All For One","floor":27},{"not_picked":["hermit:ItchyTrigger","hermit:Desperado"],"picked":"White Noise+1","floor":28},{"not_picked":["hermit:ItchyTrigger","Scrape","Sweeping Beam"],"picked":"SKIP","floor":29},{"not_picked":["Aggregate+1","FTL","hermit:ShadowCloak"],"picked":"SKIP","floor":31},{"not_picked":["Seek+1","Multi-Cast+1"],"picked":"Rainbow+1","floor":33},{"not_picked":["Streamline","hermit:CalledShot","Rebound"],"picked":"SKIP","floor":35},{"not_picked":["Force Field+1","hermit:Manifest+1"],"picked":"hermit:Determination+1","floor":36},{"not_picked":["Doom and Gloom+1","Stack+1","hermit:HoleUp+1"],"picked":"SKIP","floor":37},{"not_picked":["Barrage","hermit:Dive+1"],"picked":"Gash","floor":38},{"not_picked":["hermit:FinalCanter","hermit:Roughhouse","hermit:RoundhouseKick"],"picked":"SKIP","floor":41},{"not_picked":["hermit:Roughhouse","hermit:Reprieve+1","hermit:DeadOrAlive"],"picked":"SKIP","floor":44},{"not_picked":["hermit:Ricochet","hermit:TrackingShot+1","Streamline+1"],"picked":"SKIP","floor":45},{"not_picked":["Meteor Strike","hermit:Dissolve+1","hermit:Roughhouse"],"picked":"SKIP","floor":46},{"not_picked":["Panacea+1","Swift Strike"],"picked":"Chrysalis+1","floor":48}],"player_experience":122509,"relics_obtained":[{"floor":7,"key":"Toxic Egg 2"},{"floor":9,"key":"reliquary:Firecrackers"},{"floor":14,"key":"War Paint"},{"floor":23,"key":"reliquary:IridiumChain"},{"floor":25,"key":"Lizard Tail"},{"floor":26,"key":"Whetstone"},{"floor":27,"key":"Shuriken"},{"floor":41,"key":"Boot"},{"floor":43,"key":"reliquary:Knoch"},{"floor":44,"key":"Nunchaku"},{"floor":46,"key":"Blood Vial"}],"event_choices":[{"damage_healed":0,"gold_gain":75,"player_choice":"Gold","damage_taken":11,"max_hp_gain":0,"max_hp_loss":0,"event_name":"betterThird:BetterGoop","floor":4,"gold_loss":0},{"damage_healed":0,"gold_gain":275,"player_choice":"Desecrate","damage_taken":0,"max_hp_gain":0,"max_hp_loss":0,"event_name":"Golden Shrine","floor":19,"gold_loss":0,"cards_obtained":["Regret"]},{"cards_removed":["hermit:GhostlyPresence"],"damage_healed":0,"gold_gain":0,"player_choice":"Gave Card","damage_taken":0,"relics_obtained":["reliquary:SculptingSteel"],"max_hp_gain":0,"max_hp_loss":0,"event_name":"WeMeetAgain","floor":21,"gold_loss":0},{"damage_healed":0,"gold_gain":0,"player_choice":"Got Potions","damage_taken":0,"max_hp_gain":0,"max_hp_loss":0,"event_name":"Lab","floor":22,"gold_loss":0},{"damage_healed":0,"gold_gain":3,"player_choice":"1","damage_taken":0,"max_hp_gain":0,"max_hp_loss":0,"event_name":"betterStone:BetterStone","floor":48,"gold_loss":0}],"is_beta":false,"boss_relics":[{"not_picked":["Runic Pyramid","reliquary:KinkedSpring"],"picked":"reliquary:RedCape"},{"not_picked":["Empty Cage","reliquary:WritOfMandamus"],"picked":"Nuclear Battery"}],"items_purged_floors":[],"is_endless":false,"potions_floor_spawned":[1,5,12,14,16,18,23,24,27,38,41,44,46],"ascension_level":0}}