{"host":"i2s4iw62z1dejrqn","time":1612251186,"event":{"mods":["AchievementEnabler","BaseMod","Minty Spire (QoL Compilation)","Random Character Button","SuperFastMode"],"gold_per_floor":[119,44,62,62,80,108,108,108,108,108,108],"floor_reached":10,"language":"KOR","playtime":487,"items_purged":["Defend_P"],"score":92,"play_id":"e4f6be3b-87c9-4a97-bc3c-b72cec76ce17","local_time":"20210202163306","is_ascension_mode":true,"campfire_choices":[{"data":"Eruption","floor":7,"key":"SMITH"}],"circlet_count":0,"master_deck":["Strike_P","Strike_P","Strike_P","Strike_P","Defend_P","Defend_P","Defend_P","Eruption+1","Vigilance","MentalFortress"],"relics":["PureWater","NeowsBlessing","TeardropLocket","Darkstone Periapt","WingedGreaves"],"acts_visited":["Exordium"],"potions_floor_usage":[6],"damage_taken":[{"damage":0,"enemies":"Small Slimes","floor":1,"turns":1},{"damage":0,"enemies":"Cultist","floor":3,"turns":1},{"damage":0,"enemies":"Jaw Worm","floor":5,"turns":1},{"damage":13,"enemies":"Lagavulin","floor":6,"turns":5},{"damage":41,"enemies":"Gremlin Nob","floor":10,"turns":4}],"seed_played":"8047839749282253987","potions_obtained":[{"floor":1,"key":"Explosive Potion"},{"floor":6,"key":"SpeedPotion"}],"is_trial":false,"path_per_floor":["M","$","M","?","M","E","R","?","T","E"],"character_chosen":"WATCHER","items_purchased":[],"campfire_rested":0,"item_purchase_floors":[],"current_hp_per_floor":[65,65,65,53,53,40,40,40,40,0,0],"gold":108,"neow_bonus":"THREE_ENEMY_KILL","is_daily":false,"chose_seed":false,"campfire_upgraded":1,"win_rate":0.0,"timestamp":1612251186,"path_taken":["M","$","M","?","M","E","R","?","T","E"],"items_purchased_type":[],"build_version":"2020-12-22","purchased_purges":1,"victory":false,"max_hp_per_floor":[72,72,72,72,72,72,72,72,72,72,72],"card_choices":[{"not_picked":["Protect","JustLucky"],"picked":"MentalFortress","floor":1},{"not_picked":["BowlingBash","CutThroughFate","WaveOfTheHand"],"picked":"SKIP","floor":3},{"not_picked":["WreathOfFlame","EmptyBody","CutThroughFate"],"picked":"SKIP","floor":5},{"not_picked":["BowlingBash","WaveOfTheHand","Sanctity"],"picked":"SKIP","floor":6}],"player_experience":456927,"relics_obtained":[{"floor":6,"key":"Darkstone Periapt"}],"event_choices":[{"damage_healed":0,"gold_gain":0,"player_choice":"Success","damage_taken":12,"relics_obtained":["TeardropLocket"],"max_hp_gain":0,"max_hp_loss":0,"event_name":"Scrap Ooze","floor":4,"gold_loss":0},{"damage_healed":0,"gold_gain":0,"player_choice":"Gave Potion","damage_taken":0,"relics_obtained":["WingedGreaves"],"max_hp_gain":0,"max_hp_loss":0,"event_name":"WeMeetAgain","floor":8,"gold_loss":0}],"is_beta":false,"boss_relics":[],"items_purged_floors":[2],"is_endless":false,"potions_floor_spawned":[1,6],"killed_by":"Gremlin Nob","ascension_level":8}}