{"host":"utqe55yv0jihe4d6","time":1612235068,"event":{"mods":["2.2 Compatiblity","AchievementEnabler","BaseMod","Block Reminder","Colored Map","Colored Powertips","Minty Spire (QoL Compilation)","Quick Restart","Rare Cards Sparkle","Relic Stats","SuperFastMode"],"gold_per_floor":[118,138,150,150,166,200,35,45,45,60,92,102,122,141,141,216,216,231,269,309,327,9,36,36,36,89,155,155,155],"floor_reached":28,"language":"ENG","playtime":1283,"items_purged":["Defend_P","Strike_P"],"score":716,"play_id":"cc3a91b2-53cc-42ab-a775-d9f4410b34ab","local_time":"20210201220428","is_ascension_mode":true,"campfire_choices":[{"data":"Conclude","floor":15.0,"key":"SMITH"},{"floor":25,"key":"REST"}],"circlet_count":0,"master_deck":["AscendersBane","Strike_P","Strike_P+1","Strike_P","Defend_P","Defend_P","Defend_P","Eruption","Vigilance","Worship","ReachHeaven","ClearTheMind","JustLucky","Wallop","WheelKick+1","Wallop","SpiritShield","Conclude+1","Wallop","Wish","ThirdEye","Nirvana","Omniscience","MentalFortress","Halt","Writhe","CutThroughFate"],"relics":["Runic Pyramid","Gambling Chip","Smiling Mask","Whetstone","Cursed Key","Lantern","Mummified Hand"],"acts_visited":["Exordium","TheCity"],"potions_floor_usage":[23,28,28],"damage_taken":[{"damage":13.0,"enemies":"Small Slimes","floor":1.0,"turns":4.0},{"damage":2.0,"enemies":"Cultist","floor":2.0,"turns":3.0},{"damage":5.0,"enemies":"2 Louse","floor":3.0,"turns":4.0},{"damage":8.0,"enemies":"Blue Slaver","floor":5.0,"turns":4.0},{"damage":0.0,"enemies":"Gremlin Nob","floor":6.0,"turns":2.0},{"damage":1.0,"enemies":"2 Fungi Beasts","floor":8.0,"turns":3.0},{"damage":0.0,"enemies":"Looter","floor":10.0,"turns":3.0},{"damage":0.0,"enemies":"3 Sentries","floor":11.0,"turns":6.0},{"damage":0.0,"enemies":"Blue Slaver","floor":12.0,"turns":2.0},{"damage":0.0,"enemies":"Large Slime","floor":13.0,"turns":3.0},{"damage":25.0,"enemies":"Exordium Thugs","floor":14.0,"turns":6.0},{"damage":0.0,"enemies":"Slime Boss","floor":16.0,"turns":6.0},{"damage":8.0,"enemies":"3 Byrds","floor":18.0,"turns":2.0},{"damage":0.0,"enemies":"Chosen","floor":19.0,"turns":3.0},{"damage":3.0,"enemies":"Centurion and Healer","floor":20.0,"turns":4.0},{"damage":0,"enemies":"Snecko","floor":21,"turns":4},{"damage":17,"enemies":"Book of Stabbing","floor":23,"turns":5},{"damage":32,"enemies":"Snake Plant","floor":27,"turns":7},{"damage":16,"enemies":"Slavers","floor":28,"turns":2}],"seed_played":"-4129567494512979727","potions_obtained":[{"floor":1.0,"key":"BottledMiracle"},{"floor":4.0,"key":"SteroidPotion"},{"floor":4.0,"key":"BlessingOfTheForge"},{"floor":8.0,"key":"LiquidBronze"},{"floor":10.0,"key":"DistilledChaos"},{"floor":12.0,"key":"DistilledChaos"},{"floor":13.0,"key":"LiquidMemories"},{"floor":18.0,"key":"ColorlessPotion"},{"floor":27,"key":"Strength Potion"}],"is_trial":false,"path_per_floor":["M","M","M","?","M","E","$","M","T","M","E","M","M","M","R","B",null,"M","M","M","M","$","E","?","R","T","M","E"],"character_chosen":"WATCHER","items_purchased":["Wallop","Lantern","MentalFortress","Halt"],"campfire_rested":1,"item_purchase_floors":[7,22,22,22],"current_hp_per_floor":[48,46,41,41,33,33,33,32,32,32,32,32,32,7,7,7,53,45,45,42,42,42,25,25,45,45,13,0,0],"gold":155,"neow_bonus":"BOSS_RELIC","is_daily":false,"chose_seed":false,"campfire_upgraded":1,"win_rate":0.0,"timestamp":1612235068,"path_taken":["M","M","M","?","M","E","$","?","T","M","E","M","M","M","R","BOSS","M","M","M","M","$","E","?","R","T","M","E"],"items_purchased_type":["Card","Relic","Card","Card"],"build_version":"2020-12-22","purchased_purges":2,"victory":false,"max_hp_per_floor":[68,68,68,68,68,68,68,68,68,68,68,68,68,68,68,68,68,68,68,68,68,68,68,68,68,68,68,68,68],"relic_stats":{"counters":[19,73],"Mummified Hand":[1],"Gambling Chip":[46],"Whetstone":["WheelKick","Strike_P"],"Smiling Mask":50,"Cursed Key":1,"obtain_stats":[{"Lantern":22,"Mummified Hand":23,"Gambling Chip":6,"Whetstone":11,"PureWater":0,"Smiling Mask":9,"Cursed Key":17,"Runic Pyramid":0},{"Lantern":16,"Mummified Hand":17,"Gambling Chip":5,"Whetstone":8,"PureWater":0,"Smiling Mask":6,"Cursed Key":12,"Runic Pyramid":0},{"Lantern":59,"Mummified Hand":64,"Gambling Chip":17,"Whetstone":29,"PureWater":0,"Smiling Mask":20,"Cursed Key":46,"Runic Pyramid":0}]},"card_choices":[{"not_picked":["ClearTheMind","PathToVictory"],"picked":"Worship","floor":1.0},{"not_picked":["Protect","PathToVictory"],"picked":"ReachHeaven","floor":2.0},{"not_picked":["Perseverance","FlurryOfBlows"],"picked":"ClearTheMind","floor":3.0},{"not_picked":["EmptyFist","Consecrate"],"picked":"JustLucky","floor":5.0},{"not_picked":["WindmillStrike","BattleHymn","Crescendo"],"picked":"SKIP","floor":6.0},{"not_picked":["PathToVictory","Fasting2"],"picked":"WheelKick","floor":8.0},{"not_picked":["MasterReality","Indignation"],"picked":"Wallop","floor":10.0},{"not_picked":["ReachHeaven","BowlingBash"],"picked":"SpiritShield","floor":11.0},{"not_picked":["ClearTheMind","FollowUp"],"picked":"Conclude","floor":12.0},{"not_picked":["LikeWater","MentalFortress"],"picked":"Wallop","floor":13.0},{"not_picked":["ClearTheMind","Fasting2","Protect"],"picked":"SKIP","floor":14.0},{"not_picked":["Ragnarok","DeusExMachina"],"picked":"Wish","floor":16.0},{"not_picked":["Sanctity","EmptyFist","PathToVictory"],"picked":"SKIP","floor":18.0},{"not_picked":["Pray","CrushJoints"],"picked":"ThirdEye","floor":19.0},{"not_picked":["EmptyBody","DeceiveReality"],"picked":"Nirvana","floor":20.0},{"not_picked":["EmptyFist","ClearTheMind"],"picked":"Omniscience","floor":21},{"not_picked":["Vengeance","Perseverance","DeceiveReality"],"picked":"SKIP","floor":23},{"not_picked":["Evaluate","Crescendo"],"picked":"CutThroughFate","floor":27}],"player_experience":2977383,"relics_obtained":[{"floor":6.0,"key":"Gambling Chip"},{"floor":9.0,"key":"Smiling Mask"},{"floor":11.0,"key":"Whetstone"},{"floor":23,"key":"Mummified Hand"}],"event_choices":[{"damage_healed":0.0,"max_hp_gain":0.0,"max_hp_loss":0.0,"gold_gain":0.0,"event_name":"Lab","player_choice":"Got Potions","floor":4.0,"gold_loss":0.0,"damage_taken":0.0},{"damage_healed":0,"gold_gain":0,"player_choice":"Ignored","damage_taken":0,"max_hp_gain":0,"max_hp_loss":0,"event_name":"The Mausoleum","floor":24,"gold_loss":0}],"is_beta":false,"boss_relics":[{"not_picked":["Busted Crown","Tiny House"],"picked":"Cursed Key"}],"items_purged_floors":[7,22],"is_endless":false,"potions_floor_spawned":[1,8,10,12,13,14,16,18,19,27],"killed_by":"Slavers","ascension_level":20}}