{"host":"qmnyg5dk1o6rw6mz","time":1612234144,"event":{"mods":["2.2 Compatiblity","AchievementEnabler","Act Like it!","Aspiration","Astrologer","BaseMod","Beaked The Cultist","Better Altar","Better Match","Better Note","Better Sensory Stone","Better Skull","Better Third Choice","Better Vampires","Block Reminder","CapriCore","Challenge The Spire","ChefMod","Colored Map","Colored Powertips","Conspire","Defuse TimeMaze Blight","Disable Question Mark Monsters","Displayed Cursed Tome","Downfall","Energized Spire","Fox Events","Gensokyo","GifTheSpireLib","Hermit","Highlight Path","Hubris","Infinite Spire","Jedi Mod","Marisa¡]Ãú«B¡@Å]²z¨F¡^","Marked Mod","Minty Spire (QoL Compilation)","Monster B Gone","Pale of the Ancients","Permanent Neow","Quick Restart","Reimu¡]³Õ???¡^","Relic Filter","Reliquary","Replay The Spire","StSLib","Synergy Search","The Construct","The Cursed","The Dragon Tamer","The Gatherer","The Hayseed","The Poker Player","The Runesmith","The Showman","Unceasing Turn Reminder","Weighted Paths","Wide Potions","thorton"],"gold_per_floor":[121,200,224,263,295,340,340,365,365,365],"floor_reached":8,"language":"ENG","playtime":267,"items_purged":[],"score":58,"play_id":"e2aaa838-2891-405d-9366-f58f8fc17e04","local_time":"20210202104904","is_ascension_mode":false,"campfire_choices":[{"data":"thethorton:BusinessBurst","floor":7,"key":"SMITH"}],"circlet_count":0,"master_deck":["thethorton:Strike","thethorton:Strike","thethorton:Strike","thethorton:Strike","thethorton:Defend","thethorton:Defend","thethorton:Defend","thethorton:Defend","thethorton:Heckle","thethorton:CreditCard","Normality","thethorton:DoubleRun","thethorton:RichRun","thethorton:ElbowSmash","thethorton:TakeAccounts","thethorton:BusinessBurst+1"],"relics":["thethorton:CouragePotion","Lantern","Smiling Mask"],"acts_visited":["Exordium"],"potions_floor_usage":[4,5],"damage_taken":[{"damage":10,"enemies":"Jaw Worm","floor":1,"turns":7},{"damage":0,"enemies":"Cultist","floor":3,"turns":3},{"damage":4,"enemies":"2 Louse","floor":4,"turns":5},{"damage":32,"enemies":"Exordium Thugs","floor":5,"turns":4},{"damage":6,"enemies":"Lagavulin","floor":6,"turns":5},{"damage":28,"enemies":"Gremlin Nob","floor":8,"turns":3}],"seed_played":"-1527676525213852175","potions_obtained":[{"floor":2,"key":"Adrenaline Potion"},{"floor":2,"key":"Strength Potion"},{"floor":2,"key":"jedi:StrikingPotion"},{"floor":4,"key":"SpeedPotion"},{"floor":5,"key":"bronze:BurnAndBuffPotion"}],"is_trial":false,"path_per_floor":["M","?","M","M","M","E","R","E"],"character_chosen":"THE_THORT","items_purchased":[],"campfire_rested":0,"item_purchase_floors":[],"current_hp_per_floor":[58,58,58,54,22,16,16,0,0,0],"gold":365,"neow_bonus":"RANDOM_COMMON_RELIC","is_daily":false,"chose_seed":false,"campfire_upgraded":1,"win_rate":0.0,"timestamp":1612234144,"path_taken":["M","?","M","?","M","E","R","E"],"items_purchased_type":[],"build_version":"2020-12-22","purchased_purges":0,"victory":false,"max_hp_per_floor":[68,68,68,68,68,68,68,68,68,68],"card_choices":[{"not_picked":["thethorton:SnowDay","thethorton:TakeAccounts"],"picked":"thethorton:DoubleRun","floor":1},{"not_picked":["thethorton:ElbowSmash","thethorton:DualBap"],"picked":"thethorton:RichRun","floor":3},{"not_picked":["thethorton:Distance","thethorton:BookBash"],"picked":"thethorton:ElbowSmash","floor":4},{"not_picked":["thethorton:BigBreak","thethorton:CashBash"],"picked":"thethorton:TakeAccounts","floor":5},{"not_picked":["thethorton:LongTermPayoff","thethorton:BusinessCard"],"picked":"thethorton:BusinessBurst","floor":6}],"player_experience":212174,"relics_obtained":[{"floor":6,"key":"Smiling Mask"}],"event_choices":[],"is_beta":false,"boss_relics":[],"items_purged_floors":[],"is_endless":false,"potions_floor_spawned":[4,5,6],"killed_by":"Gremlin Nob","ascension_level":0}}