{"host":"rihxvzvzrfpivboj","time":1612295213,"event":{"mods":["Act Like it!","BaseMod","Better Third Choice","Block Reminder","Colored Map","Colored Powertips","Downfall","Gensokyo","GifTheSpireLib","Googly Eyes","Keyboard Shortcuts","Minty Spire (QoL Compilation)","Quick Restart","Relic Sorter","StSLib","SuperFastMode","Unceasing Turn Reminder","Waifu the Spire"],"gold_per_floor":[109,109,126,51,51,83,83,111,111,126,145,158,158,193,193,294,294,308,408,425,12,26,60,60,88,88,114,141,158,173,190,190,286,336,348,348,88,100,40,66,66,66,92,105,139,470,485,520,520,520,520,520,18,45,45],"floor_reached":56,"language":"ENG","playtime":9414,"items_purged":["champ:Strike","champ:Strike"],"score":1486,"play_id":"5f9fbe00-b482-4a82-ad22-1fd270e2d1c3","local_time":"20210202204653","is_ascension_mode":true,"campfire_choices":[{"data":"champ:Taunt","floor":7,"key":"SMITH"},{"data":"champ:EnragedBash","floor":15,"key":"SMITH"},{"data":"champ:Duel","floor":32,"key":"SMITH"},{"data":"champ:UltimateStance","floor":42,"key":"SMITH"},{"floor":49,"key":"RECALL"},{"data":"champ:TornadoPunch","floor":52,"key":"SMITH"}],"circlet_count":0,"master_deck":["champ:Strike","champ:Defend","champ:Defend+1","champ:Defend","champ:Defend","champ:Taunt+1","champ:EnragedBash+1","champ:EnragedBash+1","champ:Duel+1","champ:HeartStrike","champ:EnragedBash+1","champ:ShieldThrow","champ:Improvising","champ:CheapShot","champ:TornadoPunch+1","champ:Haymaker","champ:LastStand","champ:DeathBlow","champ:Devastate","champ:UltimateStance+1","champ:MurderStrike","champ:MurderStrike","champ:DefensiveStyle","champ:DancingMaster"],"relics":["champ:ChampionCrown","Gensokyo:Justice","Pen Nib","Tiny Chest","Happy Flower","Vajra","Boot","Whetstone","Mercury Hourglass","Snecko Eye","Bird Faced Urn","champ:GladiatorsBookOfMartialProwess","Lizard Tail","Lantern","Mummified Hand","Bag of Marbles","Singing Bowl","Tiny House","Eternal Feather","HornCleat","Blue Candle","Potion Belt","Sundial","Medical Kit","Ice Cream","Ornamental Fan"],"acts_visited":["Exordium","Gensokyo:Gensokyo","Gensokyo:Gensokyoer","TheEnding"],"potions_floor_usage":[6,12,16,19,23,33,40,46,50,50,50,55,55,55],"damage_taken":[{"damage":24,"enemies":"Gensokyo:3_Fairies","floor":1,"turns":5},{"damage":0,"enemies":"Gensokyo:2_Kodama","floor":3,"turns":4},{"damage":23,"enemies":"Gensokyo:Aya","floor":6,"turns":6},{"damage":51,"enemies":"Gensokyo:Cirno","floor":8,"turns":9},{"damage":15,"enemies":"Gensokyo:Gryphon","floor":10,"turns":3},{"damage":22,"enemies":"Gensokyo:CorruptedTreant","floor":11,"turns":4},{"damage":32,"enemies":"Gensokyo:Gryphon_and_Rabbit","floor":12,"turns":4},{"damage":35,"enemies":"Gensokyo:Mamizou","floor":14,"turns":4},{"damage":43,"enemies":"Gensokyo:Reimu","floor":16,"turns":7},{"damage":11,"enemies":"Gensokyo:2_Gloops","floor":18,"turns":4},{"damage":50,"enemies":"Gensokyo:2_Gloops","floor":19,"turns":4},{"damage":20,"enemies":"Gensokyo:Chomper","floor":20,"turns":3},{"damage":25,"enemies":"Gensokyo:Swordslinger","floor":22,"turns":3},{"damage":44,"enemies":"Gensokyo:Koishi","floor":23,"turns":6},{"damage":15,"enemies":"Gensokyo:Reisen","floor":25,"turns":3},{"damage":47,"enemies":"Gensokyo:Tenshi","floor":28,"turns":3},{"damage":17,"enemies":"Gensokyo:Slime_Group","floor":29,"turns":2},{"damage":20,"enemies":"Gensokyo:Wraith","floor":30,"turns":3},{"damage":11,"enemies":"Gensokyo:Monolith_and_Dog","floor":31,"turns":2},{"damage":69,"enemies":"Gensokyo:Eternal_Rivals","floor":33,"turns":7},{"damage":23,"enemies":"Gensokyo:3_Boulders","floor":35,"turns":3},{"damage":25,"enemies":"Gensokyo:AncientGuardian","floor":38,"turns":3},{"damage":72,"enemies":"Gensokyo:Kasen","floor":40,"turns":5},{"damage":10,"enemies":"Gensokyo:Sharpion","floor":44,"turns":3},{"damage":36,"enemies":"Gensokyo:Marisa","floor":45,"turns":4},{"damage":1,"enemies":"Gensokyo:4_Bats","floor":46,"turns":2},{"damage":10,"enemies":"Gensokyo:AtlasGolem","floor":47,"turns":3},{"damage":20,"enemies":"Gensokyo:Kasen","floor":48,"turns":4},{"damage":35,"enemies":"Gensokyo:Yuyuko","floor":50,"turns":5},{"damage":59,"enemies":"Shield and Spear","floor":54,"turns":4},{"damage":184,"enemies":"The Heart","floor":55,"turns":9}],"seed_played":"2575474311760917228","potions_obtained":[{"floor":1,"key":"champ:CounterPotion"},{"floor":6,"key":"DistilledChaos"},{"floor":10,"key":"FearPotion"},{"floor":14,"key":"Dexterity Potion"},{"floor":16,"key":"Guardian:BlockOnCardUsePotion"},{"floor":19,"key":"bronze:BurnAndBuffPotion"},{"floor":20,"key":"LiquidMemories"},{"floor":23,"key":"GamblersBrew"},{"floor":33,"key":"SpeedPotion"},{"floor":34,"key":"FearPotion"},{"floor":40,"key":"PowerPotion"},{"floor":45,"key":"ColorlessPotion"},{"floor":47,"key":"hexamod:SoulburnPotion"},{"floor":48,"key":"PowerPotion"}],"is_trial":false,"path_per_floor":["M","T","M","$","?","E","R","E","T","M","M","M","?","E","R","B",null,"M","?","M","$","M","E","?","E","T","T","E","M","M","M","R","B",null,"M","?","$","M","COS","E","?","R","T","M","E","M","M","E","R","B",null,"R","$","E","B",null],"character_chosen":"THE_CHAMP","items_purchased":["Lizard Tail","champ:Haymaker","Eternal Feather","Medical Kit","Ice Cream","BlessingOfTheForge"],"campfire_rested":0,"item_purchase_floors":[21,21,37,53,53,53],"current_hp_per_floor":[95,95,95,95,95,92,92,81,81,81,74,67,67,67,67,59,99,93,93,93,93,95,78,78,80,80,80,60,62,66,69,69,39,114,113,113,113,112,112,87,82,94,94,94,84,87,89,97,109,114,124,124,124,96,39],"gold":45,"neow_bonus":"TEN_PERCENT_HP_BONUS","is_daily":false,"chose_seed":false,"campfire_upgraded":5,"win_rate":0.0,"timestamp":1612295213,"path_taken":["M","?","M","$","?","E","R","E","T","M","M","M","?","E","R","BOSS","M","?","M","$","M","E","?","E","T","?","E","M","M","?","R","BOSS","M","?","$","M","COS","E","?","R","T","M","E","M","M","E","R","BOSS","R","$","E","BOSS"],"items_purchased_type":["Relic","Card","Relic","Relic","Relic","Potion"],"build_version":"2020-12-22","purchased_purges":2,"victory":true,"max_hp_per_floor":[99,99,99,99,99,99,99,99,99,99,99,99,99,99,99,99,99,99,99,99,99,99,99,99,99,99,99,101,103,105,107,107,107,114,116,116,116,118,118,118,118,118,118,118,120,122,122,124,124,124,124,124,124,126,126],"card_choices":[{"not_picked":["champ:CalledShot","champ:DeathBlow"],"picked":"champ:Backstep","floor":1},{"not_picked":["champ:PreciseThrust","champ:TornadoPunch"],"picked":"champ:EnragedBash","floor":3},{"not_picked":["champ:FlashCut","champ:CrownThrow"],"picked":"champ:EnragedBash","floor":6},{"not_picked":["champ:PerfectedStrike","champ:AdrenalArmor"],"picked":"champ:Duel","floor":8},{"not_picked":["champ:FalseCounter","champ:TornadoPunch"],"picked":"champ:HeartStrike","floor":10},{"not_picked":["champ:PerfectedStrike","champ:BladeFlurry"],"picked":"champ:EnragedBash","floor":11},{"not_picked":["champ:DefensiveShout","champ:EnGarde"],"picked":"champ:ShieldThrow","floor":12},{"not_picked":["champ:GutPunch","champ:PerfectedStrike"],"picked":"champ:Improvising","floor":14},{"not_picked":["champ:GladiatorForm","champ:HeavySlash"],"picked":"champ:CheapShot","floor":16},{"not_picked":["champ:HeartStrike+1","champ:EnGarde+1","champ:FlashCut+1"],"picked":"SKIP","floor":18},{"not_picked":["champ:Shatter","champ:BladeFlurry"],"picked":"champ:TornadoPunch","floor":20},{"not_picked":["champ:BladeFlurry","champ:IronFortress","champ:GutPunch"],"picked":"SKIP","floor":22},{"not_picked":["champ:Circumvent","champ:CrownThrow+1"],"picked":"champ:LastStand","floor":23},{"not_picked":["champ:ArenaPreparation","champ:ShieldSlam","champ:IronFortress+1"],"picked":"SKIP","floor":25},{"not_picked":["champ:AdrenalArmor","champ:EnragedBash","champ:EnGarde"],"picked":"Singing Bowl","floor":28},{"not_picked":["champ:BerserkersShout","champ:Encircle","champ:Haymaker"],"picked":"Singing Bowl","floor":29},{"not_picked":["champ:Backstep","champ:AdrenalArmor","champ:TornadoPunch"],"picked":"Singing Bowl","floor":30},{"not_picked":["champ:Backstep","champ:Circumvent+1","champ:SkillfulDodge+1"],"picked":"Singing Bowl","floor":31},{"not_picked":["champ:VampiricStrike","champ:GladiatorForm"],"picked":"champ:Devastate","floor":33},{"not_picked":["champ:Encircle+1","champ:BringItOn","champ:BerserkersShout"],"picked":"Singing Bowl","floor":34},{"not_picked":["champ:EnGarde","champ:PerfectedStrike+1","champ:AdrenalArmor"],"picked":"Singing Bowl","floor":35},{"not_picked":["champ:Encircle+1","champ:Parry","champ:BerserkerStyle+1"],"picked":"Singing Bowl","floor":38},{"not_picked":["champ:PreemptiveStrike","champ:CrownThrow"],"picked":"champ:MurderStrike","floor":40},{"not_picked":["champ:SwordThrow","champ:UltimateStance"],"picked":"champ:MurderStrike","floor":44},{"not_picked":["champ:FanOfKnives","champ:Lariat+1"],"picked":"champ:DefensiveStyle","floor":44},{"not_picked":["champ:TornadoPunch","champ:PreciseThrust","champ:SwordThrow"],"picked":"Singing Bowl","floor":45},{"not_picked":["champ:TornadoPunch","champ:PreciseThrust","champ:ShieldSlam+1"],"picked":"Singing Bowl","floor":46},{"not_picked":["champ:FlashCut+1","champ:Backstep"],"picked":"champ:DancingMaster","floor":47},{"not_picked":["champ:Parry+1","champ:BerserkerStyle+1","champ:Shatter+1"],"picked":"Singing Bowl","floor":48},{"not_picked":["champ:SteelEdge","champ:Circumvent+1","champ:CrownThrow"],"picked":"Singing Bowl","floor":54}],"player_experience":1118051,"relics_obtained":[{"floor":2,"key":"Vajra"},{"floor":6,"key":"Tiny Chest"},{"floor":8,"key":"Boot"},{"floor":9,"key":"Whetstone"},{"floor":14,"key":"Mercury Hourglass"},{"floor":19,"key":"Bird Faced Urn"},{"floor":19,"key":"champ:GladiatorsBookOfMartialProwess"},{"floor":23,"key":"Lantern"},{"floor":25,"key":"Mummified Hand"},{"floor":26,"key":"Pen Nib"},{"floor":27,"key":"Bag of Marbles"},{"floor":28,"key":"Singing Bowl"},{"floor":40,"key":"HornCleat"},{"floor":45,"key":"Potion Belt"},{"floor":48,"key":"Sundial"},{"floor":54,"key":"Ornamental Fan"}],"event_choices":[],"is_beta":false,"boss_relics":[{"not_picked":["SlaversCollar","Empty Cage"],"picked":"Snecko Eye"},{"not_picked":["Velvet Choker","Runic Pyramid"],"picked":"Tiny House"}],"items_purged_floors":[4,21],"is_endless":false,"potions_floor_spawned":[1,6,10,14,16,19,20,23,25,28,33,38,40,45,47,48],"ascension_level":1}}