{"host":"eaiphzh066bwqdh7","time":1612304159,"event":{"mods":["BaseMod","Better Note","Halation","Hubris","Minty Spire (QoL Compilation)","Reliquary","Replay The Spire","StSLib"],"gold_per_floor":[112,122,122,133,3,3,35,35,35,12,12,25,25,50,50,149,149,163,180,191,191,191,191],"floor_reached":22,"language":"ENG","playtime":854,"items_purged":["Strike_B"],"score":223,"play_id":"6e8545e3-0f78-488c-b782-c2a7524de154","local_time":"20210202171559","is_ascension_mode":true,"campfire_choices":[{"data":"Static Discharge","floor":6,"key":"SMITH"},{"floor":8,"key":"REST"},{"floor":15,"key":"REST"}],"circlet_count":0,"master_deck":["Strike_B","Defend_B","Defend_B","Defend_B","Defend_B","Zap","Dualcast","Rebound","Loop+1","Streamline","Static Discharge","Static Discharge+1","Streamline","Static Discharge","Pot Of Greed","Buffer"],"relics":["Cracked Core","Bottled Flame","hubris:BottledRain","Grinning Jar","SacredBark"],"acts_visited":["Exordium","TheCity"],"potions_floor_usage":[14,14,16,22],"damage_taken":[{"damage":0,"enemies":"2 Louse","floor":1,"turns":3},{"damage":5,"enemies":"Small Slimes","floor":2,"turns":3},{"damage":2,"enemies":"Jaw Worm","floor":4,"turns":4},{"damage":8,"enemies":"Gremlin Nob","floor":7,"turns":3},{"damage":11,"enemies":"Blue Slaver","floor":12,"turns":4},{"damage":30,"enemies":"Lagavulin","floor":14,"turns":3},{"damage":47,"enemies":"Fading Forest","floor":16,"turns":11},{"damage":19,"enemies":"Spheric Guardian","floor":18,"turns":4},{"damage":12,"enemies":"3 Byrds","floor":19,"turns":2},{"damage":38,"enemies":"Snake Plant","floor":20,"turns":4},{"damage":31,"enemies":"Shelled Parasite and Fungi","floor":22,"turns":2}],"seed_played":"-843304323221969704","potions_obtained":[{"floor":2,"key":"SkillPotion"},{"floor":4,"key":"Fire Potion"},{"floor":14,"key":"ColorlessPotion"},{"floor":19,"key":"SkillPotion"}],"is_trial":false,"path_per_floor":["M","M","?","M","$","R","E","R","T","?","?","M","$","E","R","B",null,"M","M","M","?","M"],"character_chosen":"DEFECT","items_purchased":["Static Discharge"],"campfire_rested":2,"item_purchase_floors":[5],"current_hp_per_floor":[75,70,70,68,68,68,60,75,75,75,75,64,64,34,56,17,75,56,44,6,11,0,0],"gold":191,"neow_bonus":"REMOVE_CARD","is_daily":false,"chose_seed":false,"campfire_upgraded":1,"win_rate":0.0,"timestamp":1612304159,"path_taken":["M","M","?","M","$","R","E","R","T","?","?","?","$","E","R","BOSS","M","M","M","?","M"],"items_purchased_type":["Card"],"build_version":"2020-12-22","purchased_purges":1,"victory":false,"max_hp_per_floor":[75,75,75,75,75,75,75,75,75,75,75,75,75,75,75,75,75,75,75,75,75,75,75],"card_choices":[{"not_picked":["Sweeping Beam","Go for the Eyes"],"picked":"Rebound","floor":1},{"not_picked":["Steam","Cold Snap"],"picked":"Loop","floor":2},{"not_picked":["ReplaySolidLightProjector","Rainbow"],"picked":"Streamline","floor":4},{"not_picked":["Streamline","Scrape","Hologram"],"picked":"SKIP","floor":7},{"not_picked":["Scrape","Hologram"],"picked":"Streamline","floor":7},{"not_picked":["ReplayTheSpireMod:GoodbyeWorld","Time Bomb"],"picked":"Static Discharge","floor":12},{"not_picked":["Cold Snap","Reinforced Body","Auto Shields"],"picked":"SKIP","floor":14},{"not_picked":["Fission","Thunder Strike"],"picked":"Buffer","floor":16},{"not_picked":["Hologram","Coolheaded+1","White Noise"],"picked":"SKIP","floor":18},{"not_picked":["Hologram","White Noise","Storm+1"],"picked":"SKIP","floor":19},{"not_picked":["Streamline","Redo","Turbo"],"picked":"SKIP","floor":20}],"player_experience":233664,"relics_obtained":[{"floor":7,"key":"Bottled Flame"},{"floor":9,"key":"hubris:BottledRain"},{"floor":14,"key":"Grinning Jar"}],"event_choices":[{"damage_healed":0,"gold_gain":0,"player_choice":"Left Gold","damage_taken":0,"max_hp_gain":0,"max_hp_loss":0,"event_name":"World of Goop","floor":10,"gold_loss":23},{"cards_removed":["Strike_B"],"damage_healed":0,"gold_gain":0,"player_choice":"Forget","damage_taken":0,"max_hp_gain":0,"max_hp_loss":0,"event_name":"Living Wall","floor":11,"gold_loss":0},{"cards_removed":["Pot Of Greed"],"damage_healed":5,"gold_gain":0,"player_choice":"Offered Special","damage_taken":0,"max_hp_gain":0,"max_hp_loss":0,"event_name":"Bonfire Elementals","floor":21,"gold_loss":0}],"is_beta":false,"boss_relics":[{"not_picked":["Coffee Dripper","Velvet Choker"],"picked":"SacredBark"}],"items_purged_floors":[5],"is_endless":false,"potions_floor_spawned":[2,4,14,19],"killed_by":"Shelled Parasite and Fungi","ascension_level":3}}