{"host":"axfrvsjjk5s5yo6k","time":1612225511,"event":{"mods":["2.2 Compatiblity","Act Like it!","Aspiration","BaseMod","Better Vampires","Colored Map","Conspire","Custom Start","DeckTracker","Defuse TimeMaze Blight","Energized Spire","Friendly Minions","Halation","Highlight Path","Hubris","Infinite Spire","Minty Spire (QoL Compilation)","Random Character Button","Relic Sorter","Replay The Spire","StSLib","The Disciple","The Jungle","Unceasing Turn Reminder"],"gold_per_floor":[113,113,113,128,142,142,157,189,189,189,203,203,234,248,248,321,321,334,334,10,30,30,30],"floor_reached":22,"language":"ENG","playtime":3989,"items_purged":[],"score":492,"play_id":"2919f08a-d203-49eb-8abc-040b1545a5d2","local_time":"20210201192511","daily_mods":["Draft","DeadlyEvents","Elite Swarm"],"is_ascension_mode":true,"campfire_choices":[{"data":"Tactician","floor":6,"key":"SMITH"},{"floor":10,"key":"REST"},{"floor":12,"key":"REST"},{"floor":15,"key":"REST"}],"circlet_count":0,"master_deck":["AscendersBane","Backstab","Dagger Throw+1","hubris:Sniper","Blade Dance","Backstab","Quick Slash","Acrobatics","Noxious Fumes","Tactician+1","Acrobatics","ReplayTheSpireMod:Scrap Shanks","Cloak And Dagger","Blade Dance","Acrobatics","Prepared","conspire:DoublingDagger","Prepared","Caltrops","Adrenaline+1","Underhanded Strike","Storm of Steel","Doppelganger+1","hubris:Sniper","ReplayTheSpireMod:Shiv Toss"],"relics":["Ring of the Snake","Lantern","Happy Flower","Bottled Flame","Runic Dome","Guide Book","Regal Pillow"],"acts_visited":["Exordium","TheCity"],"potions_floor_usage":[16],"damage_taken":[{"damage":0,"enemies":"Small Slimes","floor":1,"turns":1},{"damage":12,"enemies":"Jaw Worm","floor":4,"turns":2},{"damage":0,"enemies":"Cultist","floor":5,"turns":2},{"damage":12,"enemies":"2 Fungi Beasts","floor":7,"turns":2},{"damage":20,"enemies":"3 Sentries","floor":8,"turns":3},{"damage":8,"enemies":"Exordium Wildlife","floor":11,"turns":2},{"damage":0,"enemies":"Lagavulin","floor":13,"turns":2},{"damage":8,"enemies":"Exordium Thugs","floor":14,"turns":2},{"damage":24,"enemies":"Hexaghost","floor":16,"turns":4},{"damage":0,"enemies":"Spheric Guardian","floor":18,"turns":1},{"damage":38,"enemies":"2 Thieves","floor":21,"turns":3},{"damage":22,"enemies":"Slavers","floor":22,"turns":1}],"seed_played":"2649530853539297508","potions_obtained":[{"floor":1,"key":"AttackPotion"},{"floor":4,"key":"Elixir"},{"floor":16,"key":"SpeedPotion"}],"is_trial":true,"path_per_floor":["M","?","?","M","M","R","M","E","T","R","M","R","E","M","R_BF","B",null,"M","?","$","M","E"],"character_chosen":"THE_SILENT","items_purchased":["Guide Book","Regal Pillow"],"campfire_rested":3,"item_purchase_floors":[20,20],"current_hp_per_floor":[59,59,64,52,52,52,40,20,20,39,31,50,50,42,61,37,59,59,59,59,21,0,0],"gold":30,"neow_bonus":"","is_daily":false,"chose_seed":false,"campfire_upgraded":1,"win_rate":0.0,"timestamp":1612225511,"path_taken":["M","?","?","?","M","R","M","E","T","R","M","R","E","M","R_BF","BOSS","M","?","$","?","?"],"items_purchased_type":["Relic","Relic"],"build_version":"2020-12-22","purchased_purges":0,"victory":false,"max_hp_per_floor":[66,66,66,66,66,66,66,66,66,66,66,66,66,66,66,66,66,66,66,66,66,66,66],"card_choices":[{"not_picked":["Outmaneuver","Dodge and Roll"],"picked":"Backstab","floor":0},{"not_picked":["Finisher","Hidden Blade"],"picked":"Dagger Throw","floor":0},{"not_picked":["All Out Attack","ReplayTheSpireMod:Tripwire"],"picked":"hubris:Sniper","floor":0},{"not_picked":["Tactician","Deflect"],"picked":"Blade Dance","floor":0},{"not_picked":["ReplayTheSpireMod:Shiv Toss","hubris:SlightOfHand"],"picked":"Backstab","floor":0},{"not_picked":["Backflip","hubris:SlightOfHand"],"picked":"Quick Slash","floor":0},{"not_picked":["Poisoned Stab","Bane"],"picked":"Acrobatics","floor":0},{"not_picked":["Cloak And Dagger","Expertise"],"picked":"Flying Knee","floor":0},{"not_picked":["Hidden Blade","Flechettes"],"picked":"Noxious Fumes","floor":0},{"not_picked":["Deflect","Predator"],"picked":"Tactician","floor":0},{"not_picked":["Masterful Stab","Poisoned Stab"],"picked":"Acrobatics","floor":0},{"not_picked":["Masterful Stab","PiercingWail"],"picked":"ReplayTheSpireMod:Scrap Shanks","floor":0},{"not_picked":["conspire:PoisonWeapons","hubris:TrickCloak"],"picked":"Cloak And Dagger","floor":0},{"not_picked":["Predator","Outmaneuver"],"picked":"Blade Dance","floor":0},{"not_picked":["Underhanded Strike","PiercingWail"],"picked":"Acrobatics","floor":0},{"not_picked":["Dagger Spray","Distraction"],"picked":"Prepared","floor":1},{"not_picked":["Bouncing Flask","Dagger Spray"],"picked":"conspire:DoublingDagger","floor":4},{"not_picked":["Masterful Stab","PiercingWail"],"picked":"Prepared","floor":5},{"not_picked":["Well Laid Plans","Crippling Poison"],"picked":"Caltrops","floor":7},{"not_picked":["aspiration:Lunge","Night Terror"],"picked":"Adrenaline","floor":8},{"not_picked":["Flying Knee","hubris:TrickCloak"],"picked":"Underhanded Strike","floor":11},{"not_picked":["Poison Darts","Atom Bomb"],"picked":"Storm of Steel","floor":13},{"not_picked":["Quick Slash","Bouncing Flask"],"picked":"Slice","floor":14},{"not_picked":["Night Terror","Bullet Time"],"picked":"Doppelganger","floor":16},{"not_picked":["Dagger Throw","Blade Dance"],"picked":"hubris:Sniper","floor":18},{"not_picked":["hubris:TrickCloak","Well Laid Plans"],"picked":"ReplayTheSpireMod:Shiv Toss","floor":21}],"player_experience":798594,"relics_obtained":[{"floor":8,"key":"Lantern"},{"floor":9,"key":"Happy Flower"},{"floor":13,"key":"Bottled Flame"}],"event_choices":[{"cards_removed":["Flying Knee"],"damage_healed":5,"gold_gain":0,"player_choice":"Offered Common","damage_taken":0,"max_hp_gain":0,"max_hp_loss":0,"event_name":"Bonfire Elementals","floor":3,"gold_loss":0},{"cards_removed":["Flying Knee"],"damage_healed":5,"gold_gain":0,"player_choice":"Offered Special","damage_taken":0,"max_hp_gain":0,"max_hp_loss":0,"event_name":"Bonfire Elementals","floor":3,"gold_loss":0},{"cards_removed":["Slice"],"damage_healed":0,"gold_gain":0,"player_choice":"Elegance","damage_taken":0,"max_hp_gain":0,"max_hp_loss":0,"event_name":"Back to Basics","floor":19,"gold_loss":0}],"is_beta":false,"boss_relics":[{"not_picked":["Abe\u0027s Treasure","energizedSpire:HighHeels"],"picked":"Runic Dome"}],"items_purged_floors":[],"is_endless":false,"potions_floor_spawned":[1,4,5,13,16],"killed_by":"Slavers","ascension_level":20}}