{"host":"3y2rtlgteqp2nuo3","time":1612280118,"event":{"mods":["2.2 Compatiblity","AchievementEnabler","BaseMod","Colored Map","DeckTracker","Highlight Path","Keyboard Shortcuts","Minty Spire (QoL Compilation)","Permanent Neow","Quick Restart","StSLib","SuperFastMode","everything is the same but u backflip on backflip"],"gold_per_floor":[114,39,49,65,82,95,109,109,158,158,192,192,206,221,221,221,221],"floor_reached":16,"language":"KOR","playtime":316,"items_purged":["Strike_R"],"score":159,"play_id":"1527a3c0-43d0-4da8-b3fe-d111cdb453ad","local_time":"20210203003518","is_ascension_mode":true,"campfire_choices":[{"data":"Searing Blow","floor":8.0,"key":"SMITH"},{"data":"Searing Blow+1","floor":10.0,"key":"SMITH"},{"data":"Searing Blow+2","floor":15.0,"key":"SMITH"}],"circlet_count":0,"master_deck":["AscendersBane","Strike_R","Strike_R","Strike_R","Defend_R","Defend_R","Defend_R","Defend_R","Bash","Sword Boomerang","Pummel","Shrug It Off","Armaments","Searing Blow+3","Whirlwind"],"relics":["Burning Blood","Dream Catcher","Akabeko"],"acts_visited":["Exordium"],"potions_floor_usage":[],"damage_taken":[{"damage":4.0,"enemies":"2 Louse","floor":1.0,"turns":3.0},{"damage":13.0,"enemies":"Jaw Worm","floor":3.0,"turns":4.0},{"damage":1.0,"enemies":"Cultist","floor":4.0,"turns":3.0},{"damage":16.0,"enemies":"2 Fungi Beasts","floor":5.0,"turns":4.0},{"damage":20.0,"enemies":"Looter","floor":6.0,"turns":4.0},{"damage":23.0,"enemies":"Blue Slaver","floor":7.0,"turns":5.0},{"damage":15.0,"enemies":"Lagavulin","floor":11.0,"turns":7.0},{"damage":11.0,"enemies":"Exordium Thugs","floor":13.0,"turns":5.0},{"damage":0.0,"enemies":"Large Slime","floor":14.0,"turns":4.0},{"damage":30,"enemies":"Slime Boss","floor":16,"turns":6}],"seed_played":"9172210183242141530","potions_obtained":[{"floor":1.0,"key":"SpeedPotion"},{"floor":3.0,"key":"Block Potion"},{"floor":6.0,"key":"SpeedPotion"}],"is_trial":false,"path_per_floor":["M","$","M","M","M","M","M","R","T","R","E","?","M","M","R","B"],"character_chosen":"IRONCLAD","items_purchased":[],"campfire_rested":0,"item_purchase_floors":[],"current_hp_per_floor":[74,74,67,72,62,48,31,31,31,31,22,22,17,23,23,0,0],"gold":221,"neow_bonus":"REMOVE_CARD","is_daily":false,"chose_seed":false,"campfire_upgraded":3,"win_rate":0.0,"timestamp":1612280118,"path_taken":["M","$","M","M","M","M","M","R","T","R","E","?","M","M","R","BOSS"],"items_purchased_type":[],"build_version":"2020-12-22","purchased_purges":1,"victory":false,"max_hp_per_floor":[80,80,80,80,80,80,80,80,80,80,80,80,80,80,80,80,80],"card_choices":[{"not_picked":["Second Wind","Thunderclap"],"picked":"Sword Boomerang","floor":1.0},{"not_picked":["Metallicize","Armaments"],"picked":"Pummel","floor":3.0},{"not_picked":["Perfected Strike","Exhume"],"picked":"Shrug It Off","floor":4.0},{"not_picked":["Sever Soul","Clash"],"picked":"Armaments","floor":5.0},{"not_picked":["Pommel Strike","Anger"],"picked":"Searing Blow","floor":6.0},{"not_picked":["Perfected Strike","Rampage","Iron Wave"],"picked":"SKIP","floor":7.0},{"not_picked":["Perfected Strike","Iron Wave"],"picked":"Whirlwind","floor":11.0},{"not_picked":["Clash","Flex","Havoc"],"picked":"SKIP","floor":13.0},{"not_picked":["Metallicize","Havoc","Clothesline"],"picked":"SKIP","floor":14.0}],"player_experience":748869,"relics_obtained":[{"floor":9.0,"key":"Dream Catcher"},{"floor":11.0,"key":"Akabeko"}],"event_choices":[{"damage_healed":0.0,"max_hp_gain":0.0,"max_hp_loss":0.0,"gold_gain":0.0,"event_name":"Liars Game","player_choice":"Ignored","floor":12.0,"gold_loss":0.0,"damage_taken":0.0}],"is_beta":false,"boss_relics":[],"items_purged_floors":[2],"is_endless":false,"potions_floor_spawned":[1,3,6],"killed_by":"Slime Boss","ascension_level":10}}