{"host":"6vexsag1oua9h4b1","time":1612295515,"event":{"mods":["AchievementEnabler","BaseMod","Conspire","Downfall","Luminous","Minty Spire (QoL Compilation)","StSLib","The Alterego","The Marked"],"gold_per_floor":[117,35,45,45,60,60,87,87,168,187,199,211,211,236,248,355,367,394,92,111,131,150,150,150],"floor_reached":23,"language":"ENG","playtime":1147,"items_purged":[],"score":220,"play_id":"400d3a67-e164-4ac9-803c-ad02436d60e9","local_time":"20210202205155","is_ascension_mode":false,"campfire_choices":[{"data":"Static Discharge","floor":6,"key":"SMITH"},{"data":"Capacitor","floor":8,"key":"SMITH"},{"data":"Zap","floor":15,"key":"SMITH"}],"circlet_count":0,"master_deck":["Strike_B+1","Strike_B","Strike_B","Strike_B","Defend_B","Defend_B","Defend_B","Defend_B+1","Zap+1","Dualcast","Redo","Static Discharge+1","Cold Snap","Capacitor+1","Coolheaded","Leap","Creative AI","Aggregate","Lockon+1","Leap","Stack"],"relics":["Cracked Core","Bag of Preparation","conspire:Dentures","MawBank","Sozu","Mango"],"acts_visited":["Exordium","TheCity"],"potions_floor_usage":[23],"damage_taken":[{"damage":0,"enemies":"2 Louse","floor":1,"turns":2},{"damage":1,"enemies":"Jaw Worm","floor":3,"turns":4},{"damage":0,"enemies":"conspire:RoseBush","floor":5,"turns":3},{"damage":8,"enemies":"Gremlin Nob","floor":7,"turns":4},{"damage":2,"enemies":"2 Fungi Beasts","floor":10,"turns":3},{"damage":12,"enemies":"Blue Slaver","floor":11,"turns":3},{"damage":0,"enemies":"3 Louse","floor":12,"turns":4},{"damage":8,"enemies":"The Guardian","floor":16,"turns":11},{"damage":11,"enemies":"Spheric Guardian","floor":18,"turns":5},{"damage":7,"enemies":"3 Byrds","floor":20,"turns":5},{"damage":25,"enemies":"Centurion and Healer","floor":21,"turns":10},{"damage":16,"enemies":"Shelled Parasite and Fungi","floor":22,"turns":5},{"damage":42,"enemies":"Gremlin Leader","floor":23,"turns":4}],"seed_played":"8581664382677926629","potions_obtained":[{"floor":3,"key":"PowerPotion"},{"floor":7,"key":"Block Potion"},{"floor":12,"key":"Dexterity Potion"}],"is_trial":false,"path_per_floor":["M","$","M","?","M","R","E","R","T","M","M","M","?","T","R","B",null,"M","$","M","M","M","E"],"character_chosen":"DEFECT","items_purchased":["Static Discharge","Mango"],"campfire_rested":0,"item_purchase_floors":[2,19],"current_hp_per_floor":[82,82,81,65,65,65,57,57,57,55,43,43,43,43,43,35,82,71,85,78,53,37,0,0],"gold":150,"neow_bonus":"TEN_PERCENT_HP_BONUS","is_daily":false,"chose_seed":false,"campfire_upgraded":3,"win_rate":0.0,"timestamp":1612295515,"path_taken":["M","$","M","?","M","R","E","R","T","M","M","M","?","?","R","BOSS","M","$","M","M","?","E"],"items_purchased_type":["Card","Relic"],"build_version":"2020-12-22","purchased_purges":0,"victory":false,"max_hp_per_floor":[82,82,82,82,82,82,82,82,82,82,82,82,82,82,82,82,82,82,96,96,96,96,96,96],"card_choices":[{"not_picked":["Go for the Eyes","Stack"],"picked":"Redo","floor":1},{"not_picked":["conspire:SharedLibrary","Streamline"],"picked":"Cold Snap","floor":3},{"not_picked":["Skim","White Noise","Melter"],"picked":"SKIP","floor":5},{"not_picked":["Consume","Reprogram"],"picked":"Capacitor","floor":7},{"not_picked":["Blizzard","Stack"],"picked":"Coolheaded","floor":10},{"not_picked":["Coolheaded","Stack"],"picked":"Leap","floor":11},{"not_picked":["Steam","Redo","Go for the Eyes"],"picked":"SKIP","floor":12},{"not_picked":["All For One","Buffer"],"picked":"Creative AI","floor":16},{"not_picked":["Hello World","Ball Lightning"],"picked":"Aggregate","floor":18},{"not_picked":["Go for the Eyes+1","Redo"],"picked":"Lockon+1","floor":20},{"not_picked":["Steam+1","Lockon"],"picked":"Leap","floor":21},{"not_picked":["Fission","Coolheaded"],"picked":"Stack","floor":22}],"player_experience":258055,"relics_obtained":[{"floor":7,"key":"Bag of Preparation"},{"floor":9,"key":"conspire:Dentures"},{"floor":14,"key":"MawBank"}],"event_choices":[{"damage_healed":0,"gold_gain":0,"player_choice":"Entered Light","damage_taken":16,"max_hp_gain":0,"max_hp_loss":0,"event_name":"Shining Light","floor":4,"gold_loss":0,"cards_upgraded":["Defend_B","Strike_B"]},{"damage_healed":0,"gold_gain":0,"player_choice":"Ignored","damage_taken":0,"max_hp_gain":0,"max_hp_loss":0,"event_name":"Liars Game","floor":13,"gold_loss":0}],"is_beta":false,"boss_relics":[{"not_picked":["Pandora\u0027s Box","bronze:MakeshiftBattery"],"picked":"Sozu"}],"items_purged_floors":[],"is_endless":false,"potions_floor_spawned":[3,7,12,16,18,22],"killed_by":"Gremlin Leader","ascension_level":0}}