{"host":"ez9lh5a3k31ytd04","time":1612272674,"event":{"mods":["Act Like it!","Arknights","Aspiration","BaseMod","Conspire","Downfall","Energized Spire","Jedi Mod","Minty Spire (QoL Compilation)","Quarter Circle Forward PUNCH!","Quick Restart","Relic Filter Mod","Reliquary","Replay The Spire","Spicy Shops","StSLib","TestMod","【遗物卡牌】REMEMod"],"gold_per_floor":[119,130,55,70,470,497,510,526,526,559,559,588,604,635,635,734,734,734,734],"floor_reached":18,"language":"ZHS","playtime":1316,"items_purged":["Strike_R"],"score":303,"play_id":"37f9254e-d64f-4bae-bbb8-a769ffb96f55","local_time":"20210202213114","is_ascension_mode":true,"campfire_choices":[{"data":"Metallicize","floor":11,"key":"SMITH"},{"data":"Clothesline","floor":15,"key":"SMITH"}],"circlet_count":0,"master_deck":["Strike_R","Strike_R","Strike_R","Strike_R","Defend_R","Defend_R","Defend_R","Defend_R","Bash","REME_Scribble","Thunderclap","Iron Wave","Metallicize+1","Headbutt","Anger","Clothesline+1","Feel No Pain","Exhume"],"relics":["Burning Blood","REME_ComplimentaryCards","testmod-InfectionSource","NeowsBlessing","Regal Pillow","Happy Flower","reliquary:FeatherDuster","Red Skull","Blue Candle","energizedSpire:NeverEndingSparkler"],"acts_visited":["Exordium","TheCity"],"potions_floor_usage":[10,10,16],"damage_taken":[{"damage":2,"enemies":"Small Slimes","floor":1,"turns":1},{"damage":2,"enemies":"2 Louse","floor":2,"turns":1},{"damage":2,"enemies":"Jaw Worm","floor":4,"turns":1},{"damage":24,"enemies":"Replay:BlueRogue","floor":6,"turns":7},{"damage":24,"enemies":"conspire:2 RoseBushes","floor":7,"turns":6},{"damage":15,"enemies":"Exordium Thugs","floor":8,"turns":6},{"damage":22,"enemies":"Lagavulin","floor":10,"turns":5},{"damage":20,"enemies":"3 Sentries","floor":12,"turns":7},{"damage":13,"enemies":"Exordium Wildlife","floor":13,"turns":3},{"damage":3,"enemies":"Lagavulin","floor":14,"turns":6},{"damage":9,"enemies":"The Guardian","floor":16,"turns":6},{"damage":0,"enemies":"3 Byrds","floor":18,"turns":1}],"seed_played":"-5747664669205091025","potions_obtained":[{"floor":2,"key":"Dexterity Potion"},{"floor":6,"key":"conspire:TimeTravelPotion"},{"floor":7,"key":"jedi:holywater"},{"floor":8,"key":"Fire Potion"},{"floor":14,"key":"DistilledChaos"},{"floor":16,"key":"SpeedPotion"}],"is_trial":false,"path_per_floor":["M","M","$","M","?","E","M","M","T","E","R","E","M","E","R","B",null,"M"],"character_chosen":"IRONCLAD","items_purchased":[],"campfire_rested":0,"item_purchase_floors":[],"current_hp_per_floor":[78,84,84,86,86,70,54,47,47,43,43,31,26,31,31,30,84,84,84],"gold":734,"neow_bonus":"THREE_ENEMY_KILL","is_daily":false,"chose_seed":false,"campfire_upgraded":2,"win_rate":0.0,"timestamp":1612272674,"path_taken":["M","M","$","M","?","E","M","M","T","E","R","E","M","E","R","BOSS","M"],"items_purchased_type":[],"build_version":"2020-12-22","purchased_purges":1,"victory":false,"max_hp_per_floor":[82,84,84,86,86,88,90,92,92,94,94,96,98,100,100,102,102,102,102],"card_choices":[{"not_picked":["ReplayTheSpireMod:LeadingStrike","Seeing Red"],"picked":"Thunderclap","floor":1},{"not_picked":["Shrug It Off","Clothesline"],"picked":"Iron Wave","floor":2},{"not_picked":["Warcry","Heavy Blade"],"picked":"Metallicize","floor":4},{"not_picked":["Eclipse","Rupture"],"picked":"Headbutt","floor":6},{"not_picked":["Twin Strike","Iron Wave"],"picked":"Flex","floor":7},{"not_picked":["Carnage","Rupture"],"picked":"Anger","floor":8},{"not_picked":["Havoc","Pommel Strike","Thunderclap"],"picked":"SKIP","floor":10},{"not_picked":["Burning Pact","Fire Breathing","Perfected Strike"],"picked":"SKIP","floor":12},{"not_picked":["REME_Cut","Berserk"],"picked":"Clothesline","floor":13},{"not_picked":["Twin Strike","Battle Trance"],"picked":"Feel No Pain","floor":14},{"not_picked":["Double Tap","Demon Form"],"picked":"Exhume","floor":16}],"player_experience":59774,"relics_obtained":[{"floor":6,"key":"Regal Pillow"},{"floor":9,"key":"Happy Flower"},{"floor":10,"key":"reliquary:FeatherDuster"},{"floor":12,"key":"Red Skull"},{"floor":14,"key":"Blue Candle"}],"event_choices":[{"damage_healed":0,"gold_gain":400,"player_choice":"Sell","damage_taken":0,"max_hp_gain":0,"max_hp_loss":0,"event_name":"恩洛斯的盘子","floor":5,"relics_lost":["testmod-TestBox"],"gold_loss":0}],"is_beta":false,"boss_relics":[{"not_picked":["Cursed Key","qcfpunch:Dark_Gi"],"picked":"energizedSpire:NeverEndingSparkler"}],"items_purged_floors":[3],"is_endless":false,"potions_floor_spawned":[2,6,7,8,14,16],"killed_by":"3 Byrds","ascension_level":9}}