{"host":"d85gwtocd8go8gx0","time":1612301136,"event":{"mods":["AchievementEnabler","BaseMod","Better Altar","Better Skull","Better Third Choice","Block Reminder","Colored Powertips","Curses Come First","Dark Map","Filter the Spire","Highlight Path","Minty Spire (QoL Compilation)","Permanent Neow","Quick Restart","Shop Mod","StSLib","SuperFastMode","UnlockEverythingMod"],"gold_per_floor":[114,130,280,51,77,77,94,119,119,154,172,172,172,205,205,281,281,291,291,308,308,62,90,90,101,128,128,161,172,172,204,204,280,280,300,54,69,85,85,85,110,140,140,173,9,20,31,49,49,49,49],"floor_reached":50,"language":"ENG","playtime":2421,"items_purged":["Doubt","Writhe"],"score":1331,"play_id":"f83378c8-8045-4651-a425-b36689e7f803","local_time":"20210202132536","is_ascension_mode":true,"campfire_choices":[{"data":"LessonLearned","floor":6.0,"key":"SMITH"},{"data":"WreathOfFlame","floor":13.0,"key":"SMITH"},{"data":"Crescendo","floor":15.0,"key":"SMITH"},{"floor":24.0,"key":"REST"},{"floor":27.0,"key":"REST"},{"floor":32.0,"key":"REST"},{"floor":40.0,"key":"REST"},{"floor":49.0,"key":"REST"}],"circlet_count":0,"master_deck":["AscendersBane","Strike_P","Strike_P+1","Strike_P","Strike_P","Defend_P+1","Defend_P+1","Defend_P+1","Defend_P+1","Eruption+1","Vigilance","LessonLearned+1","FollowUp","BattleHymn","Ragnarok+1","InnerPeace+1","ThirdEye","ClearTheMind","CrushJoints","WreathOfFlame+1","Crescendo+1","Brilliance+1","Halt+1","JustLucky","Wallop+1","Scrawl","Vault","Protect+1","SashWhip+1","Crescendo+1","Wish","Ragnarok","FollowUp","LikeWater+1","CutThroughFate","DeusExMachina","Prostrate","Conclude","Pray+1","JustLucky+1","ReachHeaven+1","EmptyBody"],"relics":["HolyWater","Damaru","Vajra","Pantograph","Nunchaku","Bottled Tornado","StrikeDummy","Smiling Mask","Orichalcum","Frozen Egg 2","Blood Vial","Mummified Hand","VioletLotus","CaptainsWheel","HornCleat","Molten Egg 2","Ancient Tea Set","Happy Flower"],"acts_visited":["Exordium","TheCity","TheBeyond"],"potions_floor_usage":[50],"damage_taken":[{"damage":2.0,"enemies":"Cultist","floor":1.0,"turns":3.0},{"damage":0.0,"enemies":"Jaw Worm","floor":2.0,"turns":3.0},{"damage":0.0,"enemies":"2 Louse","floor":7.0,"turns":2.0},{"damage":5.0,"enemies":"3 Sentries","floor":8.0,"turns":5.0},{"damage":8.0,"enemies":"Gremlin Nob","floor":10.0,"turns":3.0},{"damage":1.0,"enemies":"2 Fungi Beasts","floor":11.0,"turns":3.0},{"damage":0.0,"enemies":"Lagavulin","floor":14.0,"turns":5.0},{"damage":20.0,"enemies":"The Guardian","floor":16.0,"turns":4.0},{"damage":0.0,"enemies":"Spheric Guardian","floor":18.0,"turns":2.0},{"damage":8.0,"enemies":"Shell Parasite","floor":20.0,"turns":4.0},{"damage":31.0,"enemies":"Gremlin Leader","floor":23.0,"turns":4.0},{"damage":0.0,"enemies":"Centurion and Healer","floor":25.0,"turns":3.0},{"damage":6.0,"enemies":"Book of Stabbing","floor":28.0,"turns":3.0},{"damage":0.0,"enemies":"Chosen and Byrds","floor":29.0,"turns":5.0},{"damage":20.0,"enemies":"Gremlin Leader","floor":31.0,"turns":3.0},{"damage":30.0,"enemies":"Automaton","floor":33.0,"turns":6.0},{"damage":11.0,"enemies":"Orb Walker","floor":35.0,"turns":3.0},{"damage":0.0,"enemies":"3 Shapes","floor":37.0,"turns":2.0},{"damage":25.0,"enemies":"Sphere and 2 Shapes","floor":38.0,"turns":4.0},{"damage":42.0,"enemies":"Mind Bloom Boss Battle","floor":41.0,"turns":4.0},{"damage":0.0,"enemies":"Giant Head","floor":42.0,"turns":2.0},{"damage":14.0,"enemies":"Nemesis","floor":44.0,"turns":4.0},{"damage":30.0,"enemies":"4 Shapes","floor":46.0,"turns":4.0},{"damage":11.0,"enemies":"Maw","floor":47.0,"turns":5.0},{"damage":4.0,"enemies":"Writhing Mass","floor":48.0,"turns":3.0},{"damage":103,"enemies":"Time Eater","floor":50,"turns":8}],"seed_played":"729114004232204654","potions_obtained":[{"floor":8.0,"key":"Strength Potion"},{"floor":10.0,"key":"BlessingOfTheForge"},{"floor":14.0,"key":"Ambrosia"},{"floor":23.0,"key":"Fruit Juice"},{"floor":25.0,"key":"FearPotion"},{"floor":31.0,"key":"Swift Potion"},{"floor":38.0,"key":"Fruit Juice"},{"floor":46.0,"key":"Regen Potion"},{"floor":48.0,"key":"SpeedPotion"}],"is_trial":false,"path_per_floor":["M","M","?","$","T","R","M","E","T","E","M","?","R","E","R","B",null,"M","?","M","?","$","E","R","M","T","R","E","M","?","E","R","B",null,"M","$","M","M","?","R","?","E","T","E","$","M","M","M","R","B"],"character_chosen":"WATCHER","items_purchased":["Ragnarok","InnerPeace","Wallop","Scrawl","Fruit Juice","LikeWater+1","Happy Flower"],"campfire_rested":5,"item_purchase_floors":[4,4,22,22,36,36,45],"current_hp_per_floor":[59,59,59,59,59,59,59,54,54,46,45,50,50,50,50,53,68,68,68,60,60,60,34,57,57,57,78,72,72,48,30,53,48,71,62,67,69,51,51,76,42,44,44,32,32,4,9,7,32,0,0],"gold":49,"neow_bonus":"ONE_RANDOM_RARE_CARD","is_daily":false,"chose_seed":false,"campfire_upgraded":3,"win_rate":0.0,"timestamp":1612301136,"path_taken":["M","?","?","$","?","R","M","E","T","E","?","?","R","E","R","BOSS","M","?","M","?","$","E","R","M","T","R","E","M","?","E","R","BOSS","M","$","M","M","?","R","?","E","T","E","$","?","M","M","R","BOSS"],"items_purchased_type":["Card","Card","Card","Card","Potion","Card","Relic"],"build_version":"2020-12-22","purchased_purges":2,"victory":false,"max_hp_per_floor":[68,68,68,68,68,68,68,68,68,68,68,73,73,73,73,73,73,73,73,73,73,73,78,78,78,78,78,78,78,78,78,78,78,78,78,83,83,88,84,84,84,84,84,84,84,84,84,84,84,84,84],"card_choices":[{"not_picked":["ClearTheMind","EmptyFist"],"picked":"FollowUp","floor":1.0},{"not_picked":["Evaluate","SandsOfTime"],"picked":"BattleHymn","floor":2.0},{"not_picked":["EmptyMind","Nirvana"],"picked":"ThirdEye","floor":7.0},{"not_picked":["InnerPeace","SashWhip"],"picked":"ClearTheMind","floor":8.0},{"not_picked":["WheelKick","ConjureBlade"],"picked":"CrushJoints","floor":10.0},{"not_picked":["Evaluate","EmptyFist"],"picked":"WreathOfFlame","floor":11.0},{"not_picked":["Prostrate","EmptyFist"],"picked":"Crescendo","floor":14.0},{"not_picked":["SpiritShield","DeusExMachina"],"picked":"Brilliance","floor":16.0},{"not_picked":["EmptyBody","WaveOfTheHand+1"],"picked":"Halt+1","floor":18.0},{"not_picked":["PathToVictory","Halt"],"picked":"JustLucky","floor":20.0},{"not_picked":["ClearTheMind","EmptyFist"],"picked":"Vault","floor":23.0},{"not_picked":["Tantrum","Swivel"],"picked":"Protect+1","floor":25.0},{"not_picked":["FlyingSleeves","CrushJoints"],"picked":"SashWhip+1","floor":28.0},{"not_picked":["Study+1","PathToVictory"],"picked":"Crescendo+1","floor":29.0},{"not_picked":["Conclude+1","Consecrate+1"],"picked":"Wish","floor":31.0},{"not_picked":["Judgement","SpiritShield"],"picked":"Ragnarok","floor":33.0},{"not_picked":["DeceiveReality","Perseverance"],"picked":"FollowUp","floor":35.0},{"not_picked":["PathToVictory","FlurryOfBlows"],"picked":"CutThroughFate","floor":37.0},{"not_picked":["ThirdEye","FlurryOfBlows"],"picked":"DeusExMachina","floor":38.0},{"not_picked":["Consecrate","WindmillStrike"],"picked":"Prostrate","floor":41.0},{"not_picked":["EmptyBody","PathToVictory"],"picked":"Conclude","floor":42.0},{"not_picked":["Consecrate+1","Halt"],"picked":"Pray+1","floor":44.0},{"not_picked":["Protect","Weave+1"],"picked":"JustLucky+1","floor":46.0},{"not_picked":["Ragnarok+1","EmptyBody"],"picked":"ReachHeaven+1","floor":47.0},{"not_picked":["ForeignInfluence","Meditate"],"picked":"EmptyBody","floor":48.0}],"player_experience":25185,"relics_obtained":[{"floor":5.0,"key":"Damaru"},{"floor":8.0,"key":"Vajra"},{"floor":9.0,"key":"Pantograph"},{"floor":10.0,"key":"Nunchaku"},{"floor":14.0,"key":"Bottled Tornado"},{"floor":23.0,"key":"Smiling Mask"},{"floor":26.0,"key":"Orichalcum"},{"floor":28.0,"key":"Frozen Egg 2"},{"floor":31.0,"key":"Mummified Hand"},{"floor":41.0,"key":"CaptainsWheel"},{"floor":42.0,"key":"HornCleat"},{"floor":43.0,"key":"Molten Egg 2"},{"floor":44.0,"key":"Ancient Tea Set"}],"event_choices":[{"damage_healed":0.0,"max_hp_gain":0.0,"max_hp_loss":0.0,"gold_gain":150.0,"event_name":"betterThird:BetterSerpent","player_choice":"AGREE","floor":3.0,"gold_loss":0.0,"damage_taken":130.0},{"damage_healed":0.0,"max_hp_gain":5.0,"max_hp_loss":0.0,"gold_gain":0.0,"event_name":"Big Fish","player_choice":"Donut","floor":12.0,"gold_loss":0.0,"damage_taken":0.0},{"damage_healed":0.0,"max_hp_gain":0.0,"max_hp_loss":0.0,"gold_gain":0.0,"event_name":"Ghosts","player_choice":"Ignored","floor":19.0,"gold_loss":0.0,"damage_taken":0.0},{"damage_healed":0.0,"max_hp_gain":0.0,"max_hp_loss":0.0,"gold_gain":0.0,"event_name":"The Mausoleum","player_choice":"Opened","floor":21.0,"gold_loss":0.0,"damage_taken":0.0,"relics_obtained":["StrikeDummy"],"cards_obtained":["Writhe"]},{"damage_healed":0.0,"max_hp_gain":72.0,"max_hp_loss":48.0,"gold_gain":0.0,"event_name":"betterAltar:BetterAltar","player_choice":" Vial ","floor":30.0,"potions_obtained":[],"relics_lost":[],"gold_loss":0.0,"damage_taken":24.0,"relics_obtained":["Blood Vial"]},{"damage_healed":0.0,"max_hp_gain":0.0,"max_hp_loss":4.0,"gold_gain":0.0,"event_name":"Winding Halls","player_choice":"Max HP","floor":39.0,"gold_loss":0.0,"damage_taken":0.0},{"damage_healed":0.0,"max_hp_gain":0.0,"max_hp_loss":0.0,"gold_gain":0.0,"event_name":"MindBloom","player_choice":"Fight","floor":41.0,"gold_loss":0.0,"damage_taken":0.0}],"is_beta":false,"boss_relics":[{"not_picked":["Fusion Hammer","Runic Dome"],"picked":"HolyWater"},{"not_picked":["SacredBark","Empty Cage"],"picked":"VioletLotus"}],"items_purged_floors":[4,36],"is_endless":false,"potions_floor_spawned":[8,10,14,23,25,29,31,38,46,48],"killed_by":"Time Eater","ascension_level":20}}