{"host":"18wi9kpcl4eah7pe","time":1612225516,"event":{"mods":["BaseMod","Colored Powertips","Downfall","Minty Spire (QoL Compilation)","StSLib"],"gold_per_floor":[99,117,117,130,148,148,226,243,153,184,204,221,21,6,20,115,115,15,31,31,31,31,31,31,16,16,28,44,44,78,78,78,78],"floor_reached":31,"language":"ENG","playtime":1048,"items_purged":["Pain"],"score":343,"play_id":"75ddced2-9fdd-4b93-8c72-ee3304fec926","local_time":"20210201182516","is_ascension_mode":true,"campfire_choices":[{"floor":1,"key":"RECALL"},{"floor":13,"key":"REST"},{"data":"champ:EnchantCrown","floor":18,"key":"SMITH"},{"floor":26,"key":"REST"},{"floor":29,"key":"REST"}],"circlet_count":0,"master_deck":["champ:Strike","champ:Strike","champ:Strike","champ:Defend","champ:Defend","champ:Defend","champ:Defend","champ:Execute","champ:Taunt","champ:ShieldWall+1","champ:DefensiveStyle","champ:PreemptiveStrike","champ:PreciseThrust","champ:TripleStrike","champ:Endure","champ:Backstep","champ:Parry","champ:FalseCounter","champ:FalseCounter","champ:EnchantCrown+1","champ:FaceSlap","Pain","Shame","champ:FocusedDefense","champ:IronFortress+1","champ:IronFortress","champ:Circumvent"],"relics":["champ:ChampionCrown","downfall:ExtraCursedKey","Pantograph","downfall:HeartBlessingGreen","downfall:HeartBlessingBlue","downfall:HeartBlessingRed","Omamori","Calipers"],"acts_visited":["Exordium","TheCity"],"potions_floor_usage":[8,9,16,30],"damage_taken":[{"damage":11,"enemies":"2 Louse","floor":2,"turns":3},{"damage":23,"enemies":"Jaw Worm","floor":4,"turns":5},{"damage":6,"enemies":"Small Slimes","floor":5,"turns":4},{"damage":19,"enemies":"Gremlin Gang","floor":8,"turns":3},{"damage":12,"enemies":"downfall:FleeingMerchant","floor":9,"turns":4},{"damage":8,"enemies":"Lagavulin","floor":10,"turns":5},{"damage":16,"enemies":"Exordium Wildlife","floor":11,"turns":3},{"damage":0,"enemies":"2 Fungi Beasts","floor":12,"turns":3},{"damage":28,"enemies":"downfall:FleeingMerchant","floor":14,"turns":4},{"damage":14,"enemies":"3 Louse","floor":15,"turns":4},{"damage":49,"enemies":"IC_STATUS_ARCHETYPE","floor":16,"turns":6},{"damage":22,"enemies":"Shell Parasite","floor":19,"turns":5},{"damage":31,"enemies":"downfall:FleeingMerchant","floor":25,"turns":4},{"damage":59,"enemies":"Sentry and Sphere","floor":27,"turns":6},{"damage":39,"enemies":"Snecko","floor":28,"turns":5},{"damage":61,"enemies":"Book of Stabbing","floor":30,"turns":6},{"damage":13,"enemies":"Snake Plant","floor":31,"turns":3}],"seed_played":"7133095385293257573","potions_obtained":[{"floor":4,"key":"Fire Potion"},{"floor":5,"key":"sneckomod:MuddlingPotion"},{"floor":8,"key":"hexamod:SoulburnPotion"},{"floor":12,"key":"Energy Potion"},{"floor":15,"key":"champ:CounterPotion"},{"floor":16,"key":"sneckomod:MuddlingPotion"},{"floor":19,"key":"LiquidMemories"}],"is_trial":false,"path_per_floor":["R","M","?","M","M","?","T","M","$","E","M","M","R","$","M","B",null,"R","M","?","?","?","?","T","$","R","M","M","R","E","M"],"character_chosen":"THE_CHAMP","items_purchased":[],"campfire_rested":3,"item_purchase_floors":[],"current_hp_per_floor":[81,80,80,67,61,61,61,42,40,32,26,26,71,68,54,40,118,118,111,111,111,86,86,86,65,101,52,23,59,13,0,0,0],"gold":78,"neow_bonus":"TWENTY_PERCENT_HP_BONUS","is_daily":false,"chose_seed":false,"campfire_upgraded":1,"win_rate":0.0,"timestamp":1612225516,"path_taken":["R","M","?","M","M","?","T","M","$","E","M","?","R","$","M","BOSS","R","M","?","?","?","?","T","$","R","M","?","R","E","M"],"items_purchased_type":[],"build_version":"2020-12-22","purchased_purges":1,"victory":false,"max_hp_per_floor":[108,108,108,108,108,108,108,108,108,108,108,108,118,118,118,118,118,118,118,118,118,123,123,123,123,123,123,123,123,123,123,123,123],"card_choices":[{"not_picked":["champ:TornadoPunch","champ:BerserkersShout"],"picked":"champ:ShieldWall","floor":2},{"not_picked":["champ:Circumvent","champ:StanceDance"],"picked":"champ:DefensiveStyle","floor":4},{"not_picked":["champ:StanceDance","champ:PerfectedStrike"],"picked":"champ:PreemptiveStrike","floor":5},{"not_picked":["champ:FlashCut","champ:FaceSlap"],"picked":"champ:PreciseThrust","floor":8},{"not_picked":["champ:EnGarde","champ:Shatter"],"picked":"champ:TripleStrike","floor":9},{"not_picked":["champ:BerserkersShout","champ:DefensiveShout"],"picked":"champ:Endure","floor":10},{"not_picked":["champ:ShieldSlam","champ:BerserkerStyle"],"picked":"champ:Backstep","floor":11},{"not_picked":["champ:RageSigil","champ:PreciseThrust"],"picked":"champ:Parry","floor":12},{"not_picked":["champ:BerserkerStyle","champ:CrookedStrike"],"picked":"champ:FalseCounter","floor":14},{"not_picked":["champ:PreciseThrust","champ:Backstep"],"picked":"champ:FalseCounter","floor":15},{"not_picked":["champ:Devastate","champ:EnchantShield"],"picked":"champ:EnchantCrown","floor":16},{"not_picked":["champ:CrookedStrike","champ:AdrenalArmor"],"picked":"champ:FaceSlap","floor":19},{"not_picked":["champ:ShieldWall","champ:Circumvent+1"],"picked":"champ:FocusedDefense","floor":25},{"not_picked":["champ:SetATrap","champ:StanceDance+1"],"picked":"champ:IronFortress+1","floor":27},{"not_picked":["champ:BladeFlurry+1","champ:BerserkerStyle"],"picked":"champ:IronFortress","floor":28},{"not_picked":["champ:ShieldWall+1","champ:CrookedStrike+1"],"picked":"champ:Circumvent","floor":30}],"player_experience":983066,"relics_obtained":[{"floor":10,"key":"Pantograph"},{"floor":24,"key":"Omamori"},{"floor":30,"key":"Calipers"}],"event_choices":[],"is_beta":false,"boss_relics":[{"not_picked":["Sozu","Velvet Choker","Philosopher\u0027s Stone"]}],"items_purged_floors":[9],"is_endless":false,"potions_floor_spawned":[4,5,8,12,15,16,19],"killed_by":"Snake Plant","ascension_level":3}}