{"host":"sav7uxregyirlf69","time":1612246413,"event":{"mods":["AchievementEnabler","BaseMod","Colored Map","DeckTracker","Keyboard Shortcuts","Minty Spire (QoL Compilation)","READ ME - Guardian Mod","StSLib","SuperFastMode"],"gold_per_floor":[112,144,204,43,57,57,119,119,195,233,268,268,310,352,352,352,352],"floor_reached":16,"language":"KOR","playtime":278,"items_purged":["Strike_R"],"score":212,"play_id":"70378939-3899-42f1-b70e-1ecdd2b06cc7","local_time":"20210202151333","is_ascension_mode":true,"campfire_choices":[{"data":"HandOfGreed","floor":6,"key":"SMITH"},{"data":"Dark Embrace","floor":8,"key":"SMITH"},{"data":"Blood for Blood","floor":15,"key":"SMITH"}],"circlet_count":0,"master_deck":["AscendersBane","Strike_R","Strike_R","Strike_R","Defend_R","Defend_R","Defend_R","Defend_R","Bash","HandOfGreed+1","Shrug It Off","Wild Strike","Evolve","Burning Pact","Dark Embrace+1","Fiend Fire","Feel No Pain","Blood for Blood+1"],"relics":["Burning Blood","HornCleat","Torii"],"acts_visited":["Exordium"],"potions_floor_usage":[10,11],"damage_taken":[{"damage":7,"enemies":"Cultist","floor":1,"turns":4},{"damage":0,"enemies":"2 Louse","floor":2,"turns":3},{"damage":5,"enemies":"Small Slimes","floor":3,"turns":3},{"damage":16,"enemies":"Blue Slaver","floor":5,"turns":4},{"damage":11,"enemies":"Large Slime","floor":7,"turns":7},{"damage":6,"enemies":"Looter","floor":10,"turns":3},{"damage":22,"enemies":"Lagavulin","floor":11,"turns":7},{"damage":14,"enemies":"Exordium Thugs","floor":13,"turns":5},{"damage":13,"enemies":"Blue Slaver","floor":14,"turns":3},{"damage":25,"enemies":"Hexaghost","floor":16,"turns":9}],"seed_played":"-1330412425135265554","potions_obtained":[{"floor":2,"key":"LiquidMemories"},{"floor":5,"key":"SpeedPotion"},{"floor":7,"key":"Fruit Juice"},{"floor":10,"key":"Ancient Potion"},{"floor":11,"key":"Fire Potion"}],"is_trial":false,"path_per_floor":["M","M","M","$","M","R","M","R","T","M","E","?","M","M","R","B"],"character_chosen":"IRONCLAD","items_purchased":["Evolve"],"campfire_rested":0,"item_purchase_floors":[4],"current_hp_per_floor":[67,68,68,68,58,58,53,53,53,58,42,35,27,20,20,0,0],"gold":352,"neow_bonus":"RANDOM_COLORLESS_2","is_daily":false,"chose_seed":false,"campfire_upgraded":3,"win_rate":0.0,"timestamp":1612246413,"path_taken":["M","?","M","$","M","R","M","R","T","M","E","?","M","M","R","BOSS"],"items_purchased_type":["Card"],"build_version":"2020-12-22","purchased_purges":1,"victory":false,"max_hp_per_floor":[68,68,68,68,68,68,68,68,68,73,73,73,73,73,73,73,73],"card_choices":[{"not_picked":["Violence","Transmutation"],"picked":"HandOfGreed","floor":0},{"not_picked":["Flex","Anger"],"picked":"Shrug It Off","floor":1},{"not_picked":["Clash","Dropkick"],"picked":"Wild Strike","floor":2},{"not_picked":["Heavy Blade","Iron Wave","Metallicize"],"picked":"SKIP","floor":3},{"not_picked":["Heavy Blade","Wild Strike"],"picked":"Burning Pact","floor":5},{"not_picked":["Headbutt","Anger"],"picked":"Dark Embrace","floor":7},{"not_picked":["Rampage","Dark Embrace","Flame Barrier"],"picked":"SKIP","floor":10},{"not_picked":["Armaments","Shrug It Off"],"picked":"Fiend Fire","floor":11},{"not_picked":["Pummel","Heavy Blade"],"picked":"Feel No Pain","floor":13},{"not_picked":["Thunderclap","Clothesline"],"picked":"Blood for Blood","floor":14}],"player_experience":1456676,"relics_obtained":[{"floor":9,"key":"HornCleat"},{"floor":11,"key":"Torii"}],"event_choices":[{"cards_removed":["Strike_R"],"damage_healed":0,"gold_gain":0,"player_choice":"Card Removal","damage_taken":7,"max_hp_gain":0,"max_hp_loss":0,"event_name":"Golden Wing","floor":12,"gold_loss":0}],"is_beta":false,"boss_relics":[],"items_purged_floors":[4],"is_endless":false,"potions_floor_spawned":[2,5,7,10,11],"killed_by":"Hexaghost","ascension_level":20}}