{"host":"qrt7o4dq2qslzw13","time":1612240680,"event":{"mods":["AchievementEnabler","BaseMod","Colored Map","Colored Powertips","Minty Spire (QoL Compilation)","Quick Restart","StSLib","SuperFastMode"],"gold_per_floor":[116,116,116,16,34,34,46,46,125,143,158,158,174,37,37,132,132,99,111,33,33,33,33,45,45,45],"floor_reached":25,"language":"ENG","playtime":349,"items_purged":[],"score":222,"play_id":"68227af4-8455-4a32-b16a-733120774859","local_time":"20210201233800","is_ascension_mode":true,"campfire_choices":[{"floor":6.0,"key":"REST"},{"data":"Darkness","floor":8.0,"key":"SMITH"},{"floor":12.0,"key":"REST"},{"floor":15.0,"key":"REST"},{"floor":23,"key":"REST"}],"circlet_count":0,"master_deck":["Strike_B","Strike_B","Strike_B","Defend_B","Defend_B","Defend_B","Defend_B","Zap","Dualcast","Decay","Heatsinks","Darkness+1","Double Energy","Self Repair","Biased Cognition","Defragment","Stack","Compile Driver","Reboot","Ball Lightning","FTL","Defragment","White Noise+1"],"relics":["Cracked Core","Bird Faced Urn","Pear","SlaversCollar","Ancient Tea Set"],"acts_visited":["Exordium","TheCity"],"potions_floor_usage":[16],"damage_taken":[{"damage":10.0,"enemies":"2 Louse","floor":1.0,"turns":2.0},{"damage":0.0,"enemies":"Small Slimes","floor":5.0,"turns":2.0},{"damage":7.0,"enemies":"Cultist","floor":7.0,"turns":4.0},{"damage":19.0,"enemies":"Exordium Wildlife","floor":10.0,"turns":4.0},{"damage":11.0,"enemies":"Looter","floor":11.0,"turns":4.0},{"damage":20.0,"enemies":"3 Louse","floor":13.0,"turns":4.0},{"damage":57,"enemies":"Hexaghost","floor":16,"turns":9},{"damage":70,"enemies":"2 Thieves","floor":18,"turns":5},{"damage":14,"enemies":"Chosen","floor":19,"turns":4},{"damage":54,"enemies":"Centurion and Healer","floor":24,"turns":6},{"damage":24,"enemies":"Snake Plant","floor":25,"turns":1}],"seed_played":"9172871467966584350","potions_obtained":[{"floor":5.0,"key":"Dexterity Potion"},{"floor":13.0,"key":"DuplicationPotion"},{"floor":16,"key":"SteroidPotion"},{"floor":18,"key":"Strength Potion"}],"is_trial":false,"path_per_floor":["M","?","?","$","M","R","M","R","T","M","M","R","M","$","R","B",null,"M","M","$","?","?","R","M","M"],"character_chosen":"DEFECT","items_purchased":["EntropicBrew","Defragment","Stack","Compile Driver","Defragment"],"campfire_rested":4,"item_purchase_floors":[4,14,14,14,20],"current_hp_per_floor":[44,37,37,37,37,59,54,54,64,47,38,63,54,54,79,35,85,28,27,27,27,27,52,13,0,0],"gold":45,"neow_bonus":"ONE_RARE_RELIC","is_daily":false,"chose_seed":false,"campfire_upgraded":1,"win_rate":0.0,"timestamp":1612240680,"path_taken":["M","?","?","$","M","R","M","R","T","M","?","R","M","$","R","BOSS","M","M","$","?","?","R","M","M"],"items_purchased_type":["Potion","Card","Card","Card","Card"],"build_version":"2020-12-22","purchased_purges":0,"victory":false,"max_hp_per_floor":[75,75,75,75,75,75,75,75,85,85,85,85,85,85,85,85,85,85,85,85,85,85,85,85,85,85],"card_choices":[{"not_picked":["Barrage","Go for the Eyes","Fusion"],"picked":"SKIP","floor":1.0},{"not_picked":["Stack","Ball Lightning"],"picked":"Heatsinks","floor":5.0},{"not_picked":["Leap","Redo"],"picked":"Darkness","floor":7.0},{"not_picked":["Streamline","Hello World"],"picked":"Double Energy","floor":10.0},{"not_picked":["Double Energy","Ball Lightning"],"picked":"Self Repair","floor":11.0},{"not_picked":["Sweeping Beam","Gash"],"picked":"Biased Cognition","floor":13.0},{"not_picked":["All For One","Fission"],"picked":"Reboot","floor":16},{"not_picked":["Rebound","Sweeping Beam"],"picked":"Ball Lightning","floor":18},{"not_picked":["Compile Driver","Undo"],"picked":"FTL","floor":19},{"not_picked":["Glacier","Defragment"],"picked":"White Noise+1","floor":24}],"player_experience":617997,"relics_obtained":[{"floor":9.0,"key":"Pear"}],"event_choices":[{"cards_removed":["Strike_B"],"damage_healed":0.0,"max_hp_gain":0.0,"max_hp_loss":0.0,"gold_gain":0.0,"event_name":"Golden Wing","player_choice":"Card Removal","floor":2.0,"gold_loss":0.0,"damage_taken":7.0},{"damage_healed":0.0,"max_hp_gain":0.0,"max_hp_loss":0.0,"gold_gain":0.0,"event_name":"Wheel of Change","player_choice":"Cursed","floor":3.0,"gold_loss":0.0,"damage_taken":0.0,"cards_obtained":["Decay"]},{"damage_healed":0,"gold_gain":0,"player_choice":"Ignored","damage_taken":0,"max_hp_gain":0,"max_hp_loss":0,"event_name":"Vampires","floor":21,"gold_loss":0},{"damage_healed":0,"gold_gain":0,"player_choice":"Opened","damage_taken":0,"relics_obtained":["Ancient Tea Set"],"max_hp_gain":0,"max_hp_loss":0,"event_name":"The Mausoleum","floor":22,"gold_loss":0}],"is_beta":false,"boss_relics":[{"not_picked":["Philosopher\u0027s Stone","Fusion Hammer"],"picked":"SlaversCollar"}],"items_purged_floors":[],"is_endless":false,"potions_floor_spawned":[5,13,16,18],"killed_by":"Snake Plant","ascension_level":3}}