{"host":"l3qq6dhgi17n1wbp","time":1612280157,"event":{"mods":["BaseMod","Colored Map","Minty Spire (QoL Compilation)","SuperFastMode"],"gold_per_floor":[114,114,33,33,49,92,92,117,140,156,156,6,26,59,59,180,180,205,43,43,43,68,68,68],"floor_reached":23,"language":"KOR","playtime":464,"items_purged":[],"score":280,"play_id":"41a01e78-8144-44f1-ba41-9fe9b72979ee","local_time":"20210203003557","is_ascension_mode":true,"campfire_choices":[{"data":"Glass Knife","floor":7,"key":"SMITH"},{"floor":15,"key":"REST"}],"circlet_count":0,"master_deck":["Strike_G","Strike_G","Strike_G","Strike_G","Strike_G","Defend_G","Defend_G","Defend_G","Defend_G","Defend_G","Survivor","Neutralize","Blade Dance","Glass Knife+1","Infinite Blades","Blade Dance","Die Die Die","PiercingWail","Poisoned Stab","Glass Knife","Apotheosis","Dagger Spray+1"],"relics":["Ring of the Snake","NeowsBlessing","Golden Idol","Orichalcum","Dream Catcher","Chemical X","Tiny Chest","Black Star","Sundial","Blood Vial"],"acts_visited":["Exordium","TheCity"],"potions_floor_usage":[16,16,16,18],"damage_taken":[{"damage":0,"enemies":"Jaw Worm","floor":1,"turns":1},{"damage":0,"enemies":"Small Slimes","floor":5,"turns":1},{"damage":0,"enemies":"Gremlin Nob","floor":6,"turns":1},{"damage":0,"enemies":"Cultist","floor":8,"turns":2},{"damage":6,"enemies":"Looter","floor":10,"turns":3},{"damage":0,"enemies":"2 Fungi Beasts","floor":13,"turns":2},{"damage":25,"enemies":"3 Sentries","floor":14,"turns":5},{"damage":35,"enemies":"Hexaghost","floor":16,"turns":10},{"damage":16,"enemies":"2 Thieves","floor":18,"turns":3},{"damage":14,"enemies":"Shell Parasite","floor":22,"turns":3},{"damage":39,"enemies":"Gremlin Leader","floor":23,"turns":5}],"seed_played":"4595663556084631641","potions_obtained":[{"floor":1,"key":"Swift Potion"},{"floor":6,"key":"SpeedPotion"},{"floor":8,"key":"SneckoOil"},{"floor":11,"key":"CunningPotion"},{"floor":11,"key":"SkillPotion"},{"floor":16,"key":"Block Potion"}],"is_trial":false,"path_per_floor":["M","?","$","?","M","E","R","M","T","M","?","$","M","E","R","B",null,"M","$","?","?","M","E"],"character_chosen":"THE_SILENT","items_purchased":["Glass Knife","Chemical X","Apotheosis"],"campfire_rested":1,"item_purchase_floors":[3,12,19],"current_hp_per_floor":[70,53,53,58,58,58,58,58,58,52,52,52,52,27,49,14,60,44,44,44,44,32,0,0],"gold":68,"neow_bonus":"THREE_ENEMY_KILL","is_daily":false,"chose_seed":false,"campfire_upgraded":1,"win_rate":0.0,"timestamp":1612280157,"path_taken":["M","?","$","?","M","E","R","M","T","M","?","$","?","E","R","BOSS","M","$","?","?","?","E"],"items_purchased_type":["Card","Relic","Card"],"build_version":"2020-12-22","purchased_purges":0,"victory":false,"max_hp_per_floor":[70,70,70,75,75,75,75,75,75,75,75,75,75,75,75,75,75,75,75,75,75,75,75,75],"card_choices":[{"not_picked":["Prepared","Cloak And Dagger"],"picked":"Blade Dance","floor":1},{"not_picked":["Bane","Deflect"],"picked":"Infinite Blades","floor":5},{"not_picked":["Quick Slash","Escape Plan","Endless Agony"],"picked":"SKIP","floor":6},{"not_picked":["Sucker Punch","Footwork"],"picked":"Blade Dance","floor":8},{"not_picked":["Outmaneuver","Dagger Throw"],"picked":"Die Die Die","floor":10},{"not_picked":["Sucker Punch","Endless Agony"],"picked":"PiercingWail","floor":13},{"not_picked":["Wraith Form v2","Flying Knee"],"picked":"Doppelganger","floor":14},{"not_picked":["Calculated Gamble","Heel Hook"],"picked":"Poisoned Stab","floor":15},{"not_picked":["Bullet Time","Storm of Steel"],"picked":"Glass Knife","floor":16},{"not_picked":["Sucker Punch+1","Caltrops","Dash"],"picked":"SKIP","floor":18},{"not_picked":["Underhanded Strike","Deflect"],"picked":"Dagger Spray+1","floor":22}],"player_experience":231909,"relics_obtained":[{"floor":6,"key":"Orichalcum"},{"floor":9,"key":"Dream Catcher"},{"floor":14,"key":"Tiny Chest"}],"event_choices":[{"damage_healed":0,"gold_gain":0,"player_choice":"Take Damage","damage_taken":17,"relics_obtained":["Golden Idol"],"max_hp_gain":0,"max_hp_loss":0,"event_name":"Golden Idol","floor":2,"gold_loss":0},{"damage_healed":0,"gold_gain":0,"player_choice":"Donut","damage_taken":0,"max_hp_gain":5,"max_hp_loss":0,"event_name":"Big Fish","floor":4,"gold_loss":0},{"damage_healed":0,"gold_gain":0,"player_choice":"Got Potions","damage_taken":0,"max_hp_gain":0,"max_hp_loss":0,"event_name":"Lab","floor":11,"gold_loss":0},{"damage_healed":0,"gold_gain":0,"player_choice":"Opened","damage_taken":0,"relics_obtained":["Sundial"],"max_hp_gain":0,"max_hp_loss":0,"event_name":"The Mausoleum","floor":20,"gold_loss":0},{"cards_removed":["Doppelganger"],"damage_healed":0,"gold_gain":0,"player_choice":"Gave Card","damage_taken":0,"relics_obtained":["Blood Vial"],"max_hp_gain":0,"max_hp_loss":0,"event_name":"WeMeetAgain","floor":21,"gold_loss":0}],"is_beta":false,"boss_relics":[{"not_picked":["SlaversCollar","Astrolabe"],"picked":"Black Star"}],"items_purged_floors":[],"is_endless":false,"potions_floor_spawned":[1,6,8,10,16],"killed_by":"Gremlin Leader","ascension_level":5}}