{"host":"zwezhz46a5cjkxff","time":1612248204,"event":{"mods":["AchievementEnabler","BaseMod","Colored Map","Colored Powertips","DeckTracker","Hermit","Minty Spire (QoL Compilation)","Permanent Neow","Quick Restart","Rare Cards Sparkle","Relic Stats","Robot Space Explorer","StSLib","SuperFastMode","The Hierophant","The Servant 0.9.4","Weighted Paths","slay the spire mod where everything is the same but ironclad has a cowboy hat"],"gold_per_floor":[110,129,147,222,21,21,53,53,79,79,79],"floor_reached":10,"language":"ENG","playtime":280,"items_purged":[],"score":66,"play_id":"0a12f87a-098c-4688-be25-5592dc6b6e1e","local_time":"20210202004324","is_ascension_mode":false,"campfire_choices":[{"floor":6,"key":"RECALL"},{"data":"WheelKick","floor":8,"key":"SMITH"}],"circlet_count":0,"master_deck":["Strike_P","Strike_P","Strike_P","Strike_P","Defend_P","Defend_P","Defend_P","Defend_P","Eruption","Vigilance","Normality","WheelKick+1","Protect","CutThroughFate"],"relics":["PureWater","Incense Burner","Tiny Chest","Boot","Oddly Smooth Stone"],"acts_visited":["Exordium"],"potions_floor_usage":[7],"damage_taken":[{"damage":7,"enemies":"Jaw Worm","floor":1,"turns":3},{"damage":3,"enemies":"Small Slimes","floor":2,"turns":3},{"damage":0,"enemies":"Cultist","floor":3,"turns":3},{"damage":15,"enemies":"Gremlin Nob","floor":7,"turns":4},{"damage":50,"enemies":"Lagavulin","floor":10,"turns":6}],"seed_played":"6200690539682348745","potions_obtained":[{"floor":3,"key":"StancePotion"},{"floor":7,"key":"Ancient Potion"}],"is_trial":false,"path_per_floor":["M","M","M","?","$","R","E","R","T","E"],"character_chosen":"WATCHER","items_purchased":["CutThroughFate","Tiny Chest"],"campfire_rested":0,"item_purchase_floors":[5,5],"current_hp_per_floor":[65,62,62,51,51,51,36,36,36,0,0],"gold":79,"neow_bonus":"ONE_RARE_RELIC","is_daily":false,"chose_seed":false,"campfire_upgraded":1,"win_rate":0.0,"timestamp":1612248204,"path_taken":["M","M","M","?","$","R","E","R","T","E"],"items_purchased_type":["Card","Relic"],"build_version":"2020-12-22","purchased_purges":0,"victory":false,"max_hp_per_floor":[72,72,72,72,72,72,72,72,72,72,72],"relic_stats":{"counters":[5,19],"Tiny Chest":0,"Boot":[4],"obtain_stats":[{"Oddly Smooth Stone":9,"Tiny Chest":5,"Incense Burner":0,"PureWater":0,"Boot":7},{"Oddly Smooth Stone":4,"Tiny Chest":3,"Incense Burner":0,"PureWater":0,"Boot":4},{"Oddly Smooth Stone":13,"Tiny Chest":9,"Incense Burner":0,"PureWater":0,"Boot":13}]},"card_choices":[{"not_picked":["ClearTheMind","Prostrate","WaveOfTheHand"],"picked":"SKIP","floor":1},{"not_picked":["FearNoEvil","WreathOfFlame"],"picked":"WheelKick","floor":2},{"not_picked":["SashWhip","SandsOfTime"],"picked":"Protect","floor":3},{"not_picked":["WaveOfTheHand","Sanctity","SashWhip"],"picked":"SKIP","floor":7}],"player_experience":60071,"relics_obtained":[{"floor":7,"key":"Boot"},{"floor":9,"key":"Oddly Smooth Stone"}],"event_choices":[{"damage_healed":0,"gold_gain":75,"player_choice":"Gather Gold","damage_taken":11,"max_hp_gain":0,"max_hp_loss":0,"event_name":"World of Goop","floor":4,"gold_loss":0}],"is_beta":false,"boss_relics":[],"items_purged_floors":[],"is_endless":false,"potions_floor_spawned":[3,7],"killed_by":"Lagavulin","ascension_level":0}}