{"host":"a00pwxwvvpsg0jw6","time":1612306287,"event":{"mods":["AchievementEnabler","BaseMod","Minty Spire (QoL Compilation)","Replay The Spire","StSLib"],"gold_per_floor":[111,111,111,122,122,122,137,137,137,463,463,463,476,487,487,586,586,597,2617,2617,2632,2632,2657,2657,2690,2743,2743,2758,2683,2694,2694,2694],"floor_reached":31,"language":"ENG","playtime":974,"items_purged":["Strike_R"],"score":273,"play_id":"554a8472-00d3-4343-b215-bed5c6191068","local_time":"20210202165127","is_ascension_mode":false,"campfire_choices":[{"data":"Bash","floor":6,"key":"SMITH"},{"data":"Cleave","floor":8,"key":"SMITH"},{"data":"Hemokinesis","floor":11,"key":"SMITH"},{"data":"Defend_R","floor":15,"key":"SMITH"},{"data":"Demon Form","floor":24,"key":"SMITH"},{"data":"Rampage","floor":27,"key":"SMITH"}],"circlet_count":0,"master_deck":["Strike_R","Strike_R","Defend_R+1","Defend_R","Defend_R","Defend_R","Bash+1","Cleave+1","Hemokinesis+1","Demon Form+1","Cleave+1","Thunderclap+1","Rampage+1"],"relics":["ChewingGum","Centennial Puzzle","Old Coin","Ooze Armor","Membership Card","Happy Flower","Dream Catcher","Paper Frog","Bottled Tornado","ReplayFunnel","Toy Ornithopter"],"acts_visited":["Exordium","TheCity"],"potions_floor_usage":[16,16,16,25],"damage_taken":[{"damage":21,"enemies":"Jaw Worm","floor":1,"turns":4},{"damage":6,"enemies":"Cultist","floor":4,"turns":3},{"damage":5,"enemies":"2 Louse","floor":7,"turns":2},{"damage":16,"enemies":"3 Sentries","floor":10,"turns":6},{"damage":2,"enemies":"Looter","floor":13,"turns":1},{"damage":12,"enemies":"Blue Slaver","floor":14,"turns":2},{"damage":39,"enemies":"Slime Boss","floor":16,"turns":12},{"damage":8,"enemies":"3 Byrds","floor":18,"turns":5},{"damage":10,"enemies":"Spheric Guardian","floor":21,"turns":3},{"damage":8,"enemies":"Gremlin Leader","floor":23,"turns":3},{"damage":17,"enemies":"Book of Stabbing","floor":25,"turns":3},{"damage":17,"enemies":"Shelled Parasite and Fungi","floor":28,"turns":4},{"damage":0,"enemies":"3 Cultists","floor":30,"turns":3},{"damage":4,"enemies":"Snake Plant","floor":31,"turns":5}],"seed_played":"-7907298063509112301","potions_obtained":[{"floor":3,"key":"Reflective Coating"},{"floor":7,"key":"Languid Potion"},{"floor":10,"key":"Dexterity Potion"},{"floor":16,"key":"Weak Potion"},{"floor":23,"key":"Explosive Potion"},{"floor":28,"key":"SteroidPotion"}],"is_trial":false,"path_per_floor":["M","$","?","M","?","R","M","R","T","E","R","?","M","M","R","B",null,"M","$","?","M","?","E","R","E","T","R","M","?","M","M"],"character_chosen":"IRONCLAD","items_purchased":["Membership Card","Happy Flower","Dream Catcher"],"campfire_rested":0,"item_purchase_floors":[19,19,19],"current_hp_per_floor":[59,59,59,53,79,79,74,74,74,58,58,58,56,44,44,5,80,72,72,72,62,46,38,38,21,21,21,4,4,4,0,0],"gold":2694,"neow_bonus":"BOSS_RELIC","is_daily":false,"chose_seed":false,"campfire_upgraded":6,"win_rate":0.0,"timestamp":1612306287,"path_taken":["M","$","?","?","?","R","M","R","T","E","R","?","M","M","R","BOSS","M","$","?","M","?","E","R","E","T","R","M","?","M","M"],"items_purchased_type":["Relic","Relic","Relic"],"build_version":"2020-12-22","purchased_purges":1,"victory":false,"max_hp_per_floor":[80,80,80,80,80,80,80,80,80,80,80,80,80,80,80,80,80,80,80,80,80,80,80,80,80,80,80,80,80,80,80,80],"card_choices":[{"not_picked":["Heavy Blade","Dark Embrace","Armaments"],"picked":"SKIP","floor":1},{"not_picked":["Clothesline","Entrench","True Grit"],"picked":"SKIP","floor":4},{"not_picked":["Clash","Sword Boomerang"],"picked":"Cleave","floor":7},{"not_picked":["Blood for Blood","Berserk"],"picked":"Hemokinesis","floor":10},{"not_picked":["Body Slam","Ghostly Armor","True Grit"],"picked":"SKIP","floor":13},{"not_picked":["Run Through","Dropkick","Clothesline"],"picked":"SKIP","floor":14},{"not_picked":["Double Tap","Corruption"],"picked":"Demon Form","floor":16},{"not_picked":["Replay:Undeath\u0027s Touch","Feel No Pain"],"picked":"Cleave+1","floor":18},{"not_picked":["Shrug It Off","Life Link+1"],"picked":"Thunderclap+1","floor":21},{"not_picked":["Iron Wave","Demonic Infusion"],"picked":"Rampage","floor":23},{"not_picked":["Clothesline","Thunderclap+1","Second Wind+1"],"picked":"SKIP","floor":25},{"not_picked":["Shrug It Off","Rampage","Pummel"],"picked":"SKIP","floor":28},{"not_picked":["Clothesline","Shockwave","Sever Soul"],"picked":"SKIP","floor":30}],"player_experience":6502,"relics_obtained":[{"floor":9,"key":"Centennial Puzzle"},{"floor":10,"key":"Old Coin"},{"floor":23,"key":"Bottled Tornado"},{"floor":25,"key":"ReplayFunnel"},{"floor":26,"key":"Toy Ornithopter"}],"event_choices":[{"damage_healed":0,"gold_gain":0,"player_choice":"Got Potions","damage_taken":0,"max_hp_gain":0,"max_hp_loss":0,"event_name":"Lab","floor":3,"gold_loss":0},{"damage_healed":26,"gold_gain":0,"player_choice":"Banana","damage_taken":0,"max_hp_gain":0,"max_hp_loss":0,"event_name":"Big Fish","floor":5,"gold_loss":0},{"cards_removed":["Strike_R"],"damage_healed":0,"gold_gain":0,"player_choice":"Forget","damage_taken":0,"max_hp_gain":0,"max_hp_loss":0,"event_name":"Living Wall","floor":12,"gold_loss":0},{"damage_healed":0,"gold_gain":0,"player_choice":"Opened","damage_taken":0,"relics_obtained":["Paper Frog"],"max_hp_gain":0,"max_hp_loss":0,"event_name":"The Mausoleum","floor":20,"gold_loss":0},{"damage_healed":0,"gold_gain":0,"player_choice":"Obtained Book","damage_taken":16,"max_hp_gain":0,"max_hp_loss":0,"event_name":"Cursed Tome","floor":22,"gold_loss":0},{"cards_removed":["Strike_R"],"damage_healed":0,"gold_gain":0,"player_choice":"Gave Gold","damage_taken":0,"max_hp_gain":0,"max_hp_loss":0,"event_name":"Beggar","floor":29,"gold_loss":75}],"is_beta":false,"boss_relics":[{"not_picked":["Fusion Hammer","SacredBark"],"picked":"Ooze Armor"}],"items_purged_floors":[19],"is_endless":false,"potions_floor_spawned":[7,10,14,16,23,28],"killed_by":"Snake Plant","ascension_level":0}}