{"host":"j4nfyhit1dl35m08","time":1612246226,"event":{"mods":["BaseMod","Downfall","Highlight Path","Minty Spire (QoL Compilation)","StSLib"],"gold_per_floor":[99,116,132,142,157,168,168,168,194,194,206,217,217,367,384,486,486,486,496,496,496,507,582,607,68,82,114,133,133,149,159,159,159,159],"floor_reached":32,"language":"ENG","playtime":2886,"items_purged":["downfall:Bewildered"],"score":293,"play_id":"1496480c-ff42-4033-8bf4-6b5409e0587f","local_time":"20210202001026","is_ascension_mode":false,"campfire_choices":[{"data":"bronze:Goto","floor":1,"key":"SMITH"},{"data":"bronze:Branch","floor":10,"key":"SMITH"},{"data":"bronze:Fortify","floor":13,"key":"SMITH"},{"data":"bronze:ClassDefault","floor":18,"key":"SMITH"},{"floor":29,"key":"REST"}],"circlet_count":0,"master_deck":["bronze:Defend","bronze:Defend","bronze:Defend","bronze:Defend","bronze:Replicate","bronze:Goto+1","bronze:Branch+1","bronze:ClassDefault+1","bronze:ChosenStrike","bronze:Turbo","bronze:BugBarrage","bronze:Allocate","bronze:Fortify+1","bronze:CutThrough","downfall:Icky","bronze:ShipIt","bronze:Branch+1","Bite","Bite","Bite","Bite","Bite","bronze:OilSpill+1","expansioncontent:QuickStudy","bronze:BugBarrage+1","bronze:Invalidate+1","bronze:Turbo","bronze:ForLoop+1"],"relics":["bronze:BronzeCore","Pantograph","Lantern","Busted Crown","sneckomod:BabySnecko","White Beast Statue","Ice Cream"],"acts_visited":["Exordium","TheCity"],"potions_floor_usage":[16,16,16,16,32],"damage_taken":[{"damage":1,"enemies":"Cultist","floor":2,"turns":3},{"damage":1,"enemies":"Jaw Worm","floor":3,"turns":3},{"damage":2,"enemies":"Small Slimes","floor":4,"turns":4},{"damage":8,"enemies":"2 Fungi Beasts","floor":5,"turns":4},{"damage":8,"enemies":"3 Louse","floor":6,"turns":3},{"damage":8,"enemies":"Gremlin Nob","floor":9,"turns":3},{"damage":14,"enemies":"Exordium Thugs","floor":11,"turns":4},{"damage":4,"enemies":"Blue Slaver","floor":12,"turns":3},{"damage":11,"enemies":"Lots of Slimes","floor":15,"turns":3},{"damage":4,"enemies":"WA_ARCHETYPE_RETAIN","floor":16,"turns":4},{"damage":0,"enemies":"3 Byrds","floor":19,"turns":4},{"damage":0,"enemies":"Spheric Guardian","floor":22,"turns":2},{"damage":0,"enemies":"downfall:FleeingMerchant","floor":25,"turns":4},{"damage":0,"enemies":"Snecko","floor":26,"turns":3},{"damage":42,"enemies":"Gremlin Leader","floor":27,"turns":6},{"damage":0,"enemies":"Centurion and Healer","floor":28,"turns":3},{"damage":5,"enemies":"Cultist and Chosen","floor":30,"turns":4},{"damage":8,"enemies":"Shelled Parasite and Fungi","floor":31,"turns":2},{"damage":52,"enemies":"Sentry and Sphere","floor":32,"turns":5}],"seed_played":"8084844849694926231","potions_obtained":[{"floor":2,"key":"champ:CounterPotion"},{"floor":4,"key":"EntropicBrew"},{"floor":9,"key":"champ:CounterPotion"},{"floor":26,"key":"Ancient Potion"},{"floor":27,"key":"PowerPotion"}],"is_trial":false,"path_per_floor":["R","M","M","M","M","M","T","?","E","R","M","M","R","?","M","B",null,"R","M","?","?","M","?","T","$","M","E","M","R","M","M","M"],"character_chosen":"THE_AUTOMATON","items_purchased":["expansioncontent:QuickStudy","White Beast Statue"],"campfire_rested":1,"item_purchase_floors":[25,25],"current_hp_per_floor":[77,76,75,73,65,57,57,57,49,49,35,31,31,31,20,41,77,77,77,77,53,53,53,53,53,53,15,19,34,37,35,0,0,0],"gold":159,"neow_bonus":"TEN_PERCENT_HP_BONUS","is_daily":false,"chose_seed":false,"campfire_upgraded":4,"win_rate":0.0,"timestamp":1612246226,"path_taken":["R","M","M","?","M","M","T","?","E","R","M","M","R","?","M","BOSS","R","M","?","?","M","?","T","$","?","E","M","R","M","M","M"],"items_purchased_type":["Card","Relic"],"build_version":"2020-12-22","purchased_purges":1,"victory":false,"max_hp_per_floor":[77,77,77,77,77,77,77,77,77,77,77,77,77,77,77,77,77,77,77,77,53,53,53,53,53,53,53,53,53,53,53,53,53,53],"card_choices":[{"not_picked":["bronze:Repulsor","bronze:DelayedSlice"],"picked":"bronze:Branch","floor":2},{"not_picked":["bronze:BitShift","bronze:Iterate"],"picked":"bronze:ClassDefault","floor":3},{"not_picked":["bronze:OilSpill","bronze:CleanCode"],"picked":"bronze:ChosenStrike","floor":4},{"not_picked":["bronze:BitShift","bronze:DelayedGuard","bronze:Turbo"],"picked":"SKIP","floor":5},{"not_picked":["bronze:BitShift","bronze:DelayedGuard"],"picked":"bronze:Turbo","floor":5},{"not_picked":["bronze:Allocate","bronze:ItsAFeature"],"picked":"bronze:BugBarrage","floor":6},{"not_picked":["bronze:Turbo","bronze:Invalidate"],"picked":"bronze:Allocate","floor":9},{"not_picked":["bronze:Overload","bronze:ForLoop"],"picked":"bronze:Fortify","floor":11},{"not_picked":["bronze:CleanCode","bronze:ClassDefault"],"picked":"bronze:CutThrough","floor":12},{"not_picked":["bronze:NullPointer","bronze:Deprecate","bronze:Allocate"],"picked":"SKIP","floor":15},{"not_picked":["bronze:HyperBeam","bronze:Break"],"picked":"bronze:ShipIt","floor":16},{"not_picked":[],"picked":"bronze:Branch+1","floor":19},{"not_picked":[],"picked":"bronze:OilSpill+1","floor":22},{"not_picked":["bronze:CutThrough"],"picked":"SKIP","floor":25},{"not_picked":[],"picked":"bronze:BugBarrage+1","floor":26},{"not_picked":["bronze:DelayedGuard"],"picked":"SKIP","floor":27},{"not_picked":[],"picked":"bronze:Invalidate+1","floor":28},{"not_picked":[],"picked":"bronze:Turbo","floor":30},{"not_picked":[],"picked":"bronze:ForLoop+1","floor":31}],"player_experience":353889,"relics_obtained":[{"floor":7,"key":"Pantograph"},{"floor":9,"key":"Lantern"},{"floor":27,"key":"Ice Cream"}],"event_choices":[{"damage_healed":0,"gold_gain":0,"player_choice":"Became a vampire","damage_taken":0,"max_hp_gain":0,"max_hp_loss":24,"event_name":"Vampires","floor":21,"gold_loss":0,"cards_obtained":["Bite","Bite","Bite","Bite","Bite"]}],"is_beta":false,"boss_relics":[{"not_picked":["Runic Dome","Snecko Eye"],"picked":"Busted Crown"}],"items_purged_floors":[25],"is_endless":false,"potions_floor_spawned":[2,4,9,11,12,26,27,28,30,31],"killed_by":"Sentry and Sphere","ascension_level":0}}