{"host":"rolltorest","time":1612255010,"event":{"mods":["BaseMod","Minty Spire (QoL Compilation)","Relic Stats","Slay the Relics Exporter","StSLib"],"gold_per_floor":[115,40,115,62,62,87,87,113,113,125,138,138,169,8,8,81,81,93,103,137,137,49,81,93,120,132,144,156,197,209,252,264,355,367,389,420,445,457,167,202,202,202,248,267,489,505,104,135,135,135,135,135,135,50,85,85,85],"floor_reached":56,"language":"ENG","playtime":2626,"items_purged":["Strike_B"],"score":2279,"play_id":"975424f6-7599-480d-8259-1cef2c0e45cb","local_time":"20210202003650","is_ascension_mode":true,"campfire_choices":[{"data":"Defragment","floor":7,"key":"SMITH"},{"data":"Self Repair","floor":12,"key":"SMITH"},{"data":"Seek","floor":15,"key":"SMITH"},{"data":"Loop","floor":24,"key":"SMITH"},{"data":"Coolheaded","floor":28,"key":"SMITH"},{"data":"1","floor":30,"key":"LIFT"},{"data":"2","floor":32,"key":"LIFT"},{"data":"Fission","floor":42,"key":"SMITH"},{"floor":49,"key":"RECALL"},{"data":"Defragment","floor":53,"key":"SMITH"}],"circlet_count":0,"master_deck":["AscendersBane","Strike_B","Defend_B","Defend_B","Defend_B","Defend_B","Zap","Dualcast","Ball Lightning+1","Coolheaded+1","Defragment+1","BootSequence","Conserve Battery","Self Repair+1","Seek+1","Electrodynamics","Hologram","Loop+1","Recycle","Skim","Heatsinks+1","Coolheaded+1","Compile Driver","Fission+1","Cold Snap+1","Glacier+1","Defragment+1","Glacier","Defragment","Coolheaded+1","Darkness+1","Master of Strategy","Stack+1","Go for the Eyes+1","Defragment+1","Static Discharge+1","Reinforced Body+1"],"relics":["Cracked Core","NeowsBlessing","Symbiotic Virus","Turnip","HornCleat","DataDisk","Toolbox","Velvet Choker","Red Mask","MawBank","Girya","Orichalcum","Toy Ornithopter","Nuclear Battery","Orrery","Calipers","Bag of Preparation","DollysMirror","CaptainsWheel","Blue Candle"],"acts_visited":["Exordium","TheCity","TheBeyond","TheEnding"],"potions_floor_usage":[16,25,50,55,56,56],"damage_taken":[{"damage":0,"enemies":"Small Slimes","floor":1,"turns":1},{"damage":0,"enemies":"3 Sentries","floor":6,"turns":1},{"damage":0,"enemies":"Lagavulin","floor":8,"turns":1},{"damage":0,"enemies":"2 Louse","floor":10,"turns":2},{"damage":0,"enemies":"Jaw Worm","floor":11,"turns":3},{"damage":0,"enemies":"Gremlin Nob","floor":13,"turns":3},{"damage":0,"enemies":"Hexaghost","floor":16,"turns":9},{"damage":2,"enemies":"3 Byrds","floor":18,"turns":3},{"damage":0,"enemies":"Shell Parasite","floor":19,"turns":4},{"damage":2,"enemies":"Masked Bandits","floor":20,"turns":2},{"damage":14,"enemies":"Slavers","floor":23,"turns":3},{"damage":32,"enemies":"Snecko","floor":25,"turns":6},{"damage":2,"enemies":"Gremlin Leader","floor":29,"turns":6},{"damage":14,"enemies":"Book of Stabbing","floor":31,"turns":5},{"damage":22,"enemies":"Automaton","floor":33,"turns":12},{"damage":0,"enemies":"3 Darklings","floor":35,"turns":4},{"damage":0,"enemies":"3 Shapes","floor":36,"turns":4},{"damage":11,"enemies":"Spire Growth","floor":37,"turns":5},{"damage":0,"enemies":"Giant Head","floor":40,"turns":12},{"damage":0,"enemies":"Maw","floor":44,"turns":10},{"damage":0,"enemies":"Sphere and 2 Shapes","floor":46,"turns":4},{"damage":10,"enemies":"Reptomancer","floor":48,"turns":8},{"damage":15,"enemies":"Awakened One","floor":50,"turns":28},{"damage":14,"enemies":"Donu and Deca","floor":51,"turns":18},{"damage":1,"enemies":"Shield and Spear","floor":55,"turns":15},{"damage":83,"enemies":"The Heart","floor":56,"turns":12}],"seed_played":"-4698301768626404756","potions_obtained":[{"floor":8,"key":"Weak Potion"},{"floor":11,"key":"SmokeBomb"},{"floor":13,"key":"Swift Potion"},{"floor":16,"key":"BlessingOfTheForge"},{"floor":18,"key":"SkillPotion"},{"floor":19,"key":"LiquidMemories"},{"floor":25,"key":"Explosive Potion"},{"floor":48,"key":"DistilledChaos"},{"floor":55,"key":"Regen Potion"}],"is_trial":false,"path_per_floor":["M","?","?","$","?","E","R","E","T","M","M","R","E","$","R","B",null,"M","M","?","?","$","E","R","M","T","?","R","E","R","E","R","B",null,"M","M","M","?","$","E","?","R","T","M","?","M","$","E","R","B","B",null,"R","$","E","B"],"character_chosen":"DEFECT","items_purchased":["Coolheaded","Toolbox","Skim","Defragment","Glacier","Orrery","Bag of Preparation","DollysMirror","Ancient Potion"],"campfire_rested":0,"item_purchase_floors":[4,14,22,39,39,39,47,47,54],"current_hp_per_floor":[64,64,53,53,53,53,53,53,53,53,53,53,63,63,63,71,71,71,71,71,71,71,67,67,45,45,45,45,53,53,49,49,37,63,71,71,70,67,67,67,57,57,57,67,67,67,67,67,67,67,63,66,66,66,67,0,0],"gold":85,"neow_bonus":"THREE_ENEMY_KILL","is_daily":false,"chose_seed":false,"campfire_upgraded":7,"win_rate":0.0,"timestamp":1612255010,"path_taken":["M","?","?","?","?","E","R","E","T","M","M","R","E","$","R","BOSS","M","M","?","?","$","E","R","M","T","?","R","E","R","E","R","BOSS","M","M","?","?","$","E","?","R","T","M","?","M","$","E","R","BOSS","BOSS","R","$","E","BOSS"],"items_purchased_type":["Card","Relic","Card","Card","Card","Relic","Relic","Relic","Potion"],"build_version":"2020-12-18","purchased_purges":1,"victory":false,"max_hp_per_floor":[71,71,71,71,71,71,71,71,71,71,71,71,71,71,71,71,71,71,71,71,71,71,71,71,71,71,71,71,71,71,71,71,71,71,71,71,71,67,67,67,67,67,67,67,67,67,67,67,67,67,67,67,67,67,67,67,67],"relic_stats":{"counters":[26,180],"Blue Candle":[0],"Turnip":[9],"Bag of Preparation":[10],"Orichalcum":[54],"MawBank":192,"obtain_stats":[{"Girya":26,"Calipers":40,"NeowsBlessing":0,"Blue Candle":55,"Velvet Choker":17,"Bag of Preparation":47,"Orichalcum":29,"MawBank":23,"Nuclear Battery":34,"DataDisk":13,"CaptainsWheel":48,"HornCleat":9,"DollysMirror":47,"Toolbox":14,"Orrery":39,"Turnip":8,"Red Mask":20,"Cracked Core":0,"Symbiotic Virus":6,"Toy Ornithopter":31},{"Girya":12,"Calipers":19,"NeowsBlessing":0,"Blue Candle":25,"Velvet Choker":7,"Bag of Preparation":21,"Orichalcum":13,"MawBank":11,"Nuclear Battery":15,"DataDisk":6,"CaptainsWheel":22,"HornCleat":3,"DollysMirror":21,"Toolbox":6,"Orrery":18,"Turnip":3,"Red Mask":10,"Cracked Core":0,"Symbiotic Virus":2,"Toy Ornithopter":14},{"Girya":38,"Calipers":85,"NeowsBlessing":0,"Blue Candle":168,"Velvet Choker":20,"Bag of Preparation":99,"Orichalcum":44,"MawBank":32,"Nuclear Battery":61,"DataDisk":11,"CaptainsWheel":107,"HornCleat":3,"DollysMirror":99,"Toolbox":11,"Orrery":73,"Turnip":3,"Red Mask":29,"Cracked Core":0,"Symbiotic Virus":2,"Toy Ornithopter":49}],"Toy Ornithopter":11},"card_choices":[{"not_picked":["Beam Cell","Rebound"],"picked":"Ball Lightning","floor":1},{"not_picked":["Turbo","Tempest"],"picked":"Defragment","floor":6},{"not_picked":["Stack","Recycle"],"picked":"BootSequence","floor":8},{"not_picked":["Gash","Beam Cell"],"picked":"Conserve Battery","floor":10},{"not_picked":["Go for the Eyes","Streamline"],"picked":"Self Repair","floor":11},{"not_picked":["Self Repair","Scrape"],"picked":"Seek","floor":13},{"not_picked":["Biased Cognition","Seek"],"picked":"Electrodynamics","floor":16},{"not_picked":["Go for the Eyes","Storm"],"picked":"Hologram","floor":18},{"not_picked":["Go for the Eyes","Genetic Algorithm+1"],"picked":"Loop","floor":19},{"not_picked":["Blizzard","Streamline"],"picked":"Recycle","floor":20},{"not_picked":["Hyperbeam","Conserve Battery"],"picked":"Heatsinks+1","floor":23},{"not_picked":["Steam","Conserve Battery"],"picked":"Coolheaded+1","floor":25},{"not_picked":["Leap","Coolheaded"],"picked":"Compile Driver","floor":29},{"not_picked":["Sweeping Beam","Conserve Battery","Blizzard+1"],"picked":"SKIP","floor":31},{"not_picked":["Electrodynamics","Rainbow"],"picked":"Fission","floor":33},{"not_picked":["Hello World+1","Sweeping Beam","Genetic Algorithm"],"picked":"SKIP","floor":35},{"not_picked":["Leap","Redo+1"],"picked":"Cold Snap+1","floor":36},{"not_picked":["Static Discharge","Cold Snap"],"picked":"Glacier+1","floor":37},{"not_picked":["Steam","Streamline"],"picked":"Defragment","floor":39},{"not_picked":["Leap+1","White Noise"],"picked":"Coolheaded+1","floor":39},{"not_picked":["Static Discharge","Hologram"],"picked":"Darkness+1","floor":39},{"not_picked":["Force Field","Gash+1","Sunder+1"],"picked":"SKIP","floor":40},{"not_picked":["Impatience","Madness"],"picked":"Master of Strategy","floor":41},{"not_picked":["Conserve Battery","Beam Cell"],"picked":"Stack+1","floor":44},{"not_picked":["Barrage","Stack+1"],"picked":"Go for the Eyes+1","floor":46},{"not_picked":["Compile Driver","Sweeping Beam"],"picked":"Static Discharge+1","floor":48},{"not_picked":["Coolheaded","Conserve Battery"],"picked":"Reinforced Body+1","floor":55}],"player_experience":1812731,"relics_obtained":[{"floor":6,"key":"Symbiotic Virus"},{"floor":8,"key":"Turnip"},{"floor":9,"key":"HornCleat"},{"floor":13,"key":"DataDisk"},{"floor":20,"key":"Red Mask"},{"floor":23,"key":"MawBank"},{"floor":26,"key":"Girya"},{"floor":29,"key":"Orichalcum"},{"floor":31,"key":"Toy Ornithopter"},{"floor":40,"key":"Calipers"},{"floor":48,"key":"CaptainsWheel"},{"floor":55,"key":"Blue Candle"}],"event_choices":[{"cards_removed":["Strike_B"],"damage_healed":0,"gold_gain":0,"player_choice":"Card Removal","damage_taken":0,"max_hp_gain":0,"max_hp_loss":0,"event_name":"The Cleric","floor":2,"gold_loss":75},{"damage_healed":0,"gold_gain":75,"player_choice":"Gather Gold","damage_taken":11,"max_hp_gain":0,"max_hp_loss":0,"event_name":"World of Goop","floor":3,"gold_loss":0},{"damage_healed":0,"gold_gain":0,"player_choice":"Grow","damage_taken":0,"max_hp_gain":0,"max_hp_loss":0,"event_name":"Living Wall","floor":5,"gold_loss":0,"cards_upgraded":["Ball Lightning"]},{"damage_healed":0,"gold_gain":0,"player_choice":"Fought Bandits","damage_taken":0,"max_hp_gain":0,"max_hp_loss":0,"event_name":"Masked Bandits","floor":20,"gold_loss":0},{"damage_healed":0,"gold_gain":0,"player_choice":"Ignored","damage_taken":0,"max_hp_gain":0,"max_hp_loss":0,"event_name":"Ghosts","floor":21,"gold_loss":0},{"cards_removed":["Strike_B"],"damage_healed":0,"gold_gain":0,"player_choice":"Offered Basic","damage_taken":0,"max_hp_gain":0,"max_hp_loss":0,"event_name":"Bonfire Elementals","floor":27,"gold_loss":0},{"damage_healed":0,"gold_gain":0,"player_choice":"Max HP","damage_taken":0,"max_hp_gain":0,"max_hp_loss":4,"event_name":"Winding Halls","floor":38,"gold_loss":0},{"damage_healed":0,"gold_gain":0,"player_choice":"Memory 3","damage_taken":10,"max_hp_gain":0,"max_hp_loss":0,"event_name":"SensoryStone","floor":41,"gold_loss":0},{"damage_healed":0,"gold_gain":222,"player_choice":"Wore Mask","damage_taken":0,"max_hp_gain":0,"max_hp_loss":0,"event_name":"Tomb of Lord Red Mask","floor":45,"gold_loss":0}],"is_beta":true,"boss_relics":[{"not_picked":["Black Star","Calling Bell"],"picked":"Velvet Choker"},{"not_picked":["Sozu","SlaversCollar"],"picked":"Nuclear Battery"}],"items_purged_floors":[47],"is_endless":false,"potions_floor_spawned":[8,11,13,16,18,19,25,31,33,40,48,55],"killed_by":"The Heart","ascension_level":20}}