{"host":"vddnn8yddbh0df4g","time":1612308701,"event":{"mods":["Act Like it!","BaseMod","Beaked The Cultist","Bestiary","Clockwork Mod","Downfall","Minty Spire (QoL Compilation)","Shop Mod","StSLib","SuperFastMode","The Construct","The Runesmith"],"gold_per_floor":[99,99,99,99,99,99,177,177,207,237,294,319,80,91,104,209,209,109,127,147,165,50,50,98,133,33,133,133,18,18,48,64,168,168,168,186,203,223,235,135,181,197,197,93,93,126,140,175,191,191,191,191,191],"floor_reached":52,"language":"ENG","playtime":2303,"items_purged":["Regret","construct:Strike_Gold","construct:Defend_Gold"],"score":818,"play_id":"4cf8829c-4cd8-43c7-ab00-0fd19dd941f1","local_time":"20210202183141","is_ascension_mode":true,"campfire_choices":[{"data":"construct:AttackMode","floor":1.0,"key":"SMITH"},{"data":"construct:Chainstrike","floor":6.0,"key":"SMITH"},{"data":"construct:Versatility","floor":8.0,"key":"SMITH"},{"data":"beaked:WalkersFury","floor":18.0,"key":"SMITH"},{"floor":26.0,"key":"REST"},{"data":"construct:FlameCore","floor":30.0,"key":"SMITH"},{"floor":35.0,"key":"RECALL"},{"data":"construct:BatteryCore","floor":40.0,"key":"SMITH"},{"floor":43.0,"key":"REST"},{"data":"construct:Multistage","floor":45.0,"key":"SMITH"}],"circlet_count":0,"master_deck":["construct:Strike_Gold+1","construct:Strike_Gold","construct:Strike_Gold","construct:Strike_Gold+1","construct:Defend_Gold+1","construct:Defend_Gold+1","construct:Defend_Gold","construct:Defend_Gold","construct:AttackMode+1","construct:DefenseMode+1","construct:Versatility+1","construct:Chainstrike+1","construct:Chainstrike+1","construct:Failsafe","construct:FocusedBeam+1","construct:Autoturret","construct:FlameCore+1","construct:Reserves","beaked:WalkersFury+1","construct:FlakBarrage","construct:Multistage+1","construct:Reinforce+1","construct:Autoturret+1","construct:Enhance+1","construct:BatteryCore+1","construct:SweepLaser+1","construct:Isolate+1","expansioncontent:StudyTheSpire","construct:ChargeShot","construct:Boost+1","construct:Hazardproof"],"relics":["construct:Cogwheel","downfall:HeartsMalice","Shuriken","Pantograph","Toy Ornithopter","Odd Mushroom","Runesmith:Nanobots","beaked:SacredDeck","downfall:HeartBlessingGreen","downfall:RedIOU","Lantern","downfall:HeartBlessingBlue","construct:RocketBooster","The Courier","Ornamental Fan","Blue Candle","Du-Vu Doll","downfall:HeartBlessingRed","Bronze Scales","MerchantsRug","Kunai","Guardian:PocketSentry","Strawberry"],"acts_visited":["Exordium","TheCity","TheBeyond","TheEnding"],"potions_floor_usage":[49],"damage_taken":[{"damage":0.0,"enemies":"Jaw Worm","floor":2.0,"turns":1.0},{"damage":0.0,"enemies":"Small Slimes","floor":5.0,"turns":1.0},{"damage":0.0,"enemies":"Gremlin Nob","floor":9.0,"turns":1.0},{"damage":22.0,"enemies":"The Mushroom Lair","floor":10.0,"turns":6.0},{"damage":46.0,"enemies":"Lagavulin Event","floor":11.0,"turns":6.0},{"damage":25.0,"enemies":"Lagavulin","floor":12.0,"turns":8.0},{"damage":1.0,"enemies":"downfall:FleeingMerchant","floor":13.0,"turns":4.0},{"damage":0.0,"enemies":"2 Louse","floor":14.0,"turns":1.0},{"damage":0.0,"enemies":"Large Slime","floor":15.0,"turns":3.0},{"damage":30.0,"enemies":"DF_ARCHETYPE_STREAMLINE","floor":16.0,"turns":8.0},{"damage":1.0,"enemies":"Chosen","floor":19.0,"turns":3.0},{"damage":7.0,"enemies":"3 Byrds","floor":20.0,"turns":4.0},{"damage":16.0,"enemies":"3 Cultists","floor":21.0,"turns":5.0},{"damage":7.0,"enemies":"downfall:FleeingMerchant","floor":22.0,"turns":4.0},{"damage":49.0,"enemies":"Slavers","floor":25.0,"turns":6.0},{"damage":7.0,"enemies":"Colosseum Nobs","floor":27.0,"turns":5.0},{"damage":0.0,"enemies":"downfall:FleeingMerchant","floor":29.0,"turns":4.0},{"damage":35.0,"enemies":"Gremlin Leader","floor":31.0,"turns":7.0},{"damage":3.0,"enemies":"Centurion and Healer","floor":32.0,"turns":5.0},{"damage":44.0,"enemies":"SI_MIRROR_ARCHETYPE","floor":33.0,"turns":7.0},{"damage":25.0,"enemies":"3 Darklings","floor":36.0,"turns":6.0},{"damage":14.0,"enemies":"3 Shapes","floor":37.0,"turns":5.0},{"damage":10.0,"enemies":"3 Darklings","floor":38.0,"turns":4.0},{"damage":41.0,"enemies":"Jaw Worm Horde","floor":39.0,"turns":6.0},{"damage":0.0,"enemies":"Writhing Mass","floor":42.0,"turns":7.0},{"damage":0.0,"enemies":"downfall:FleeingMerchant","floor":44.0,"turns":4.0},{"damage":59.0,"enemies":"Reptomancer","floor":46.0,"turns":6.0},{"damage":18.0,"enemies":"3 Darklings","floor":47.0,"turns":6.0},{"damage":12.0,"enemies":"Nemesis","floor":48.0,"turns":5.0},{"damage":0,"enemies":"Transient","floor":49,"turns":5},{"damage":34,"enemies":"WA_ARCHETYPE_DIVINITY","floor":50,"turns":8},{"damage":136,"enemies":"downfall:CharBossMerchant","floor":52,"turns":8}],"seed_played":"-6442060285284188300","potions_obtained":[{"floor":10.0,"key":"Regen Potion"},{"floor":11.0,"key":"GamblersBrew"},{"floor":12.0,"key":"Ancient Potion"},{"floor":15.0,"key":"SkillPotion"},{"floor":25.0,"key":"hexamod:SoulburnPotion"},{"floor":27.0,"key":"Block Potion"},{"floor":28.0,"key":"Regen Potion"},{"floor":28.0,"key":"SkillPotion"},{"floor":31.0,"key":"PowerPotion"},{"floor":32.0,"key":"Explosive Potion"},{"floor":33.0,"key":"Block Potion"},{"floor":38.0,"key":"Guardian:BlockOnCardUsePotion"},{"floor":39.0,"key":"Guardian:BlockOnCardUsePotion"},{"floor":42.0,"key":"Fruit Juice"},{"floor":48.0,"key":"PowerPotion"}],"is_trial":false,"path_per_floor":["R","M","?","?","M","R","T","R","E","?","?","E","$","M","M","B",null,"R","M","M","M","$","?","T","E","R","?","?","$","R","E","M","B",null,"R","M","M","M","M","R","T","M","R","$","R","E","M","E","M","B",null,"E"],"character_chosen":"THE_CONSTRUCT_MOD","items_purchased":["Whetstone","Lee\u0027s Waffle","MerchantsRug","Kunai","expansioncontent:StudyTheSpire"],"campfire_rested":2,"item_purchase_floors":[13,44,44,44,44],"current_hp_per_floor":[85,85,85,85,85,85,85,85,85,63,37,17,16,16,16,21,85,85,84,77,61,54,54,54,5,43,41,41,70,70,35,32,18,95,95,70,56,46,5,5,5,20,50,107,107,48,30,25,30,21,114,0,0],"gold":191,"neow_bonus":"THREE_ENEMY_KILL","is_daily":false,"chose_seed":false,"campfire_upgraded":7,"win_rate":0.0,"timestamp":1612308701,"path_taken":["R","M","?","?","M","R","T","R","E","?","?","E","?","?","M","BOSS","R","M","M","M","$","?","T","E","R","?","?","$","R","E","M","BOSS","R","M","?","M","M","R","T","M","R","$","R","E","?","E","M","BOSS","E"],"items_purchased_type":["Relic","Relic","Relic","Relic","Card"],"build_version":"2020-12-22","purchased_purges":3,"victory":false,"max_hp_per_floor":[85,85,85,85,85,85,85,85,85,85,85,85,85,85,85,85,85,85,85,85,85,85,85,85,85,95,95,95,95,95,95,95,95,95,95,95,95,95,95,95,95,100,100,107,107,107,107,114,114,114,114,114,114],"card_choices":[{"not_picked":["construct:Anticipate","construct:ScrapCannon"],"picked":"construct:Versatility","floor":2.0},{"not_picked":["construct:Tumble","construct:Disrupt"],"picked":"construct:Chainstrike","floor":5.0},{"not_picked":["construct:UnbalancingBlast","construct:Reinforce"],"picked":"construct:Chainstrike","floor":9.0},{"not_picked":["construct:Antimatter","construct:Stasis"],"picked":"construct:Failsafe","floor":10.0},{"not_picked":["construct:ElectricArmor","construct:HeavyBolt"],"picked":"construct:FocusedBeam","floor":11.0},{"not_picked":["construct:ElectricArmor","construct:SiegeForm"],"picked":"construct:Autoturret","floor":12.0},{"not_picked":["construct:Forcefield","construct:ClusterMines"],"picked":"construct:FlameCore","floor":13.0},{"not_picked":["construct:ClusterMines","construct:FierceBash","construct:Impenetrable"],"picked":"SKIP","floor":14.0},{"not_picked":["construct:Anticipate","construct:QuickAttack","construct:FierceBash"],"picked":"SKIP","floor":15.0},{"not_picked":["construct:GoldenBullet","construct:ShieldGenerator"],"picked":"construct:Reserves","floor":16.0},{"not_picked":["construct:Backfire","construct:SaveState"],"picked":"construct:FlakBarrage","floor":19.0},{"not_picked":["construct:SaveState","construct:Boost","construct:UnbalancingBlast"],"picked":"SKIP","floor":20.0},{"not_picked":["construct:Antimatter","construct:Versatility+1","construct:SyphonStrike+1"],"picked":"SKIP","floor":21.0},{"not_picked":["construct:Impenetrable","construct:Anticipate"],"picked":"construct:Multistage","floor":22.0},{"not_picked":["construct:UnbalancingBlast","construct:Accumulate","construct:Anticipate"],"picked":"SKIP","floor":25.0},{"not_picked":["construct:ShiftGuard+1","construct:SweepLaser"],"picked":"construct:Reinforce+1","floor":27.0},{"not_picked":["construct:ElectricArmor","construct:FierceBash+1"],"picked":"construct:Autoturret+1","floor":29.0},{"not_picked":["construct:Forcefield","construct:CripplingShot"],"picked":"construct:Enhance+1","floor":31.0},{"not_picked":["construct:HeavyBolt","construct:Forcefield","construct:ScrapCannon"],"picked":"SKIP","floor":32.0},{"not_picked":["construct:Bunker","construct:PanicFire"],"picked":"construct:BatteryCore","floor":33.0},{"not_picked":["construct:Autoturret+1","construct:ReactiveShield+1","construct:Construct_Overclock+1"],"picked":"SKIP","floor":36.0},{"not_picked":["construct:Failsafe","construct:CriticalHit+1"],"picked":"construct:SweepLaser+1","floor":37.0},{"not_picked":["construct:FocusedBeam+1","construct:SuppressiveFire","construct:Anticipate"],"picked":"SKIP","floor":38.0},{"not_picked":["construct:Zapper+1","construct:OneWayMirror"],"picked":"construct:Isolate+1","floor":39.0},{"not_picked":["construct:Accumulate+1","construct:FocusedBeam+1","construct:ClockworkEgg"],"picked":"SKIP","floor":42.0},{"not_picked":["construct:Autoturret+1","construct:Electrocute+1","construct:OneWayMirror"],"picked":"SKIP","floor":44.0},{"not_picked":["construct:ScrapCannon+1","construct:Versatility+1"],"picked":"construct:ChargeShot","floor":46.0},{"not_picked":["construct:Electrocute+1","construct:VentSteam+1"],"picked":"construct:Boost+1","floor":47.0},{"not_picked":["construct:SweepLaser+1","construct:Backfire","construct:CriticalHit"],"picked":"SKIP","floor":48.0},{"not_picked":["construct:Versatility","construct:Chainstrike+1"],"picked":"construct:Hazardproof","floor":49}],"player_experience":728017,"relics_obtained":[{"floor":7.0,"key":"Pantograph"},{"floor":9.0,"key":"Toy Ornithopter"},{"floor":10.0,"key":"Odd Mushroom"},{"floor":11.0,"key":"Omamori"},{"floor":12.0,"key":"Runesmith:Nanobots"},{"floor":25.0,"key":"Lantern"},{"floor":27.0,"key":"construct:RocketBooster"},{"floor":27.0,"key":"The Courier"},{"floor":31.0,"key":"Ornamental Fan"},{"floor":34.0,"key":"Dream Catcher"},{"floor":34.0,"key":"Blue Candle"},{"floor":34.0,"key":"Du-Vu Doll"},{"floor":41.0,"key":"Bronze Scales"},{"floor":46.0,"key":"Guardian:PocketSentry"},{"floor":48.0,"key":"Strawberry"}],"event_choices":[{"damage_healed":0.0,"max_hp_gain":0.0,"max_hp_loss":0.0,"gold_gain":0.0,"event_name":"Big Fish","player_choice":"Box","floor":3.0,"gold_loss":0.0,"damage_taken":0.0,"relics_obtained":["Shuriken"],"cards_obtained":["Regret"]},{"damage_healed":0.0,"max_hp_gain":0.0,"max_hp_loss":0.0,"gold_gain":0.0,"event_name":"Mushrooms","player_choice":"Fought Mushrooms","floor":10.0,"gold_loss":0.0,"damage_taken":0.0},{"damage_healed":0.0,"max_hp_gain":0.0,"max_hp_loss":0.0,"gold_gain":0.0,"event_name":"Lab","player_choice":"Got Potions","floor":28.0,"gold_loss":0.0,"damage_taken":0.0}],"is_beta":false,"boss_relics":[{"not_picked":["bronze:MakeshiftBattery","Black Star"],"picked":"beaked:SacredDeck"},{"not_picked":["Sozu","Pandora\u0027s Box"],"picked":"Calling Bell"}],"items_purged_floors":[13,22,29],"is_endless":false,"potions_floor_spawned":[10,11,12,15,25,27,31,32,33,38,39,42,48],"killed_by":"downfall:CharBossMerchant","ascension_level":1}}