{"host":"4jpe1m3cviuzvkch","time":1612252862,"event":{"mods":["BaseMod","Marisa£®ÏF”Í°°ƒß¿Ì…≥£©","Minty Spire (QoL Compilation)","Remilia£®¿Ÿ√◊¿Ú—«£©","StSLib","The Servant 0.9.4","Youmu£®ªÍ∆«—˝√Œ£©"],"gold_per_floor":[112,112,126,126,126,126,161,36,88,88,5,25,39,82,82,211,211,224,245,245,261,261,304,316,243,323,371,482,537,569,581,581],"floor_reached":31,"language":"ZHS","playtime":1234,"items_purged":["Injury"],"score":521,"play_id":"f6e3be8d-4aeb-4ea7-bad8-cd156a17b9cc","local_time":"20210202160102","is_ascension_mode":true,"campfire_choices":[{"data":"MastersStateliness","floor":6.0,"key":"SMITH"},{"data":"EternalNight","floor":10.0,"key":"SMITH"},{"floor":15.0,"key":"REST"},{"floor":24.0,"key":"REST"}],"circlet_count":0,"master_deck":["Strike_RM","Strike_RM","Strike_RM","Strike_RM+1","Defend_RM","Defend_RM","Defend_RM","RedMoon+1","ScarletShoot","UnstableMagic","MastersStateliness+1","EternalNight+1","NightDance","Finesse","DevilSight","BlasphemousPunishment","LeisurelyOfLord","BloodyHallows","ScarletNetherworld+1","ScarletSymphony","BloodAndWine+1","BloodHunter","ReincarnationDial","BloodyTrap+1","ScarletDream+1","UnderTheZenith"],"relics":["ScarletHat","NeowsBlessing","Golden Idol","Darkstone Periapt","Blood Vial","Bronze Scales","ScarletEmblem","MawBank","Centennial Puzzle","Bottled Lightning","CaptainsWheel","Gambling Chip"],"acts_visited":["Exordium","TheCity"],"potions_floor_usage":[31],"damage_taken":[{"damage":0.0,"enemies":"Small Slimes","floor":1.0,"turns":2.0},{"damage":0.0,"enemies":"2 Louse","floor":3.0,"turns":1.0},{"damage":0.0,"enemies":"Lagavulin","floor":7.0,"turns":1.0},{"damage":0.0,"enemies":"Jaw Worm","floor":12.0,"turns":4.0},{"damage":0.0,"enemies":"Gremlin Gang","floor":13.0,"turns":3.0},{"damage":13.0,"enemies":"3 Sentries","floor":14.0,"turns":6.0},{"damage":10.0,"enemies":"Slime Boss","floor":16.0,"turns":4.0},{"damage":4.0,"enemies":"Chosen","floor":18.0,"turns":4.0},{"damage":13.0,"enemies":"Shell Parasite","floor":19.0,"turns":4.0},{"damage":52.0,"enemies":"Centurion and Healer","floor":21.0,"turns":5.0},{"damage":63.0,"enemies":"Gremlin Leader","floor":23.0,"turns":5.0},{"damage":44.0,"enemies":"Book of Stabbing","floor":27.0,"turns":4.0},{"damage":21.0,"enemies":"Gremlin Leader","floor":29.0,"turns":7.0},{"damage":13.0,"enemies":"Cultist and Chosen","floor":30.0,"turns":4.0},{"damage":9,"enemies":"Snecko","floor":31,"turns":2}],"seed_played":"4975040743089612600","potions_obtained":[{"floor":1.0,"key":"Ancient Potion"},{"floor":3.0,"key":"Block Potion"},{"floor":14.0,"key":"Fire Potion"},{"floor":18.0,"key":"AttackPotion"},{"floor":19.0,"key":"SkillPotion"},{"floor":23.0,"key":"AttackPotion"},{"floor":27.0,"key":"Fire Potion"}],"is_trial":false,"path_per_floor":["M","?","M","?","?","R","E","$","T","R","$","M","M","E","R","B",null,"M","M","?","M","?","E","R","?","T","E","?","E","M","M"],"character_chosen":"REMILIA","items_purchased":["NightDance","Finesse"],"campfire_rested":2,"item_purchase_floors":[8,11],"current_hp_per_floor":[70,63,63,63,48,48,48,48,48,48,48,52,54,48,70,71,74,72,63,63,75,75,28,50,50,50,16,16,7,2,0,0],"gold":581,"neow_bonus":"THREE_ENEMY_KILL","is_daily":false,"chose_seed":false,"campfire_upgraded":2,"win_rate":0.0,"timestamp":1612252862,"path_taken":["M","?","M","?","?","R","E","$","T","R","?","M","?","E","R","BOSS","M","M","?","M","?","E","R","?","T","E","?","E","M","M"],"items_purchased_type":["Card","Card"],"build_version":"2020-12-22","purchased_purges":1,"victory":false,"max_hp_per_floor":[75,75,75,75,75,75,75,75,75,75,75,75,75,75,75,75,75,75,75,75,75,75,75,75,75,75,75,75,75,75,75,75],"card_choices":[{"not_picked":["CharismaGuard","ScarletDream"],"picked":"UnstableMagic","floor":1.0},{"not_picked":["DiffusionOfMisfortune","FitfulNightmare"],"picked":"MastersStateliness","floor":3.0},{"not_picked":["ReincarnationDial","FavorOfDestiny"],"picked":"EternalNight","floor":7.0},{"not_picked":["ScarletDevil","VampireKiss"],"picked":"DevilSight","floor":12.0},{"not_picked":["EternalNight","EmergencyRegeneration"],"picked":"BlasphemousPunishment","floor":13.0},{"not_picked":["FavorOfDestiny","RedRainbow"],"picked":"LeisurelyOfLord","floor":14.0},{"not_picked":["ForecastOfChange","HellCatastrophe"],"picked":"BloodyHallows","floor":16.0},{"not_picked":["VampireKiss","Septette"],"picked":"ScarletNetherworld+1","floor":18.0},{"not_picked":["FavorOfDestiny+1","GlobalNightmare"],"picked":"ScarletSymphony","floor":19.0},{"not_picked":["GlobalNightmare","StarOfDavid"],"picked":"BloodAndWine+1","floor":21.0},{"not_picked":["DevilSight","AfternoonTea"],"picked":"ReincarnationDial","floor":23.0},{"not_picked":["ScarletImprint","Stigmanizer"],"picked":"BloodyTrap+1","floor":27.0},{"not_picked":["Ultimatum","MastersStateliness"],"picked":"ScarletDream+1","floor":29.0},{"not_picked":["CharismaGuard","Maim"],"picked":"UnderTheZenith","floor":30.0}],"player_experience":325080,"relics_obtained":[{"floor":7.0,"key":"Darkstone Periapt"},{"floor":9.0,"key":"Blood Vial"},{"floor":14.0,"key":"Bronze Scales"},{"floor":23.0,"key":"MawBank"},{"floor":26.0,"key":"Bottled Lightning"},{"floor":27.0,"key":"CaptainsWheel"},{"floor":29.0,"key":"Gambling Chip"}],"event_choices":[{"cards_removed":["Defend_RM"],"damage_healed":0.0,"max_hp_gain":0.0,"max_hp_loss":0.0,"gold_gain":0.0,"event_name":"Golden Wing","player_choice":"Card Removal","floor":2.0,"gold_loss":0.0,"damage_taken":7.0},{"damage_healed":0.0,"max_hp_gain":0.0,"max_hp_loss":0.0,"gold_gain":0.0,"event_name":"Golden Idol","player_choice":"Take Wound","floor":4.0,"gold_loss":0.0,"damage_taken":0.0,"relics_obtained":["Golden Idol"],"cards_obtained":["Injury"]},{"damage_healed":0.0,"max_hp_gain":0.0,"max_hp_loss":0.0,"gold_gain":0.0,"event_name":"Shining Light","player_choice":"Entered Light","floor":5.0,"gold_loss":0.0,"damage_taken":15.0,"cards_upgraded":["RedMoon","Strike_RM"]},{"damage_healed":0.0,"max_hp_gain":0.0,"max_hp_loss":0.0,"gold_gain":0.0,"event_name":"Ghosts","player_choice":"Ignored","floor":20.0,"gold_loss":0.0,"damage_taken":0.0},{"damage_healed":0.0,"max_hp_gain":0.0,"max_hp_loss":0.0,"gold_gain":0.0,"event_name":"The Library","player_choice":"Read","floor":22.0,"gold_loss":0.0,"damage_taken":0.0,"cards_obtained":["BloodHunter"]},{"damage_healed":0.0,"max_hp_gain":0.0,"max_hp_loss":0.0,"gold_gain":0.0,"event_name":"Addict","player_choice":"Obtained Relic","floor":25.0,"gold_loss":85.0,"damage_taken":0.0,"relics_obtained":["Centennial Puzzle"]},{"damage_healed":0.0,"max_hp_gain":0.0,"max_hp_loss":0.0,"gold_gain":99.0,"event_name":"Nest","player_choice":"Stole From Cult","floor":28.0,"gold_loss":0.0,"damage_taken":0.0}],"is_beta":false,"boss_relics":[{"not_picked":["Empty Cage","Astrolabe"],"picked":"ScarletEmblem"}],"items_purged_floors":[8],"is_endless":false,"potions_floor_spawned":[1,3,14,18,19,23],"killed_by":"Snecko","ascension_level":6}}