{"host":"j4nfyhit1dl35m08","time":1612299343,"event":{"mods":["BaseMod","Downfall","Highlight Path","Minty Spire (QoL Compilation)","StSLib"],"gold_per_floor":[99,116,136,136,146,146,169,169,195,195,345,362,389,389,406,406,406,406],"floor_reached":16,"language":"ENG","playtime":1050,"items_purged":[],"score":116,"play_id":"dfc69e86-957e-4678-bcb6-957d00509773","local_time":"20210202145543","is_ascension_mode":true,"campfire_choices":[{"data":"Guardian:TwinSlam","floor":1,"key":"SMITH"},{"data":"Guardian:SentryBeam","floor":6,"key":"SMITH"}],"circlet_count":0,"master_deck":["Guardian:Strike_Guardian","Guardian:Strike_Guardian","Guardian:Strike_Guardian","Guardian:Strike_Guardian","Guardian:Defend_Guardian","Guardian:Defend_Guardian","Guardian:Defend_Guardian","Guardian:Defend_Guardian","Guardian:CurlUp","Guardian:TwinSlam+1","Guardian:DonusPower","Guardian:PiercingHide","Guardian:SentryBeam+1","Guardian:DonusPower","Guardian:Gem_Lightblue","Regret","downfall:Icky","Guardian:Clone","Guardian:ShieldCharger","Guardian:GemFinder","Guardian:Gem_Red","Guardian:EvasiveProtocol"],"relics":["Snecko Eye","Art of War","Pen Nib","Juzu Bracelet","Vajra","Ornamental Fan"],"acts_visited":["Exordium"],"potions_floor_usage":[9,13,16],"damage_taken":[{"damage":1,"enemies":"Small Slimes","floor":2,"turns":3},{"damage":0,"enemies":"2 Louse","floor":3,"turns":2},{"damage":1,"enemies":"Cultist","floor":5,"turns":3},{"damage":20,"enemies":"Gremlin Nob","floor":9,"turns":4},{"damage":0,"enemies":"Large Slime","floor":12,"turns":3},{"damage":26,"enemies":"Lagavulin","floor":13,"turns":5},{"damage":11,"enemies":"Blue Slaver","floor":15,"turns":3},{"damage":20,"enemies":"SI_SHIV_ARCHETYPE","floor":16,"turns":3}],"seed_played":"5273591881208457353","potions_obtained":[{"floor":3,"key":"hexamod:SoulburnPotion"},{"floor":5,"key":"Block Potion"},{"floor":15,"key":"CultistPotion"}],"is_trial":false,"path_per_floor":["R","M","M","?","M","R","T","?","E","?","?","M","E","?","M","B"],"character_chosen":"GUARDIAN","items_purchased":[],"campfire_rested":0,"item_purchase_floors":[],"current_hp_per_floor":[80,79,79,76,75,75,75,75,55,55,55,55,29,29,18,0,0,0],"gold":406,"neow_bonus":"BOSS_RELIC","is_daily":false,"chose_seed":false,"campfire_upgraded":2,"win_rate":0.0,"timestamp":1612299343,"path_taken":["R","M","M","?","M","R","T","?","E","?","?","M","E","?","M","BOSS"],"items_purchased_type":[],"build_version":"2020-12-22","purchased_purges":0,"victory":false,"max_hp_per_floor":[80,80,80,80,80,80,80,80,80,80,80,80,80,80,80,80,80,80],"card_choices":[{"not_picked":["Guardian:PrimingBeam","Guardian:PrismaticBarrier"],"picked":"Guardian:DonusPower","floor":2},{"not_picked":["Guardian:Gem_Cyan","Guardian:CrystalBeam"],"picked":"Guardian:PiercingHide","floor":3},{"not_picked":["Guardian:Suspension","Guardian:Reroute"],"picked":"Guardian:SentryBeam","floor":5},{"not_picked":["Guardian:TemporalShield","Guardian:SentryBeam"],"picked":"Guardian:Gem_Lightblue","floor":9},{"not_picked":["Guardian:PrismaticBeam","Guardian:Planning"],"picked":"Guardian:Clone","floor":12},{"not_picked":["Guardian:PiercingHide","Guardian:BodySlam"],"picked":"Guardian:ShieldCharger","floor":13},{"not_picked":["Guardian:Gem_Cyan","Guardian:Gem_Lightblue"],"picked":"Guardian:Gem_Red","floor":15},{"not_picked":["Guardian:Reroute","Guardian:GemFinder"],"picked":"Guardian:EvasiveProtocol","floor":15}],"player_experience":361608,"relics_obtained":[{"floor":7,"key":"Pen Nib"},{"floor":9,"key":"Juzu Bracelet"},{"floor":13,"key":"Ornamental Fan"}],"event_choices":[{"damage_healed":0,"gold_gain":0,"player_choice":"Success","damage_taken":3,"relics_obtained":["Art of War"],"max_hp_gain":0,"max_hp_loss":0,"event_name":"Scrap Ooze","floor":4,"gold_loss":0},{"damage_healed":0,"gold_gain":0,"player_choice":"Box","damage_taken":0,"relics_obtained":["Vajra"],"max_hp_gain":0,"max_hp_loss":0,"event_name":"Big Fish","floor":10,"gold_loss":0,"cards_obtained":["Regret"]}],"is_beta":false,"boss_relics":[],"items_purged_floors":[],"is_endless":false,"potions_floor_spawned":[3,5,15],"killed_by":"SI_SHIV_ARCHETYPE","ascension_level":1}}