{"host":"vm8b3ptwl81uq21f","time":1612302743,"event":{"mods":["Act Like it!","Aspiration","BaseMod","BetterRewards","Colored Map","Colored Powertips","GifTheSpireLib","Googly Eyes","GungeonMod","Halation","Hallownest","Hubris","Infinite Spire","Minty Spire (QoL Compilation)","Quick Restart","Rare Cards Sparkle","Replay The Spire","Shop Mod","Spicy Shops","StSLib","Stuff the Spire","The IronCluck","[IsaacMod]????"],"gold_per_floor":[130,162,191,14,33,69,108,159,241,296,320,320,320,355,355,478,478,504,27,54,54,54,54,89,89,89,89,135,168,8,8,8,135,135,170,210,232,302,324,324,378,378,378,454,454,7,7,7,7,51],"floor_reached":51,"language":"ENG","playtime":2191,"items_purged":["Strike_G","Infinite Blades","Defend_G","Accuracy"],"score":1665,"play_id":"4a5dc430-4f1c-416c-b387-46b4ff3a4324","local_time":"20210202165223","is_ascension_mode":true,"campfire_choices":[{"data":"Endless Agony","floor":12,"key":"SMITH"},{"floor":15,"key":"DIG"},{"data":"Strike_G","floor":23,"key":"PURGE"},{"data":"Defend_G","floor":25,"key":"PURGE"},{"data":"Defend_G","floor":27,"key":"PURGE"},{"data":"Strike_G+1","floor":32,"key":"PURGE"},{"data":"Strike_G+1","floor":40,"key":"PURGE"},{"data":"Defend_G","floor":42,"key":"PURGE"},{"data":"StuffTheSpire:DoubleShiv","floor":45,"key":"PURGE"},{"data":"Survivor","floor":47,"key":"PURGE"},{"data":"Neutralize","floor":48,"key":"PURGE"},{"data":"A Thousand Cuts","floor":49,"key":"SMITH"}],"circlet_count":0,"master_deck":["Endless Agony+1","Finisher","A Thousand Cuts+1","PiercingWail","Adrenaline","Deep Breath+1","Calculated Gamble+1","Adrenaline","StuffTheSpire:Incantation","Calculated Gamble+1"],"relics":["StuffTheSpire:BottledEssence","aspiration:Lifesprig","DemoMod:WhiteGuonStone","Shovel","MerchantsRug","PureWater","Ring of Searing","Replay:Bandana","halation:Sosunser","Replay:Bottled Steam","Mercury Hourglass","Replay:Bottled Flurry","Counterbalance","StuffTheSpire:Gunfinga","Peace Pipe","Bag of Marbles","halation:PeacePiece","PreservedInsect","Nunchaku","TheAbacus","aspiration:RitualDagger","GuppysHead","DemoMod:GlassGuonStoneRelic","StuffTheSpire:EmeraldSignet","Replay:Towering Pillar of Hats","StuffTheSpire:Expresso","Anchor","halation:Komachan"],"acts_visited":["Exordium","Exordium","TheBeyond"],"potions_floor_usage":[8,14],"damage_taken":[{"damage":0,"enemies":"Cultist","floor":1,"turns":2},{"damage":0,"enemies":"Jaw Worm","floor":2,"turns":4},{"damage":1,"enemies":"2 Louse","floor":3,"turns":2},{"damage":0,"enemies":"Looter","floor":5,"turns":1},{"damage":0,"enemies":"3 Sentries","floor":6,"turns":2},{"damage":5,"enemies":"Large Slime","floor":7,"turns":3},{"damage":3,"enemies":"Lagavulin","floor":8,"turns":4},{"damage":12,"enemies":"Gremlin Nob","floor":10,"turns":4},{"damage":3,"enemies":"Gremlin Gang","floor":11,"turns":2},{"damage":2,"enemies":"Exordium Thugs","floor":14,"turns":4},{"damage":0,"enemies":"Slime Boss","floor":16,"turns":4},{"damage":12,"enemies":"Hallownest:Guard_and_Sentry","floor":18,"turns":3},{"damage":0,"enemies":"Hallownest:2_Mistakes","floor":20,"turns":5},{"damage":0,"enemies":"Hallownest:Warrior_and_Youth","floor":24,"turns":4},{"damage":0,"enemies":"Hallownest:eliteSoulWarrior","floor":28,"turns":4},{"damage":0,"enemies":"Hallownest:monsterShrumalOgre","floor":29,"turns":4},{"damage":1,"enemies":"Hallownest:BossMantisLord","floor":33,"turns":5},{"damage":11,"enemies":"3 Shapes","floor":35,"turns":2},{"damage":16,"enemies":"Orb Walker","floor":36,"turns":3},{"damage":15,"enemies":"Transient","floor":37,"turns":5},{"damage":3,"enemies":"Mind Bloom Boss Battle","floor":38,"turns":1},{"damage":14,"enemies":"infinitespire:Three Voidlings","floor":39,"turns":2},{"damage":27,"enemies":"R_Hoarder","floor":41,"turns":4},{"damage":11,"enemies":"Nightmare","floor":44,"turns":2},{"damage":41,"enemies":"hubris:GrandSnecko","floor":50,"turns":5}],"seed_played":"431300857223503039","potions_obtained":[{"floor":1,"key":"Languid Potion"},{"floor":7,"key":"Elixir"},{"floor":10,"key":"SpeedPotion"},{"floor":11,"key":"DemoMod:LeadSkinPotion"}],"is_trial":false,"path_per_floor":["M","M","M","$","M","E","M","E","T","E","M","R","?","M","R_BF","B",null,"M","$","M","?","?","R","M","R","T","R","E","M","$","?","R","B",null,"M","M","M","?","?","R","E","R","T","NM","R","$","R","R","R","B",null],"character_chosen":"THE_SILENT","items_purchased":["halation:Thesaurus","MerchantsRug","Lantern","DemoMod:Metronome","Garlic","Blue Doll","hubris:TenFootPole","infinitespire:Chaos","Accuracy","halation:Sosunser","StuffTheSpire:DoubleShiv","Infinite Blades","Endless Agony","Replay:Bottled Steam","Bag of Marbles","ReplayTheSpireMod:ShopPack","halation:PeacePiece","PreservedInsect","TheAbacus","Anchor","halation:Komachan"],"campfire_rested":0,"item_purchase_floors":[0,0,0,0,0,0,0,0,0,0,0,0,0,4,19,19,19,19,30,46,46],"current_hp_per_floor":[21,21,20,20,20,57,52,49,49,37,34,34,34,32,32,32,61,49,49,49,49,49,49,49,49,49,49,49,49,49,49,49,48,65,54,38,23,20,6,6,57,57,57,68,68,68,68,68,68,61],"gold":51,"neow_bonus":"","is_daily":false,"chose_seed":false,"campfire_upgraded":2,"win_rate":0.0,"timestamp":1612302743,"path_taken":["M","M","M","?","M","E","M","E","T","E","M","R","?","M","R_BF","BOSS","M","$","M","?","?","R","M","R","T","R","E","?","$","?","R","BOSS","M","M","M","?","?","R","E","R","T","NM","R","$","R","R","R","BOSS"],"items_purchased_type":["Relic","Relic","Relic","Relic","Relic","Relic","Relic","Relic","Card","Relic","Card","Card","Card","Relic","Relic","Relic","Relic","Relic","Relic","Relic","Relic"],"build_version":"2020-12-22","purchased_purges":4,"victory":true,"max_hp_per_floor":[70,70,70,70,70,70,70,70,70,70,70,70,70,70,70,70,70,70,70,70,70,70,70,70,70,70,70,70,70,70,70,70,70,70,70,70,70,70,70,70,70,70,70,70,70,70,70,70,70,70],"card_choices":[{"not_picked":[],"picked":"Bomb","floor":0},{"not_picked":["Poisoned Stab","hubris:Sniper","PiercingWail"],"picked":"SKIP","floor":1},{"not_picked":["Reflex","ReplayTheSpireMod:Scrap Shanks","Flying Knee"],"picked":"SKIP","floor":2},{"not_picked":["Bane","Well Laid Plans"],"picked":"Bomb","floor":3},{"not_picked":["StuffTheSpire:BumpUp","Poisoned Stab","Riddle With Holes"],"picked":"SKIP","floor":5},{"not_picked":["Riddle With Holes","Deadly Poison"],"picked":"Finisher","floor":6},{"not_picked":["StuffTheSpire:MirrorStance","Cloak And Dagger","ReplayTheSpireMod:Speed Training"],"picked":"SKIP","floor":7},{"not_picked":["StuffTheSpire:ReptileScales","Deflect","Blade Dance"],"picked":"SKIP","floor":8},{"not_picked":["Terror","Outmaneuver"],"picked":"A Thousand Cuts","floor":10},{"not_picked":["Crippling Poison","Blade Dance","StuffTheSpire:Python"],"picked":"SKIP","floor":11},{"not_picked":["Deflect","Footwork"],"picked":"PiercingWail","floor":14},{"not_picked":["Wraith Form v2","Poison Darts"],"picked":"Adrenaline","floor":16},{"not_picked":["ReplayTheSpireMod:Scrap Shanks","Deflect","Flying Knee"],"picked":"SKIP","floor":18},{"not_picked":["BettingIsNotGood","StuffTheSpire:FreeRealEstate"],"picked":"Deep Breath","floor":19},{"not_picked":["Flechettes+1","Sucker Punch+1"],"picked":"Calculated Gamble+1","floor":20},{"not_picked":["Noxious Fumes","StuffTheSpire:BrimstoneBlast+1","Eviscerate"],"picked":"SKIP","floor":24},{"not_picked":["ReplayTheSpireMod:Scrap Shanks","Poison Darts","Reflex"],"picked":"SKIP","floor":28},{"not_picked":["ReplayTheSpireMod:Shiv Toss+1","Tactician+1","Choke"],"picked":"SKIP","floor":29},{"not_picked":["aspiration:Lunge","Night Terror"],"picked":"Adrenaline","floor":33},{"not_picked":["Finisher","Cloak And Dagger+1"],"picked":"StuffTheSpire:Incantation","floor":35},{"not_picked":["hubris:SlightOfHand","Sucker Punch"],"picked":"Calculated Gamble+1","floor":36},{"not_picked":["Sucker Punch+1","Draining Mist+1","Quick Slash+1"],"picked":"SKIP","floor":37},{"not_picked":["Blade Dance","StuffTheSpire:ClusterCrunch","StuffTheSpire:Python+1"],"picked":"SKIP","floor":41},{"not_picked":["Accuracy+1","Dodge and Roll","Dagger Throw+1"],"picked":"SKIP","floor":44}],"player_experience":384223,"relics_obtained":[{"floor":6,"key":"halation:Pancakes"},{"floor":8,"key":"Mercury Hourglass"},{"floor":9,"key":"Replay:Bottled Flurry"},{"floor":10,"key":"Counterbalance"},{"floor":15,"key":"StuffTheSpire:Gunfinga"},{"floor":26,"key":"UnicornStump"},{"floor":28,"key":"Nunchaku"},{"floor":38,"key":"GuppysHead"},{"floor":41,"key":"StuffTheSpire:EmeraldSignet"},{"floor":43,"key":"Replay:Towering Pillar of Hats"},{"floor":44,"key":"StuffTheSpire:Expresso"}],"event_choices":[{"damage_healed":0,"gold_gain":0,"player_choice":"Fight","damage_taken":0,"max_hp_gain":0,"max_hp_loss":0,"event_name":"MindBloom","floor":38,"gold_loss":0}],"is_beta":false,"boss_relics":[{"not_picked":["Ring of Chaos","Replay:Grab Bag"],"picked":"hubris:Backtick"},{"not_picked":["halation:Risk","halation:LoveArrow"],"picked":"aspiration:RitualDagger"}],"items_purged_floors":[0,19,30,46],"is_endless":false,"potions_floor_spawned":[1,7,10,11,20,28,36,38,44],"ascension_level":9}}