{"host":"za51qju8r56bcr85","time":1612262354,"event":{"mods":["Act Like it!","BaseMod","Block Reminder","Conspire","Googly Eyes","Minty Spire (QoL Compilation)","Quick Restart","Relic Sorter","Relic Stats","Shop Mod","StSLib","SuperFastMode"],"gold_per_floor":[14,14,14,14,40,40,61,61,61,61,76,76,91,16,16,112,112,137,150,168,187,187,187,225,248,273,304,354,374,267,292,292,386,386,404,464,464,500,500,500,534,578,602,627,662,696,696,729,729,729,729,729,729,271,305,305],"floor_reached":57,"language":"ZHS","playtime":1917,"items_purged":["Strike_R","conspire:Purge+1"],"score":3277,"play_id":"d4edb92f-1f32-4fe6-9d04-1ab634138381","local_time":"20210202183914","is_ascension_mode":true,"campfire_choices":[{"data":"Feed","floor":6.0,"key":"SMITH"},{"data":"Pommel Strike","floor":8.0,"key":"SMITH"},{"floor":12.0,"key":"RECALL"},{"data":"Rupture","floor":15.0,"key":"SMITH"},{"data":"conspire:Purge","floor":23.0,"key":"SMITH"},{"floor":32.0,"key":"REST"},{"data":"Shockwave","floor":40.0,"key":"SMITH"},{"data":"Offering","floor":47.0,"key":"SMITH"},{"data":"Rage+1","floor":49.0,"key":"SMITH"},{"data":"Pommel Strike+2","floor":53.0,"key":"SMITH"}],"circlet_count":0,"master_deck":["AscendersBane","Pommel Strike+3","Armaments+1","Rupture+1","Shrug It Off+1","Combust","Shockwave+2","Brutality","Rage+2","Offering+1","Exhume","Pommel Strike+3","Finesse"],"relics":["Burning Blood","Frozen Eye","Golden Idol","Omamori","conspire:InfiniteJournal","conspire:SpecialSausage","Juzu Bracelet","Kunai","Medical Kit","MerchantsRug","Runic Dome","WingedGreaves","Charon\u0027s Ashes","conspire:GiftBox","MealTicket","War Paint","Mummified Hand","Thread and Needle","Happy Flower","DollysMirror","Pocketwatch"],"acts_visited":["Exordium","TheCity","TheBeyond","TheEnding"],"potions_floor_usage":[56,56],"damage_taken":[{"damage":8.0,"enemies":"2 Louse","floor":1.0,"turns":3.0},{"damage":2.0,"enemies":"Jaw Worm","floor":7.0,"turns":3.0},{"damage":0.0,"enemies":"Cultist","floor":11.0,"turns":2.0},{"damage":12.0,"enemies":"Gremlin Gang","floor":13.0,"turns":14.0},{"damage":92.0,"enemies":"Hexaghost","floor":16.0,"turns":8.0},{"damage":51.0,"enemies":"3 Byrds","floor":18.0,"turns":7.0},{"damage":21.0,"enemies":"Chosen","floor":19.0,"turns":3.0},{"damage":53.0,"enemies":"Sentry and Sphere","floor":20.0,"turns":5.0},{"damage":17.0,"enemies":"Centurion and Healer","floor":21.0,"turns":8.0},{"damage":61.0,"enemies":"Book of Stabbing","floor":24.0,"turns":4.0},{"damage":34.0,"enemies":"Snake Plant","floor":25.0,"turns":3.0},{"damage":0.0,"enemies":"Slavers","floor":27.0,"turns":1.0},{"damage":0.0,"enemies":"Chosen and Byrds","floor":29.0,"turns":1.0},{"damage":5.0,"enemies":"Centurion and Healer","floor":31.0,"turns":1.0},{"damage":82.0,"enemies":"conspire:MysteriousRune","floor":33.0,"turns":6.0},{"damage":31.0,"enemies":"3 Shapes","floor":35.0,"turns":5.0},{"damage":30.0,"enemies":"2 Orb Walkers","floor":36.0,"turns":3.0},{"damage":5.0,"enemies":"conspire:MimicChest","floor":38.0,"turns":2.0},{"damage":24.0,"enemies":"Giant Head","floor":41.0,"turns":4.0},{"damage":54.0,"enemies":"Reptomancer","floor":42.0,"turns":4.0},{"damage":0.0,"enemies":"Orb Walker","floor":44.0,"turns":1.0},{"damage":27.0,"enemies":"Giant Head","floor":45.0,"turns":3.0},{"damage":17.0,"enemies":"Nemesis","floor":46.0,"turns":3.0},{"damage":0.0,"enemies":"Reptomancer","floor":48.0,"turns":1.0},{"damage":42.0,"enemies":"Donu and Deca","floor":50.0,"turns":4.0},{"damage":5.0,"enemies":"conspire:OrnateMirror","floor":51.0,"turns":1.0},{"damage":14.0,"enemies":"Shield and Spear","floor":55.0,"turns":5.0},{"damage":26,"enemies":"The Heart","floor":56,"turns":6}],"seed_played":"-3055362119607461639","potions_obtained":[{"floor":7.0,"key":"conspire:TimeTravelPotion"},{"floor":11.0,"key":"SteroidPotion"},{"floor":21.0,"key":"Explosive Potion"},{"floor":25.0,"key":"ColorlessPotion"},{"floor":27.0,"key":"SteroidPotion"},{"floor":31.0,"key":"DuplicationPotion"},{"floor":36.0,"key":"SneckoOil"},{"floor":42.0,"key":"PowerPotion"}],"is_trial":false,"path_per_floor":["M","?","?","T","T","R","M","R","T","?","M","R","M","$","R","B",null,"M","M","M","M","?","R","E","M","T","E","?","M","$","M","R","B",null,"M","?","?","?","?","R","E","E","T","M","E","E","R","E","R","B","B",null,"R","$","E","B",null],"character_chosen":"IRONCLAD","items_purchased":["Rupture","Medical Kit","MerchantsRug","Happy Flower","DollysMirror","Finesse"],"campfire_rested":1,"item_purchase_floors":[14,30,30,54,54,54],"current_hp_per_floor":[69,69,69,69,69,69,75,75,75,75,79,79,130,130,130,94,163,124,114,109,102,102,102,53,31,31,37,14,20,20,21,90,14,178,157,137,124,125,125,125,111,63,63,119,98,87,87,93,93,57,58,236,236,251,243,223],"gold":305,"neow_bonus":"THREE_RARE_CARDS","is_daily":false,"chose_seed":false,"campfire_upgraded":8,"win_rate":0.0,"timestamp":1612262354,"path_taken":["M","?","?","?","?","R","M","R","T","?","M","R","M","?","R","BOSS","M","?","?","M","?","R","E","M","T","E","?","M","$","M","R","BOSS","M","?","?","?","?","R","E","E","T","M","E","E","R","E","R","BOSS","BOSS","R","$","E","BOSS"],"items_purchased_type":["Card","Relic","Relic","Relic","Relic","Card"],"build_version":"2020-12-22","purchased_purges":2,"victory":true,"max_hp_per_floor":[78,78,71,71,71,71,75,75,75,75,79,79,136,136,136,186,186,192,197,217,221,221,221,227,233,233,233,233,233,233,233,233,233,233,237,241,241,241,241,241,245,245,245,295,295,295,295,295,295,295,295,295,295,295,295,295],"relic_stats":{"Happy Flower":[3],"counters":[28,110],"Golden Idol":220,"Charon\u0027s Ashes":[254],"Juzu Bracelet":1,"War Paint":["Shrug It Off","Shockwave"],"Medical Kit":[17],"Burning Blood":160,"Mummified Hand":[20],"MealTicket":15,"Kunai":[20],"obtain_stats":[{"conspire:Dentures":4,"MerchantsRug":30,"Happy Flower":54,"Golden Idol":3,"Dead Branch":41,"conspire:SpecialSausage":17,"Thread and Needle":48,"Charon\u0027s Ashes":38,"Omamori":5,"Juzu Bracelet":24,"War Paint":45,"Medical Kit":30,"Burning Blood":0,"conspire:InfiniteJournal":9,"Frozen Eye":1,"Runic Dome":34,"conspire:GiftBox":42,"Mummified Hand":46,"DollysMirror":54,"MealTicket":43,"WingedGreaves":36,"Kunai":27,"Pocketwatch":55},{"conspire:Dentures":1,"MerchantsRug":13,"Happy Flower":26,"Golden Idol":1,"Dead Branch":19,"conspire:SpecialSausage":5,"Thread and Needle":24,"Charon\u0027s Ashes":18,"Omamori":1,"Juzu Bracelet":10,"War Paint":22,"Medical Kit":13,"Burning Blood":0,"conspire:InfiniteJournal":2,"Frozen Eye":1,"Runic Dome":15,"conspire:GiftBox":20,"Mummified Hand":23,"DollysMirror":26,"MealTicket":20,"WingedGreaves":17,"Kunai":12,"Pocketwatch":27},{"conspire:Dentures":3,"MerchantsRug":62,"Happy Flower":99,"Golden Idol":3,"Dead Branch":82,"conspire:SpecialSausage":30,"Thread and Needle":94,"Charon\u0027s Ashes":78,"Omamori":3,"Juzu Bracelet":57,"War Paint":90,"Medical Kit":62,"Burning Blood":0,"conspire:InfiniteJournal":6,"Frozen Eye":1,"Runic Dome":69,"conspire:GiftBox":86,"Mummified Hand":93,"DollysMirror":99,"MealTicket":86,"WingedGreaves":77,"Kunai":61,"Pocketwatch":104}],"Pocketwatch":[0]},"card_choices":[{"not_picked":["Reaper","Barricade"],"picked":"Feed","floor":0.0},{"not_picked":["True Grit","Sword Boomerang","Rampage"],"picked":"SKIP","floor":1.0},{"not_picked":["Thunderclap","Twin Strike"],"picked":"Pommel Strike","floor":7.0},{"not_picked":["Combust","Shrug It Off"],"picked":"Battle Trance","floor":11.0},{"not_picked":["Anger","Sever Soul"],"picked":"Hemokinesis","floor":13.0},{"not_picked":["Offering","Brutality"],"picked":"conspire:Purge","floor":16.0},{"not_picked":["Rage+1","Searing Blow","Anger"],"picked":"SKIP","floor":18.0},{"not_picked":["Sever Soul","Pommel Strike","True Grit"],"picked":"SKIP","floor":19.0},{"not_picked":["Spot Weakness","Blood for Blood"],"picked":"Shrug It Off","floor":20.0},{"not_picked":["Warcry","Cleave"],"picked":"Berserk","floor":21.0},{"not_picked":["Armaments","Thunderclap"],"picked":"Combust","floor":24.0},{"not_picked":["Iron Wave","Barricade"],"picked":"Shockwave","floor":25.0},{"not_picked":["Searing Blow","Uppercut"],"picked":"Brutality","floor":27.0},{"not_picked":["Heavy Blade","Shrug It Off","Armaments"],"picked":"SKIP","floor":29.0},{"not_picked":["Clothesline","Searing Blow","Iron Wave"],"picked":"SKIP","floor":31.0},{"not_picked":["Fire Breathing","Twin Strike"],"picked":"Rage+1","floor":35.0},{"not_picked":["Pummel","Searing Blow"],"picked":"Sword Boomerang","floor":36.0},{"not_picked":["Havoc","Sword Boomerang","Warcry"],"picked":"SKIP","floor":41.0},{"not_picked":["Immolate","Juggernaut"],"picked":"Offering","floor":42.0},{"not_picked":["Sentinel","Second Wind","Warcry"],"picked":"SKIP","floor":42.0},{"not_picked":["Anger","Headbutt","Seeing Red"],"picked":"SKIP","floor":44.0},{"not_picked":["Second Wind+1","Flex"],"picked":"Exhume","floor":45.0},{"not_picked":["Clash","Infernal Blade+1","Dropkick+1"],"picked":"SKIP","floor":46.0},{"not_picked":["Thunderclap","Wild Strike","Ghostly Armor"],"picked":"SKIP","floor":48.0},{"not_picked":["Flex","Feed","Seeing Red"],"picked":"SKIP","floor":55.0}],"player_experience":1355885,"relics_obtained":[{"floor":4.0,"key":"conspire:Dentures"},{"floor":5.0,"key":"Omamori"},{"floor":9.0,"key":"conspire:InfiniteJournal"},{"floor":24.0,"key":"Juzu Bracelet"},{"floor":27.0,"key":"Kunai"},{"floor":36.0,"key":"WingedGreaves"},{"floor":38.0,"key":"Charon\u0027s Ashes"},{"floor":41.0,"key":"Dead Branch"},{"floor":42.0,"key":"conspire:GiftBox"},{"floor":43.0,"key":"MealTicket"},{"floor":45.0,"key":"War Paint"},{"floor":46.0,"key":"Mummified Hand"},{"floor":48.0,"key":"Thread and Needle"},{"floor":55.0,"key":"Pocketwatch"}],"event_choices":[{"damage_healed":0.0,"max_hp_gain":0.0,"max_hp_loss":0.0,"gold_gain":0.0,"event_name":"Shining Light","player_choice":"Ignored","floor":2.0,"gold_loss":0.0,"damage_taken":0.0},{"damage_healed":0.0,"max_hp_gain":0.0,"max_hp_loss":7.0,"gold_gain":0.0,"event_name":"Golden Idol","player_choice":"Lose Max HP","floor":3.0,"gold_loss":0.0,"damage_taken":0.0,"relics_obtained":["Golden Idol"]},{"damage_healed":0.0,"max_hp_gain":0.0,"max_hp_loss":0.0,"gold_gain":0.0,"event_name":"Liars Game","player_choice":"Ignored","floor":10.0,"gold_loss":0.0,"damage_taken":0.0},{"damage_healed":0.0,"max_hp_gain":0.0,"max_hp_loss":0.0,"gold_gain":0.0,"event_name":"Drug Dealer","player_choice":"Obtain J.A.X.","floor":22.0,"gold_loss":0.0,"damage_taken":0.0,"cards_obtained":["J.A.X."]},{"damage_healed":0.0,"max_hp_gain":0.0,"max_hp_loss":0.0,"gold_gain":50.0,"event_name":"FaceTrader","player_choice":"Touch","floor":28.0,"gold_loss":0.0,"damage_taken":23.0},{"damage_healed":0.0,"max_hp_gain":0.0,"max_hp_loss":0.0,"gold_gain":0.0,"event_name":"Mysterious Sphere","player_choice":"Fight","floor":36.0,"gold_loss":0.0,"damage_taken":0.0},{"damage_healed":0.0,"max_hp_gain":0.0,"max_hp_loss":0.0,"gold_gain":0.0,"event_name":"conspire:Investor","player_choice":"Leave","floor":37.0,"gold_loss":0.0,"damage_taken":0.0},{"damage_healed":0.0,"max_hp_gain":0.0,"max_hp_loss":0.0,"gold_gain":0.0,"event_name":"Upgrade Shrine","player_choice":"Upgraded","floor":39.0,"gold_loss":0.0,"damage_taken":0.0,"cards_upgraded":["Pommel Strike"]}],"is_beta":false,"boss_relics":[{"not_picked":["Empty Cage","Black Blood"],"picked":"conspire:SpecialSausage"},{"not_picked":["Velvet Choker","Mark of Pain"],"picked":"Runic Dome"}],"items_purged_floors":[14,54],"is_endless":false,"potions_floor_spawned":[7,11,13,16,21,25,27,31,33,36,42,48,55],"ascension_level":20}}