{"host":"4rvakrj1idbgia3f","time":1612285619,"event":{"mods":["BaseMod","Colored Map","Colored Powertips","DeckTracker","Highlight Path","Minty Spire (QoL Compilation)","Random Character Button","StSLib"],"gold_per_floor":[37,37,74,126,164,164,221,221,247,247,300,325,355,388,388,487,487,504,521,521,139,174,185,200,200,200,237,337,337,387,414,414,493,493,534,554,599,618,618,618,662,722,749,781,781,795,819,853,853,853,853,853,853,158,183,183],"floor_reached":57,"language":"JPN","playtime":3951,"items_purged":["PathToVictory","Strike_P+1"],"score":3008,"play_id":"4fd5967b-5379-4775-a99e-3a81e4403675","local_time":"20210203020659","is_ascension_mode":true,"campfire_choices":[{"data":"Eruption","floor":6.0,"key":"SMITH"},{"data":"Collect","floor":8.0,"key":"SMITH"},{"data":"BowlingBash","floor":10.0,"key":"SMITH"},{"data":"Wallop","floor":15.0,"key":"SMITH"},{"data":"Ragnarok","floor":25.0,"key":"SMITH"},{"data":"HandOfGreed","floor":29.0,"key":"SMITH"},{"floor":32.0,"key":"REST"},{"data":"Establishment","floor":40.0,"key":"SMITH"},{"data":"Wallop","floor":45.0,"key":"SMITH"},{"floor":49.0,"key":"RECALL"},{"data":"Defend_P","floor":53.0,"key":"SMITH"}],"circlet_count":0,"master_deck":["AscendersBane","Defend_P+1","Defend_P+1","Defend_P+1","Defend_P+1","Eruption+1","Vigilance+1","HandOfGreed+1","BowlingBash+1","ClearTheMind","Collect+1","Wallop+1","EmptyFist+1","Meditate+1","Vault+1","Ragnarok+1","Tantrum+1","Swivel+1","Establishment+1","WheelKick+1","Ragnarok+1","Indignation","WheelKick+1","Wallop+1","Vault"],"relics":["PureWater","Tiny Chest","Oddly Smooth Stone","Regal Pillow","Anchor","Snecko Eye","Letter Opener","Pantograph","CloakClasp","HornCleat","Whetstone","Empty Cage","Du-Vu Doll","Damaru","Kunai","Strawberry","Vajra","Bronze Scales","Gremlin Horn","Chemical X","Nunchaku"],"acts_visited":["Exordium","TheCity","TheBeyond","TheEnding"],"potions_floor_usage":[56,56],"damage_taken":[{"damage":0.0,"enemies":"Small Slimes","floor":1.0,"turns":2.0},{"damage":0.0,"enemies":"Cultist","floor":3.0,"turns":4.0},{"damage":4.0,"enemies":"2 Louse","floor":4.0,"turns":5.0},{"damage":9.0,"enemies":"Red Slaver","floor":5.0,"turns":3.0},{"damage":4.0,"enemies":"3 Louse","floor":7.0,"turns":6.0},{"damage":11.0,"enemies":"3 Sentries","floor":11.0,"turns":5.0},{"damage":9.0,"enemies":"2 Fungi Beasts","floor":13.0,"turns":3.0},{"damage":14.0,"enemies":"Lagavulin","floor":14.0,"turns":6.0},{"damage":28.0,"enemies":"The Guardian","floor":16.0,"turns":9.0},{"damage":0.0,"enemies":"Spheric Guardian","floor":18.0,"turns":4.0},{"damage":0.0,"enemies":"Chosen","floor":19.0,"turns":3.0},{"damage":0.0,"enemies":"3 Cultists","floor":22.0,"turns":3.0},{"damage":0.0,"enemies":"Snake Plant","floor":23.0,"turns":1.0},{"damage":0.0,"enemies":"Sentry and Sphere","floor":24.0,"turns":3.0},{"damage":6.0,"enemies":"3 Cultists","floor":27.0,"turns":4.0},{"damage":0.0,"enemies":"Colosseum Slavers","floor":28.0,"turns":2.0},{"damage":0.0,"enemies":"Colosseum Nobs","floor":28.0,"turns":2.0},{"damage":5.0,"enemies":"Automaton","floor":33.0,"turns":7.0},{"damage":0.0,"enemies":"3 Shapes","floor":35.0,"turns":3.0},{"damage":0.0,"enemies":"3 Darklings","floor":36.0,"turns":2.0},{"damage":0.0,"enemies":"2 Orb Walkers","floor":37.0,"turns":3.0},{"damage":0.0,"enemies":"Spire Growth","floor":38.0,"turns":3.0},{"damage":13.0,"enemies":"4 Shapes","floor":41.0,"turns":5.0},{"damage":0.0,"enemies":"Giant Head","floor":42.0,"turns":3.0},{"damage":5.0,"enemies":"Nemesis","floor":44.0,"turns":3.0},{"damage":0.0,"enemies":"Transient","floor":46.0,"turns":6.0},{"damage":0.0,"enemies":"Reptomancer","floor":48.0,"turns":4.0},{"damage":0.0,"enemies":"Time Eater","floor":50.0,"turns":6.0},{"damage":0.0,"enemies":"Donu and Deca","floor":51.0,"turns":4.0},{"damage":35,"enemies":"Shield and Spear","floor":55,"turns":5},{"damage":38,"enemies":"The Heart","floor":56,"turns":7}],"seed_played":"-4721586833620893754","potions_obtained":[{"floor":4.0,"key":"Regen Potion"},{"floor":5.0,"key":"Fruit Juice"},{"floor":13.0,"key":"Fire Potion"},{"floor":14.0,"key":"Block Potion"},{"floor":16.0,"key":"Weak Potion"},{"floor":18.0,"key":"Fire Potion"},{"floor":28.0,"key":"EntropicBrew"},{"floor":42.0,"key":"DuplicationPotion"},{"floor":55,"key":"Swift Potion"}],"is_trial":false,"path_per_floor":["M","?","M","M","M","R","M","R","T","R","E","T","M","E","R","B",null,"M","M","T","$","M","M","M","R","T","M","?","R","?","T","R","B",null,"M","M","?","M","?","R","M","E","T","E","R","M","T","E","R","B","B",null,"R","$","E","B",null],"character_chosen":"WATCHER","items_purchased":["Ragnarok","FearPotion","Tantrum","Bronze Scales","Gremlin Horn","Chemical X"],"campfire_rested":1,"item_purchase_floors":[21,21,21,54,54,54],"current_hp_per_floor":[61,61,61,57,53,53,49,49,49,49,52,52,43,29,29,1,55,55,55,55,55,55,55,55,55,55,49,49,49,49,49,73,68,72,72,72,72,72,83,83,70,70,70,65,65,65,72,72,72,90,90,90,90,90,55,42],"gold":183,"neow_bonus":"RANDOM_COLORLESS_2","is_daily":false,"chose_seed":false,"campfire_upgraded":9,"win_rate":0.0,"timestamp":1612285619,"path_taken":["M","?","M","M","?","R","M","R","T","R","E","?","?","E","R","BOSS","M","?","?","$","M","M","M","R","T","?","?","R","?","?","R","BOSS","M","M","?","M","?","R","?","E","T","E","R","M","?","E","R","BOSS","BOSS","R","$","E","BOSS"],"items_purchased_type":["Card","Potion","Card","Relic","Relic","Relic"],"build_version":"2020-12-22","purchased_purges":2,"victory":true,"max_hp_per_floor":[68,68,68,68,73,73,73,73,73,73,73,73,73,73,73,73,73,73,73,73,73,73,73,73,73,73,73,73,73,73,73,73,73,73,73,73,73,73,83,83,83,83,83,83,83,83,90,90,90,90,90,90,90,90,90,90],"card_choices":[{"not_picked":["Chrysalis","Magnetism"],"picked":"HandOfGreed","floor":0.0},{"not_picked":["LikeWater","FlyingSleeves"],"picked":"BowlingBash","floor":1.0},{"not_picked":["Halt","FlyingSleeves"],"picked":"ClearTheMind","floor":3.0},{"not_picked":["Crescendo","Prostrate"],"picked":"Collect","floor":4.0},{"not_picked":["WaveOfTheHand","CutThroughFate"],"picked":"Wallop","floor":5.0},{"not_picked":["WheelKick","Swivel","SashWhip"],"picked":"SKIP","floor":7.0},{"not_picked":["FollowUp","CrushJoints"],"picked":"EmptyFist","floor":11.0},{"not_picked":["Nirvana","JustLucky"],"picked":"Meditate","floor":13.0},{"not_picked":["CutThroughFate","EmptyBody"],"picked":"Vault","floor":14.0},{"not_picked":["Establishment","DevaForm"],"picked":"LessonLearned","floor":16.0},{"not_picked":["WaveOfTheHand","Weave+1","FollowUp+1"],"picked":"SKIP","floor":18.0},{"not_picked":["JustLucky","FollowUp","PathToVictory"],"picked":"SKIP","floor":19.0},{"not_picked":["EmptyBody","InnerPeace","Evaluate"],"picked":"SKIP","floor":22.0},{"not_picked":["InnerPeace","Prostrate","BowlingBash"],"picked":"SKIP","floor":23.0},{"not_picked":["ThirdEye","Tantrum"],"picked":"Swivel","floor":24.0},{"not_picked":["Halt+1","EmptyFist"],"picked":"Establishment","floor":27.0},{"not_picked":["ClearTheMind+1","SignatureMove"],"picked":"WheelKick","floor":28.0},{"not_picked":["DevaForm","Establishment"],"picked":"Ragnarok","floor":33.0},{"not_picked":["FlurryOfBlows","CrushJoints"],"picked":"Indignation","floor":35.0},{"not_picked":["DeceiveReality","Wireheading","Evaluate+1"],"picked":"SKIP","floor":36.0},{"not_picked":["DevaForm","FlyingSleeves","Crescendo+1"],"picked":"SKIP","floor":38.0},{"not_picked":["PathToVictory+1","CarveReality"],"picked":"WheelKick+1","floor":41.0},{"not_picked":["CarveReality","EmptyFist","SashWhip"],"picked":"SKIP","floor":42.0},{"not_picked":["FlurryOfBlows+1","Meditate"],"picked":"Wallop","floor":44.0},{"not_picked":["CrushJoints","FollowUp+1","Prostrate"],"picked":"SKIP","floor":46.0},{"not_picked":["FlurryOfBlows","DeceiveReality","JustLucky"],"picked":"SKIP","floor":48.0},{"not_picked":["FlyingSleeves","ForeignInfluence"],"picked":"Vault","floor":55}],"player_experience":2194527,"relics_obtained":[{"floor":9.0,"key":"Tiny Chest"},{"floor":11.0,"key":"Oddly Smooth Stone"},{"floor":12.0,"key":"Regal Pillow"},{"floor":14.0,"key":"Anchor"},{"floor":20.0,"key":"Letter Opener"},{"floor":26.0,"key":"Pantograph"},{"floor":28.0,"key":"CloakClasp"},{"floor":28.0,"key":"HornCleat"},{"floor":31.0,"key":"Whetstone"},{"floor":37.0,"key":"Du-Vu Doll"},{"floor":42.0,"key":"Damaru"},{"floor":44.0,"key":"Kunai"},{"floor":47.0,"key":"Strawberry"},{"floor":48.0,"key":"Vajra"},{"floor":55,"key":"Nunchaku"}],"event_choices":[{"damage_healed":0.0,"max_hp_gain":0.0,"max_hp_loss":0.0,"gold_gain":0.0,"cards_transformed":["Strike_P"],"event_name":"Transmorgrifier","player_choice":"Transformed","floor":2.0,"gold_loss":0.0,"damage_taken":0.0,"cards_obtained":["PathToVictory"]},{"damage_healed":0.0,"max_hp_gain":0.0,"max_hp_loss":0.0,"gold_gain":0.0,"event_name":"Colosseum","player_choice":"Fight","floor":28.0,"gold_loss":0.0,"damage_taken":0.0},{"damage_healed":0.0,"max_hp_gain":0.0,"max_hp_loss":0.0,"gold_gain":0.0,"event_name":"Colosseum","player_choice":"Fought Nobs","floor":28.0,"gold_loss":0.0,"damage_taken":0.0},{"damage_healed":0.0,"max_hp_gain":0.0,"max_hp_loss":0.0,"gold_gain":50.0,"event_name":"Nest","player_choice":"Stole From Cult","floor":30.0,"gold_loss":0.0,"damage_taken":0.0},{"damage_healed":0.0,"max_hp_gain":0.0,"max_hp_loss":0.0,"gold_gain":0.0,"event_name":"Mysterious Sphere","player_choice":"Fight","floor":37.0,"gold_loss":0.0,"damage_taken":0.0},{"cards_removed":["LessonLearned"],"damage_healed":1.0,"max_hp_gain":10.0,"max_hp_loss":0.0,"gold_gain":0.0,"event_name":"Bonfire Elementals","player_choice":"Offered Rare","floor":39.0,"gold_loss":0.0,"damage_taken":0.0}],"is_beta":false,"boss_relics":[{"not_picked":["Busted Crown","Tiny House"],"picked":"Snecko Eye"},{"not_picked":["SacredBark","VioletLotus"],"picked":"Empty Cage"}],"items_purged_floors":[21,54],"is_endless":false,"potions_floor_spawned":[4,5,13,14,16,18,24,27,28,36,38,41,42,44,48,55],"ascension_level":20}}