{"host":"ht9iioopw3yi2xz6","time":1612260056,"event":{"mods":["AchievementEnabler","BaseMod","Colored Map","Downfall","Infinite Spire","Minty Spire (QoL Compilation)","Replay The Spire","Shop Mod","StSLib","The Jungle"],"gold_per_floor":[116,116,128,165,182,211,211,239,239,93,112,132,164,41,41,143,143,163,20,33,33,33,33,61,61,61,94,110,139,151,166,166,275,275,312,351,1,11,11,11,44,93,117,142,142,166,166,190,190,298,298,317,58,62,62,66,52,52,47,97,111,111,124,139,148,148,164,164,171,171,171,163,168,168,168,168,168,24,13,33,33,48,48,111,111,114,114,114,114,114,114,95,95,95,88,63,63,48,26,26,96,96,102,102,119,57,57,57,25,25,25,19,19,19,30,22,22,103,103,102,102,93,93,111,106,13,30,85,85,85,85,79,76,76,113,113,94,122,54,100,105,387,387,387,420,125,148,168,113,113,113,109,109,0,0],"floor_reached":154,"language":"ENG","playtime":12827,"items_purged":["Defend_B","Strike_B","Strike_B","Defend_B","Strike_B+1","Strike_B+1","Regret","BasicCrystalCard","Double Energy+1","Redo","theJungle:Gourd+1"],"score":3741,"play_id":"fa39b336-6d00-4774-afb4-110a56550697","local_time":"20210202200056","is_ascension_mode":false,"campfire_choices":[{"floor":15,"key":"REST"},{"data":"Biased Cognition","floor":15,"key":"SMITH"},{"data":"Rainbow","floor":23,"key":"SMITH"},{"floor":25,"key":"REST"},{"data":"Defragment","floor":25,"key":"SMITH"},{"floor":32,"key":"REST"},{"data":"Defragment","floor":32,"key":"SMITH"},{"floor":40,"key":"REST"},{"data":"Defragment","floor":40,"key":"SMITH"},{"floor":49,"key":"REST"},{"data":"Rainbow","floor":49,"key":"SMITH"},{"floor":58,"key":"REST"},{"data":"Fission","floor":58,"key":"SMITH"},{"floor":66,"key":"REST"},{"data":"Double Energy","floor":66,"key":"SMITH"},{"data":"FIFO Queue","floor":74,"key":"SMITH"},{"floor":83,"key":"REST"},{"data":"Panacea","floor":83,"key":"SMITH"},{"data":"Buffer","floor":91,"key":"SMITH"},{"data":"Capacitor","floor":93,"key":"SMITH"},{"data":"Defragment","floor":97,"key":"SMITH"},{"data":"Shame","floor":100,"key":"PURGE"},{"data":"Defragment","floor":108,"key":"SMITH"},{"data":"ReplayTheSpireMod:Black Plague","floor":110,"key":"SMITH"},{"data":"Seek","floor":110,"key":"SMITH"},{"data":"1","floor":113,"key":"LIFT"},{"data":"2","floor":117,"key":"LIFT"},{"data":"Pot Of Greed+1","floor":129,"key":"PURGE"},{"data":"3","floor":131,"key":"LIFT"},{"data":"Pot Of Greed+1","floor":134,"key":"PURGE"},{"data":"Static Discharge","floor":151,"key":"SMITH"},{"data":"ReplayTheSpireMod:Calculation Training","floor":151,"key":"SMITH"},{"data":"infinitespire:Collect","floor":153,"key":"SMITH"},{"data":"Glacier","floor":153,"key":"SMITH"}],"circlet_count":0,"master_deck":["Zap","Dualcast","Doom and Gloom","Conserve Battery","Coolheaded","Capacitor+1","Defragment+1","Biased Cognition+1","Defragment+1","Rainbow+1","Coolheaded+1","Defragment+1","Compile Driver","infinitespire:Gouge","Loop+1","FIFO Queue+1","Barrage","Buffer+1","Defragment+1","Defragment+1","Ball Lightning+1","Hello World+1","Static Discharge+1","Force Field+1","Rainbow+1","Fission+1","Glacier+1","ReplayTheSpireMod:Calculation Training+1","infinitespire:Collect+1","Seek+1","BootSequence","theJungle:Gourd+1","theJungle:Gourd+1","Storm+1","ReplayTheSpireMod:Black Plague+1","Panacea+1","Reboot+1","Madness+1","Madness+1","Panacea+1","Apotheosis+1","Chill+1","Self Repair+1","Pot Of Greed+1","Pot Of Greed+1","Fission+1","Amplify+1","Reprogram+1","Multi-Cast+1","Mirror Shield+1","Electrodynamics+1","Hyperbeam+1","Heatsinks+1","ReplayTheSpireMod:Calculation Training+1"],"relics":["FrozenCore","Juzu Bracelet","infinitespire:Magic Flask","Unceasing Top","Quantum Egg","MerchantsRug","Mercury Hourglass","ClockworkSouvenir","Replay:Bronze Core","Raider\u0027s Mask","Eternal Feather","Toy Ornithopter","PreservedInsect","Mirror","infinitespire:EvilPickle","Black Star","infinitespire:Satchel","HandDrill","Bronze Scales","Snack Pack","CaptainsWheel","Centennial Puzzle","infinitespire:Cupcake","Thread and Needle","SlaversCollar","Replay:Wax Seal","Replay:Mystery Machine","Sundial","Blue Doll","ReplayTheSpireMod:TigerMarble","Runic Pyramid","theJungle:PaperFaux","Calipers","Replay:Baseball","Kunai","Toxic Egg 2","theJungle:WildStrawberry","Gremlin Horn","ChewingGum","Replay:Bottled Snecko","Ring of Hypnosis","Ornamental Fan","infinitespire:Beetle Shell","Lantern","MealTicket","Molten Egg 2","Philosopher\u0027s Stone","Inserter","Replay:Bottled Eggs","infinitespire:Joker Card","Replay:Arrowhead","infinitespire:PuzzleCube","Replay:Kaleidoscope","Boot","FossilizedHelix","Vajra","infinitespire:EmpoweringShard","Darkstone Periapt","infinitespire:Freezer","Chameleon Ring","Replay:Multitool","Prayer Wheel","Du-Vu Doll","Ice Cream","Bag of Preparation","infinitespire:Lychee Nut","ReplayTheSpireMod:Lightbulb","Geode","Ancient Tea Set","Gambling Chip","Replay:Ringing Soul"],"acts_visited":["Exordium","TheCity","TheBeyond","Exordium","Exordium","TheBeyond","Exordium","Exordium","TheBeyond"],"potions_floor_usage":[8,18,24,42,50,73,106,133,135],"damage_taken":[{"damage":0,"enemies":"2 Louse","floor":1,"turns":2},{"damage":8,"enemies":"Small Slimes","floor":3,"turns":2},{"damage":0,"enemies":"Cultist","floor":5,"turns":4},{"damage":8,"enemies":"Replay:BlueRogue","floor":6,"turns":6},{"damage":36,"enemies":"3 Sentries","floor":8,"turns":7},{"damage":6,"enemies":"Red Slaver","floor":11,"turns":4},{"damage":7,"enemies":"Looter","floor":12,"turns":3},{"damage":1,"enemies":"Lagavulin","floor":13,"turns":7},{"damage":7,"enemies":"Fading Forest","floor":16,"turns":11},{"damage":6,"enemies":"Shell Parasite","floor":18,"turns":5},{"damage":3,"enemies":"Spheric Guardian","floor":20,"turns":4},{"damage":9,"enemies":"Replay:Snechameleon","floor":24,"turns":5},{"damage":19,"enemies":"Gremlin Leader","floor":27,"turns":7},{"damage":0,"enemies":"Snecko","floor":28,"turns":6},{"damage":0,"enemies":"Nightmare","floor":29,"turns":6},{"damage":15,"enemies":"Shelled Parasite and Fungi","floor":30,"turns":5},{"damage":5,"enemies":"Snake Plant","floor":31,"turns":5},{"damage":4,"enemies":"Pondfish","floor":33,"turns":11},{"damage":9,"enemies":"3 Darklings","floor":35,"turns":6},{"damage":20,"enemies":"3 Shapes","floor":36,"turns":4},{"damage":0,"enemies":"3 Darklings","floor":38,"turns":5},{"damage":5,"enemies":"Giant Head","floor":41,"turns":6},{"damage":75,"enemies":"2 Orb Walkers","floor":42,"turns":4},{"damage":6,"enemies":"Sphere and 2 Shapes","floor":44,"turns":5},{"damage":3,"enemies":"Writhing Mass","floor":46,"turns":5},{"damage":0,"enemies":"Maw","floor":48,"turns":6},{"damage":26,"enemies":"Time Eater","floor":50,"turns":8},{"damage":0,"enemies":"Cultist","floor":52,"turns":4},{"damage":0,"enemies":"Small Slimes","floor":54,"turns":2},{"damage":9,"enemies":"2 Louse","floor":56,"turns":2},{"damage":19,"enemies":"Nightmare","floor":57,"turns":8},{"damage":0,"enemies":"Blue Slaver","floor":59,"turns":3},{"damage":16,"enemies":"3 Louse","floor":61,"turns":2},{"damage":22,"enemies":"Exordium Thugs","floor":63,"turns":3},{"damage":0,"enemies":"Lagavulin","floor":64,"turns":5},{"damage":8,"enemies":"Red Slaver","floor":65,"turns":2},{"damage":0,"enemies":"Fading Forest","floor":67,"turns":11},{"damage":0,"enemies":"theJungle:GiantWrat","floor":69,"turns":4},{"damage":17,"enemies":"theJungle:Flameango_and_Byrd","floor":72,"turns":5},{"damage":8,"enemies":"theJungle:JungleHuntersEncounter","floor":73,"turns":3},{"damage":0,"enemies":"theJungle:SlimyTreeVines","floor":79,"turns":4},{"damage":13,"enemies":"theJungle:2_Phrogs","floor":80,"turns":3},{"damage":44,"enemies":"Nightmare","floor":82,"turns":3},{"damage":0,"enemies":"theJungle:FunGuy","floor":84,"turns":4},{"damage":4,"enemies":"3 Shapes","floor":86,"turns":3},{"damage":0,"enemies":"Nightmare","floor":92,"turns":5},{"damage":24,"enemies":"3 Darklings","floor":95,"turns":4},{"damage":0,"enemies":"Transient","floor":96,"turns":5},{"damage":21,"enemies":"Nemesis","floor":98,"turns":3},{"damage":0,"enemies":"Spire Growth","floor":99,"turns":3},{"damage":16,"enemies":"Time Eater","floor":101,"turns":8},{"damage":0,"enemies":"Cultist","floor":103,"turns":3},{"damage":0,"enemies":"Jaw Worm","floor":105,"turns":1},{"damage":0,"enemies":"Nightmare","floor":109,"turns":5},{"damage":0,"enemies":"2 Louse","floor":112,"turns":2},{"damage":12,"enemies":"Gremlin Nob","floor":115,"turns":3},{"damage":0,"enemies":"The Guardian","floor":118,"turns":5},{"damage":0,"enemies":"Shell Parasite","floor":120,"turns":2},{"damage":0,"enemies":"theJungle:GiantWrat","floor":122,"turns":2},{"damage":0,"enemies":"theJungle:2_Flameangoes","floor":124,"turns":1},{"damage":0,"enemies":"theJungle:MamaSnecko","floor":125,"turns":4},{"damage":9,"enemies":"Nightmare","floor":127,"turns":4},{"damage":0,"enemies":"theJungle:JungleHuntersEncounter","floor":132,"turns":3},{"damage":0,"enemies":"Snake Plant","floor":133,"turns":3},{"damage":0,"enemies":"infinitespire:LordOfFortification","floor":135,"turns":5},{"damage":0,"enemies":"Orb Walker","floor":137,"turns":3},{"damage":0,"enemies":"2 Orb Walkers","floor":138,"turns":2},{"damage":12,"enemies":"infinitespire:Three Voidlings","floor":140,"turns":3},{"damage":0,"enemies":"Nightmare_Alpha","floor":140,"turns":4},{"damage":0,"enemies":"3 Shapes","floor":141,"turns":2},{"damage":0,"enemies":"R_Hoarder","floor":142,"turns":4},{"damage":0,"enemies":"Reptomancer","floor":145,"turns":2},{"damage":0,"enemies":"Mind Bloom Boss Battle","floor":148,"turns":2},{"damage":0,"enemies":"Transient","floor":149,"turns":5},{"damage":0,"enemies":"Jaw Worm Horde","floor":152,"turns":2},{"damage":0,"enemies":"infinitespire:LordOfFortification","floor":154,"turns":15}],"seed_played":"1739439195525108969","potions_obtained":[{"floor":1,"key":"Swift Potion"},{"floor":5,"key":"Doom Potion"},{"floor":8,"key":"SpeedPotion"},{"floor":13,"key":"Flashbang"},{"floor":16,"key":"Swift Potion"},{"floor":18,"key":"Adrenaline Potion"},{"floor":24,"key":"Dexterity Potion"},{"floor":27,"key":"Toxic Potion"},{"floor":29,"key":"Weak Potion"},{"floor":38,"key":"sneckomod:MuddlingPotion"},{"floor":41,"key":"LiquidMemories"},{"floor":46,"key":"AttackPotion"},{"floor":56,"key":"PotionOfCapacity"},{"floor":57,"key":"Energy Potion"},{"floor":61,"key":"Regen Potion"},{"floor":79,"key":"Venom Potion"},{"floor":80,"key":"Venom Potion"},{"floor":84,"key":"Explosive Potion"},{"floor":86,"key":"EntropicBrew"},{"floor":112,"key":"FocusPotion"},{"floor":115,"key":"LifebloodPotion"},{"floor":120,"key":"Dexterity Potion"},{"floor":127,"key":"SkillPotion"},{"floor":132,"key":"Adrenaline Potion"},{"floor":135,"key":"SteroidPotion"},{"floor":142,"key":"Venom Potion"},{"floor":145,"key":"ColorlessPotion"},{"floor":148,"key":"LifebloodPotion"}],"is_trial":false,"path_per_floor":["M","?","M","?","M","E","?","E","T","$","M","M","E","$","R","B",null,"M","$","M","?","AVR","R","E","R","T","E","M","NM","M","M","R","B",null,"M","M","$","M","?","R","E","?","T","M","AVR","M","?","M","R","B",null,"M","$","M","?","M","NM","R","M","T","M","?","M","E","M","R","B",null,"M","?","?","M","M","R","?","AVR","T","$","M","E","?","NM","R","B",null,"M","?","AVR","?","?","R","NM","R","T","M","M","R","E","M","R_BF","B",null,"M","?","M","$","?","R","NM","R","T","M","R","AVR","E","$","R","B",null,"M","AVR","M","$","M","E","$","NM","T","R","?","R","M","M","R","B",null,"M","?","$","?","M","E","PTL","PTL","E","$","T","?","M","T","R","M","R","B"],"character_chosen":"DEFECT","items_purchased":["MerchantsRug","ClockworkSouvenir","Raider\u0027s Mask","infinitespire:Satchel","HandDrill","Defragment","Replay:Wax Seal","ReplayTheSpireMod:Calculation Training","Panacea","Replay:Baseball","infinitespire:Joker Card","Reprogram+1","Vajra","infinitespire:Freezer","Heatsinks+1","Geode"],"campfire_rested":8,"item_purchase_floors":[10,14,19,37,37,37,53,53,78,78,106,106,116,126,139,146],"current_hp_per_floor":[82,82,74,74,74,80,80,44,44,44,38,31,30,30,58,61,96,90,90,87,68,68,77,68,101,101,82,82,82,67,62,101,97,101,92,72,72,72,72,101,96,26,26,22,22,19,19,21,69,48,101,101,101,101,101,92,75,101,101,101,85,85,63,63,55,101,101,101,101,101,101,84,81,101,76,76,76,76,81,70,63,26,84,86,115,111,97,97,87,87,114,114,115,115,91,91,115,106,115,115,109,115,115,115,115,115,115,115,115,115,115,115,115,115,113,115,115,115,115,115,115,115,115,115,115,115,115,115,115,115,115,115,115,115,115,115,115,115,115,115,115,115,115,115,86,86,86,86,86,86,86,86,86,86,86],"gold":0,"neow_bonus":"TEN_PERCENT_HP_BONUS","is_daily":false,"chose_seed":false,"campfire_upgraded":20,"win_rate":0.0,"timestamp":1612260056,"path_taken":["M","?","M","?","M","E","?","E","T","$","M","M","E","?","R","BOSS","M","$","M","?","AVR","R","E","R","T","E","M","NM","M","M","R","BOSS","M","M","$","M","?","R","E","?","T","M","AVR","M","?","M","R","BOSS","M","$","M","?","M","NM","R","M","T","M","?","M","E","M","R","BOSS","M","?","?","M","M","R","?","AVR","T","$","M","E","?","NM","R","BOSS","M","?","AVR","?","?","R","NM","R","T","M","M","R","E","M","R_BF","BOSS","M","?","M","$","?","R","NM","R","T","M","R","AVR","E","$","R","BOSS","M","AVR","M","$","M","E","$","NM","T","R","?","R","M","M","R","BOSS","M","?","$","?","M","E","PTL","PTL","E","$","T","?","M","?","R","M","R","BOSS"],"items_purchased_type":["Relic","Relic","Relic","Relic","Relic","Card","Relic","Card","Card","Relic","Relic","Card","Relic","Relic","Card","Relic"],"build_version":"2020-12-22","purchased_purges":11,"victory":false,"max_hp_per_floor":[82,82,82,82,82,96,96,96,96,96,96,96,96,96,96,96,96,96,96,96,101,101,101,101,101,101,101,101,101,101,101,101,101,101,101,101,101,101,101,101,101,101,101,101,101,101,101,101,101,101,101,101,101,101,101,101,101,101,101,101,101,101,101,101,101,101,101,101,101,101,101,101,101,101,101,101,101,101,101,101,108,115,115,115,115,115,115,115,115,115,115,115,115,115,115,115,115,115,115,115,115,115,115,115,115,115,115,115,115,115,115,115,115,115,115,115,115,115,115,115,115,115,115,115,115,115,115,115,115,115,115,115,115,115,115,115,115,115,115,115,115,115,115,115,86,86,86,86,86,86,86,86,86,86,86],"card_choices":[{"not_picked":["Coolheaded","Cold Snap"],"picked":"Doom and Gloom","floor":1},{"not_picked":["Leap","Lockon"],"picked":"BasicCrystalCard","floor":3},{"not_picked":["ReplaySolidLightProjector","Panic Button"],"picked":"Conserve Battery","floor":4},{"not_picked":["Steam","Gash"],"picked":"Coolheaded","floor":5},{"not_picked":["Leap","Mirror Shield"],"picked":"Capacitor","floor":6},{"not_picked":["Compile Driver","FIFO Queue"],"picked":"Defragment","floor":8},{"not_picked":["ReplaySolidLightProjector","Sweeping Beam"],"picked":"Biased Cognition","floor":11},{"not_picked":["Crystallizer","Gash"],"picked":"Defragment","floor":12},{"not_picked":["Stack","Conserve Battery","Leap"],"picked":"SKIP","floor":13},{"not_picked":["Machine Learning","Seek"],"picked":"Rainbow","floor":16},{"not_picked":["Steam Power+1","Beam Cell"],"picked":"Coolheaded+1","floor":18},{"not_picked":["ReplaySolidLightProjector+1","Scrape"],"picked":"Defragment","floor":20},{"not_picked":["ReplayTheSpireMod:Repulse","ReplayTheSpireMod:GoodbyeWorld"],"picked":"Redo","floor":24},{"not_picked":["Gash+1","Sweeping Beam","Beam Cell"],"picked":"SKIP","floor":27},{"not_picked":["Barrage","Gash"],"picked":"Compile Driver","floor":28},{"not_picked":["infinitespire:Fortify","ReplayTheSpireMod:Echoes of Time"],"picked":"infinitespire:Gouge","floor":29},{"not_picked":["Ball Lightning+1","Panic Button"],"picked":"Loop+1","floor":29},{"not_picked":["Go for the Eyes","Leap"],"picked":"FIFO Queue","floor":30},{"not_picked":["BasicCrystalCard","ReplayGash+1"],"picked":"Barrage","floor":31},{"not_picked":["Seek","All For One"],"picked":"Buffer","floor":33},{"not_picked":["Sweeping Beam","Conserve Battery","Redo"],"picked":"SKIP","floor":35},{"not_picked":["Skim","Beam Cell","Sweeping Beam"],"picked":"SKIP","floor":36},{"not_picked":["Time Bomb","Go for the Eyes","Barrage"],"picked":"SKIP","floor":38},{"not_picked":["ReplayTheSpireMod:Reroute Power+1","Reboot"],"picked":"Ball Lightning+1","floor":41},{"not_picked":["Streamline+1","BasicCrystalCard"],"picked":"Hello World+1","floor":42},{"not_picked":["Skim+1","Barrage"],"picked":"Static Discharge","floor":44},{"not_picked":["Barrage","Redo"],"picked":"Force Field+1","floor":46},{"not_picked":["Go for the Eyes","Beam Cell+1"],"picked":"Rainbow","floor":48},{"not_picked":["Seek","All For One"],"picked":"Fission","floor":50},{"not_picked":["Leap","Ball Lightning"],"picked":"Glacier","floor":52},{"not_picked":["Time Bomb","Sweeping Beam","Rainbow"],"picked":"SKIP","floor":54},{"not_picked":["Defragment","Conserve Battery","Compile Driver"],"picked":"SKIP","floor":56},{"not_picked":["ReplaySort","Redo","Barrage"],"picked":"SKIP","floor":57},{"not_picked":["ReplaySort","Cold Snap","Gash"],"picked":"SKIP","floor":59},{"not_picked":["Leap","Sweeping Beam","Melter"],"picked":"SKIP","floor":61},{"not_picked":["Coolheaded","Ball Lightning","Redo"],"picked":"SKIP","floor":63},{"not_picked":["Scrape","Leap","Ball Lightning"],"picked":"SKIP","floor":64},{"not_picked":["Cold Snap","Skim"],"picked":"Double Energy","floor":65},{"not_picked":["ReplayTheSpireMod:Echoes of Time","infinitespire:TheBestDefense"],"picked":"infinitespire:Collect","floor":67},{"not_picked":["ReplayRNGCard","Biased Cognition"],"picked":"Seek","floor":67},{"not_picked":["Auto Shields","Barrage+1"],"picked":"BootSequence","floor":69},{"not_picked":["Lockon","BootSequence"],"picked":"Storm+1","floor":72},{"not_picked":["Beam Cell","Defragment","Storm"],"picked":"SKIP","floor":73},{"not_picked":["infinitespire:DeathsTouch","ReplayTheSpireMod:Haul"],"picked":"ReplayTheSpireMod:Black Plague","floor":75},{"not_picked":["Compile Driver","Cold Snap+1","BasicCrystalCard"],"picked":"SKIP","floor":79},{"not_picked":["Doom and Gloom","Scrape+1","Barrage"],"picked":"SKIP","floor":80},{"not_picked":["Scrape+1","Go for the Eyes","Biased Cognition"],"picked":"SKIP","floor":82},{"not_picked":["Thunder Strike","Creative AI"],"picked":"Reboot+1","floor":84},{"not_picked":["Cold Snap+1","Stack+1","Ball Lightning"],"picked":"SKIP","floor":86},{"not_picked":["Jack Of All Trades+1","Swift Strike"],"picked":"Panacea+1","floor":89},{"not_picked":["Purity+1","Sadistic Nature"],"picked":"Apotheosis+1","floor":89},{"not_picked":["Steam Power+1","Redo+1","BasicCrystalCard+1"],"picked":"SKIP","floor":92},{"not_picked":["Cold Snap","ReplayGash+1"],"picked":"Chill+1","floor":95},{"not_picked":["Cold Snap","Compile Driver"],"picked":"Self Repair+1","floor":96},{"not_picked":["Leap+1","ReplayTheSpireMod:GoodbyeWorld"],"picked":"Fission+1","floor":98},{"not_picked":["Streamline+1","Rip and Tear+1","Sweeping Beam+1"],"picked":"SKIP","floor":99},{"not_picked":["Machine Learning","Seek+1"],"picked":"Amplify+1","floor":101},{"not_picked":["Defragment","Cold Snap+1","Compile Driver+1"],"picked":"SKIP","floor":103},{"not_picked":["Panic Button+1","Steam Power+1","ReplayTheSpireMod:GoodbyeWorld"],"picked":"SKIP","floor":105},{"not_picked":["Melter+1","Fusion+1"],"picked":"Multi-Cast+1","floor":109},{"not_picked":["Capacitor","Scrape+1","Beam Cell+1"],"picked":"SKIP","floor":112},{"not_picked":["Melter+1","Darkness+1"],"picked":"Mirror Shield+1","floor":115},{"not_picked":["Reboot+1","Fission+1"],"picked":"Electrodynamics","floor":118},{"not_picked":["BasicCrystalCard+1","Force Field+1","Conserve Battery+1"],"picked":"SKIP","floor":120},{"not_picked":["Streamline+1","ReplayTheSpireMod:Omega Cannon+1","Sweeping Beam+1"],"picked":"SKIP","floor":122},{"not_picked":["ReplayTheSpireMod:Repulse+1","Coolheaded+1","Fusion+1"],"picked":"SKIP","floor":124},{"not_picked":["White Noise+1","Doom and Gloom+1","ReplayTheSpireMod:System Scan+1"],"picked":"SKIP","floor":125},{"not_picked":["Conserve Battery+1","Seek+1","Auto Shields+1"],"picked":"SKIP","floor":127},{"not_picked":["Capacitor+1","Steam+1","ReplayGash+1"],"picked":"SKIP","floor":132},{"not_picked":["Capacitor+1","Steam+1","ReplayGash+1"],"picked":"SKIP","floor":132},{"not_picked":["Go for the Eyes+1","Streamline+1","Leap+1"],"picked":"SKIP","floor":133},{"not_picked":["Reboot+1","Multi-Cast+1"],"picked":"ReplayTheSpireMod:Fabricate Wheel+1","floor":135},{"not_picked":["FTL+1","Fusion+1","ReplayTheSpireMod:Repulse+1"],"picked":"SKIP","floor":137},{"not_picked":["Skim+1","Compile Driver+1"],"picked":"ReplayTheSpireMod:Calculation Training+1","floor":141},{"not_picked":["Cold Snap+1","Rip and Tear+1","Beam Cell+1"],"picked":"SKIP","floor":141},{"not_picked":["Cold Snap+1","Rip and Tear+1","Beam Cell+1"],"picked":"SKIP","floor":141},{"not_picked":["Barrage+1","Scrape+1","Self Repair+1"],"picked":"SKIP","floor":142},{"not_picked":["Panic Button+1","Fission+1","Streamline+1"],"picked":"SKIP","floor":145},{"not_picked":["Barrage+1","Ball Lightning+1","Genetic Algorithm+1"],"picked":"SKIP","floor":149},{"not_picked":["Double Energy+1","Hologram+1","Stack+1"],"picked":"SKIP","floor":149},{"not_picked":["Leap+1","Chill+1","Hologram+1"],"picked":"SKIP","floor":152},{"not_picked":["Gash+1","ReplaySort+1","Leap+1"],"picked":"SKIP","floor":152}],"player_experience":28409,"relics_obtained":[{"floor":2,"key":"Juzu Bracelet"},{"floor":4,"key":"infinitespire:Magic Flask"},{"floor":6,"key":"Mango"},{"floor":8,"key":"Unceasing Top"},{"floor":9,"key":"Quantum Egg"},{"floor":13,"key":"Mercury Hourglass"},{"floor":24,"key":"Toy Ornithopter"},{"floor":26,"key":"Eternal Feather"},{"floor":27,"key":"PreservedInsect"},{"floor":29,"key":"Mirror"},{"floor":41,"key":"Bronze Scales"},{"floor":41,"key":"Snack Pack"},{"floor":42,"key":"CaptainsWheel"},{"floor":43,"key":"Centennial Puzzle"},{"floor":57,"key":"Replay:Mystery Machine"},{"floor":57,"key":"Sundial"},{"floor":60,"key":"Blue Doll"},{"floor":64,"key":"Matryoshka"},{"floor":64,"key":"ReplayTheSpireMod:TigerMarble"},{"floor":77,"key":"Regal Pillow"},{"floor":77,"key":"Replay:Bottled Flurry"},{"floor":80,"key":"Kunai"},{"floor":80,"key":"Toxic Egg 2"},{"floor":82,"key":"Gremlin Horn"},{"floor":82,"key":"Strawberry"},{"floor":90,"key":"Ring of Hypnosis"},{"floor":92,"key":"Ornamental Fan"},{"floor":92,"key":"infinitespire:Beetle Shell"},{"floor":94,"key":"Lantern"},{"floor":94,"key":"MealTicket"},{"floor":98,"key":"Molten Egg 2"},{"floor":98,"key":"Grinning Jar"},{"floor":109,"key":"Replay:Arrowhead"},{"floor":109,"key":"infinitespire:PuzzleCube"},{"floor":111,"key":"Girya"},{"floor":115,"key":"Boot"},{"floor":115,"key":"FossilizedHelix"},{"floor":125,"key":"Dream Catcher"},{"floor":125,"key":"Darkstone Periapt"},{"floor":127,"key":"Chameleon Ring"},{"floor":127,"key":"Replay:Multitool"},{"floor":128,"key":"Regal Pillow"},{"floor":138,"key":"Du-Vu Doll"},{"floor":140,"key":"Ice Cream"},{"floor":142,"key":"Bag of Preparation"},{"floor":142,"key":"Old Coin"},{"floor":145,"key":"infinitespire:Lychee Nut"},{"floor":145,"key":"ReplayTheSpireMod:Lightbulb"},{"floor":147,"key":"Ancient Tea Set"},{"floor":148,"key":"Gambling Chip"},{"floor":150,"key":"Replay:Ringing Soul"}],"event_choices":[{"damage_healed":0,"gold_gain":0,"player_choice":"Gave Potion","damage_taken":0,"relics_obtained":["Simple Rune"],"max_hp_gain":0,"max_hp_loss":0,"event_name":"WeMeetAgain","floor":7,"gold_loss":0},{"damage_healed":0,"gold_gain":0,"player_choice":"Shed Blood","damage_taken":24,"max_hp_gain":5,"max_hp_loss":0,"event_name":"Forgotten Altar","floor":21,"gold_loss":0},{"cards_removed":["Defend_B"],"damage_healed":0,"gold_gain":0,"player_choice":"Purged","damage_taken":0,"max_hp_gain":0,"max_hp_loss":0,"event_name":"Purifier","floor":39,"gold_loss":0},{"damage_healed":0,"gold_gain":0,"player_choice":"Fight","damage_taken":0,"max_hp_gain":0,"max_hp_loss":0,"event_name":"Mysterious Sphere","floor":42,"gold_loss":0},{"damage_healed":0,"gold_gain":0,"player_choice":"Memory 1","damage_taken":0,"max_hp_gain":0,"max_hp_loss":0,"event_name":"SensoryStone","floor":47,"gold_loss":0},{"damage_healed":0,"gold_gain":0,"player_choice":"0 cards matched","damage_taken":0,"max_hp_gain":0,"max_hp_loss":0,"event_name":"Match and Keep!","floor":55,"gold_loss":0,"cards_obtained":[]},{"damage_healed":0,"gold_gain":0,"player_choice":"Embrace Madness","damage_taken":14,"max_hp_gain":0,"max_hp_loss":0,"event_name":"Winding Halls","floor":87,"gold_loss":0,"cards_obtained":["Madness","Madness"]},{"damage_healed":0,"gold_gain":0,"player_choice":"Memory 3","damage_taken":10,"max_hp_gain":0,"max_hp_loss":0,"event_name":"SensoryStone","floor":89,"gold_loss":0},{"damage_healed":0,"gold_gain":0,"player_choice":"Box","damage_taken":0,"relics_obtained":["Replay:Bottled Eggs"],"max_hp_gain":0,"max_hp_loss":0,"event_name":"Big Fish","floor":104,"gold_loss":0,"cards_obtained":["Regret"]},{"cards_removed":["theJungle:Gourd"],"damage_healed":0,"gold_gain":0,"player_choice":"Forget","damage_taken":0,"max_hp_gain":0,"max_hp_loss":0,"event_name":"Living Wall","floor":107,"gold_loss":0},{"damage_healed":0,"gold_gain":0,"player_choice":"Forge","damage_taken":0,"max_hp_gain":0,"max_hp_loss":0,"event_name":"Accursed Blacksmith","floor":130,"gold_loss":0,"cards_upgraded":["Electrodynamics"]},{"damage_healed":0,"gold_gain":0,"player_choice":"Fight","damage_taken":0,"max_hp_gain":0,"max_hp_loss":0,"event_name":"Mysterious Sphere","floor":138,"gold_loss":0},{"damage_healed":0,"gold_gain":0,"player_choice":"Fight","damage_taken":0,"max_hp_gain":0,"max_hp_loss":0,"event_name":"MindBloom","floor":148,"gold_loss":0}],"is_beta":false,"boss_relics":[{"not_picked":["Kintsugi","Replay:Drink Me"],"picked":"Replay:Bronze Core"},{"not_picked":["ChewingGum","Cursed Key"],"picked":"Black Star"},{"not_picked":["Replay:Wanted Poster","SacredBark"],"picked":"SlaversCollar"},{"not_picked":["Kintsugi","Replay:Drink Me"],"picked":"Runic Pyramid"},{"not_picked":["Replay:Ancient Bell","Sozu"],"picked":"ChewingGum"},{"not_picked":["Coffee Dripper","Ring of Chaos"],"picked":"Replay:Grab Bag"},{"not_picked":["Replay:Fungal Core","bronze:MakeshiftBattery"],"picked":"Philosopher\u0027s Stone"},{"not_picked":["Velvet Choker","Fusion Hammer"],"picked":"ReplayTheSpireMod:Onyx Gauntlets"},{"not_picked":["Empty Cage","Astrolabe"],"picked":"Inserter"},{"not_picked":["ReplayTheSpireMod:DimensionalGlitch","Painkiller Herb"],"picked":"FrozenCore"},{"not_picked":["Cursed Key","SacredBark"],"picked":"Empty Cage"}],"items_purged_floors":[10,22,37,53,76,88,106,114,121,139,146],"is_endless":true,"potions_floor_spawned":[1,5,8,13,16,18,24,27,29,30,38,41,46,56,57,61,65,79,80,84,86,92,101,103,112,115,120,127,132,135,142,145,148],"killed_by":"infinitespire:LordOfFortification","ascension_level":0}}