{"host":"y89x8uui45kcjy42","time":1612261642,"event":{"mods":["2.2 Compatiblity","BaseMod","CapriCore","Colored Map","Colored Powertips","Custom Start","Friendly Minions","Keyboard Shortcuts","Minty Spire (QoL Compilation)","Relic Stats","Slay the Relics Exporter","StSLib","SuperFastMode","Uncapped"],"gold_per_floor":[110,35,45,45,120,120,120,120,168,168,198,198,225,64,64,64,64],"floor_reached":16,"language":"KOR","playtime":310,"items_purged":["Strike_R"],"score":258,"play_id":"dd07f67a-b50a-4ec7-94bd-2dae91a05056","local_time":"20210202192722","is_ascension_mode":true,"campfire_choices":[{"data":"Pummel","floor":6,"key":"SMITH"},{"data":"Flame Barrier","floor":7,"key":"SMITH"},{"data":"Bash","floor":8,"key":"SMITH"},{"data":"Pommel Strike","floor":12,"key":"SMITH"},{"data":"Dark Embrace","floor":15,"key":"SMITH"}],"circlet_count":0,"master_deck":["AscendersBane","Strike_R+1","Strike_R","Defend_R+1","Defend_R","Defend_R","Bash+1","Reprogram+1","Pummel+1","Flame Barrier+1","Pommel Strike+1","Dark Embrace+1"],"relics":["Burning Blood","Coffee Dripper","WingedGreaves","PreservedInsect","Orichalcum","Bag of Marbles"],"acts_visited":["Exordium"],"potions_floor_usage":[11],"damage_taken":[{"damage":0,"enemies":"Small Slimes","floor":1,"turns":3},{"damage":1,"enemies":"2 Louse","floor":3,"turns":3},{"damage":0,"enemies":"Lagavulin","floor":11,"turns":7},{"damage":10,"enemies":"3 Sentries","floor":13,"turns":8},{"damage":31,"enemies":"Hexaghost","floor":16,"turns":9}],"seed_played":"-3003561666603791235","potions_obtained":[{"floor":3,"key":"PowerPotion"},{"floor":11,"key":"Energy Potion"}],"is_trial":false,"path_per_floor":["M","$","M","?","?","R","R","R","T","?","E","R","E","$","R","B"],"character_chosen":"IRONCLAD","items_purchased":["Bag of Marbles"],"campfire_rested":0,"item_purchase_floors":[14],"current_hp_per_floor":[56,56,61,61,50,50,50,50,50,27,33,33,29,29,29,0,0],"gold":64,"neow_bonus":"TRANSFORM_TWO_CARDS","is_daily":false,"chose_seed":false,"campfire_upgraded":5,"win_rate":0.0,"timestamp":1612261642,"path_taken":["M","$","M","?","?","R","R","R","T","?","E","R","E","?","R","BOSS"],"items_purchased_type":["Relic"],"build_version":"2020-12-22","purchased_purges":1,"victory":false,"max_hp_per_floor":[75,75,75,75,75,75,75,75,75,75,75,75,75,75,75,75,75],"relic_stats":{"counters":[5,30],"PreservedInsect":32,"Orichalcum":[18],"obtain_stats":[{"WingedGreaves":6,"PreservedInsect":11,"Coffee Dripper":0,"Bag of Marbles":14,"Orichalcum":13,"Burning Blood":0},{"WingedGreaves":2,"PreservedInsect":3,"Coffee Dripper":0,"Bag of Marbles":4,"Orichalcum":4,"Burning Blood":0},{"WingedGreaves":6,"PreservedInsect":13,"Coffee Dripper":0,"Bag of Marbles":21,"Orichalcum":21,"Burning Blood":0}],"Burning Blood":24},"card_choices":[{"not_picked":["Cleave","Anger","Flame Barrier"],"picked":"SKIP","floor":1},{"not_picked":["Clash","Perfected Strike","True Grit"],"picked":"SKIP","floor":3},{"not_picked":["Spot Weakness","Wild Strike"],"picked":"Pommel Strike","floor":11},{"not_picked":["Wild Strike","Flame Barrier"],"picked":"Dark Embrace","floor":13}],"player_experience":678457,"relics_obtained":[{"floor":11,"key":"PreservedInsect"},{"floor":13,"key":"Orichalcum"}],"event_choices":[{"damage_healed":0,"gold_gain":0,"player_choice":"Ignored","damage_taken":0,"max_hp_gain":0,"max_hp_loss":0,"event_name":"Liars Game","floor":4,"gold_loss":0},{"damage_healed":0,"gold_gain":75,"player_choice":"Gather Gold","damage_taken":11,"max_hp_gain":0,"max_hp_loss":0,"event_name":"World of Goop","floor":5,"gold_loss":0},{"damage_healed":0,"gold_gain":0,"player_choice":"Entered Light","damage_taken":23,"max_hp_gain":0,"max_hp_loss":0,"event_name":"Shining Light","floor":10,"gold_loss":0,"cards_upgraded":["Defend_R","Strike_R"]}],"is_beta":false,"boss_relics":[],"items_purged_floors":[2],"is_endless":false,"potions_floor_spawned":[3,11],"killed_by":"Hexaghost","ascension_level":20}}