{"host":"vm8b3ptwl81uq21f","time":1612242987,"event":{"mods":["Act Like it!","Aspiration","BaseMod","BetterRewards","Colored Map","Colored Powertips","GifTheSpireLib","Googly Eyes","GungeonMod","Halation","Hallownest","Hubris","Infinite Spire","Minty Spire (QoL Compilation)","Quick Restart","Rare Cards Sparkle","Replay The Spire","Shop Mod","Spicy Shops","StSLib","Stuff the Spire","The IronCluck","[IsaacMod]????"],"gold_per_floor":[112,112,131,142,158,158,193,193,193,219,234,234,244,257,257,353,353,370,383,126,144,144,178,178,213,236,262,262,276,305,320,320,444,444,483,527,574,7,7,33,33,33,111,111,149,169,206,234,234,234],"floor_reached":51,"language":"ENG","playtime":1838,"items_purged":["Strike_G","Strike_G","Strike_G","StuffTheSpire:Shiver+1"],"score":1901,"play_id":"988bb01f-048b-4afe-9953-5151d8cf4177","local_time":"20210202001627","is_ascension_mode":true,"campfire_choices":[{"data":"Catalyst","floor":6,"key":"SMITH"},{"data":"Noxious Fumes","floor":8,"key":"SMITH"},{"data":"Bouncing Flask","floor":15,"key":"SMITH"},{"data":"Burst","floor":41,"key":"SMITH"},{"data":"Defend_G","floor":49,"key":"PURGE"}],"circlet_count":0,"master_deck":["Defend_G","Defend_G","Defend_G","Defend_G","Survivor","Neutralize","Catalyst+1","Bouncing Flask+1","Noxious Fumes+1","Sadistic Nature","StuffTheSpire:PlasmaPulse","Impatience","Calculated Gamble","PiercingWail","Deadly Poison","Sadistic Nature","Bouncing Flask+1","Dodge and Roll+1","Burst+1","infinitespire:Neurotoxin","Corpse Explosion","Noxious Fumes+1","Adrenaline"],"relics":["Ring of the Snake","HushsDoor","TheBean","DemoMod:SerJunkan","halation:LettersToHer","MerchantsRug","ReplayTheSpireMod:ShopPack","DemoMod:GnawedKey","DemoMod:Junk","HornCleat","MagicMushroom","aspiration:ArtOfWarUpgrade","infinitespire:EvilPickle","Painkiller Herb","DemoMod:GlassGuonStoneRelic","Membership Card","Paper Crane","Juzu Bracelet","aspiration:VileToxins","Regal Pillow","Mercury Hourglass","Potion Belt"],"acts_visited":["Exordium","TheCity","TheBeyond"],"potions_floor_usage":[14,16,33,50,50,50,50,50],"damage_taken":[{"damage":0,"enemies":"2 Louse","floor":1,"turns":2},{"damage":0,"enemies":"Jaw Worm","floor":3,"turns":2},{"damage":0,"enemies":"Cultist","floor":4,"turns":2},{"damage":0,"enemies":"Blue Slaver","floor":5,"turns":2},{"damage":0,"enemies":"3 Sentries","floor":7,"turns":4},{"damage":0,"enemies":"Lagavulin","floor":10,"turns":3},{"damage":0,"enemies":"Looter","floor":11,"turns":2},{"damage":0,"enemies":"3 Louse","floor":13,"turns":2},{"damage":0,"enemies":"Blue Slaver","floor":14,"turns":2},{"damage":0,"enemies":"Fading Forest","floor":16,"turns":5},{"damage":0,"enemies":"Shell Parasite","floor":18,"turns":2},{"damage":0,"enemies":"2 Thieves","floor":19,"turns":2},{"damage":0,"enemies":"Sentry and Sphere","floor":21,"turns":3},{"damage":0,"enemies":"Gremlin Leader","floor":23,"turns":3},{"damage":0,"enemies":"Replay:Snechameleon","floor":25,"turns":3},{"damage":0,"enemies":"Gremlin Leader","floor":27,"turns":2},{"damage":0,"enemies":"Shelled Parasite and Fungi","floor":29,"turns":1},{"damage":2,"enemies":"Slavers","floor":30,"turns":2},{"damage":0,"enemies":"Snake Plant","floor":31,"turns":1},{"damage":3,"enemies":"Pondfish","floor":33,"turns":3},{"damage":0,"enemies":"Orb Walker","floor":35,"turns":1},{"damage":9,"enemies":"3 Darklings","floor":36,"turns":2},{"damage":0,"enemies":"Spire Growth","floor":37,"turns":2},{"damage":0,"enemies":"Nemesis","floor":40,"turns":3},{"damage":0,"enemies":"Giant Head","floor":45,"turns":3},{"damage":0,"enemies":"4 Shapes","floor":46,"turns":1},{"damage":0,"enemies":"Nightmare","floor":47,"turns":2},{"damage":0,"enemies":"3 Darklings","floor":48,"turns":1},{"damage":0,"enemies":"infinitespire:MassOfShapes","floor":50,"turns":6}],"seed_played":"-8454333488026331437","potions_obtained":[{"floor":1,"key":"LifebloodPotion"},{"floor":4,"key":"Toxic Potion"},{"floor":11,"key":"PowerPotion"},{"floor":16,"key":"Block Potion"},{"floor":19,"key":"Languid Potion"},{"floor":25,"key":"DemoMod:LeadSkinPotion"},{"floor":35,"key":"SteroidPotion"},{"floor":45,"key":"FearPotion"},{"floor":46,"key":"LifebloodPotion"}],"is_trial":false,"path_per_floor":["M","?","M","M","M","R","E","R","T","E","M","?","M","M","R","B",null,"M","M","$","M","?","E","R","E","T","E","?","M","E","M","R","B",null,"?","?","?","T","?","E","T","?","T","T","E","?","NM","?","T","B",null],"character_chosen":"THE_SILENT","items_purchased":["DemoMod:SerJunkan","halation:LettersToHer","Catalyst","Bouncing Flask","Noxious Fumes","aspiration:Nostalgia","MerchantsRug","ReplayTheSpireMod:ShopPack","DemoMod:GnawedKey","Sadistic Nature","Art of War","Corpse Explosion","Membership Card","Paper Crane","Juzu Bracelet","aspiration:VileToxins","Adrenaline"],"campfire_rested":0,"item_purchase_floors":[0,0,0,0,0,0,0,0,0,17,20,34,38,38,38,38,38],"current_hp_per_floor":[25,25,25,25,25,25,25,25,25,25,25,25,25,25,25,33,60,61,62,62,63,63,64,64,65,65,66,66,67,65,65,65,63,63,63,54,55,55,55,56,56,56,56,56,57,57,58,58,58,59],"gold":234,"neow_bonus":"","is_daily":false,"chose_seed":false,"campfire_upgraded":4,"win_rate":0.0,"timestamp":1612242987,"path_taken":["M","?","M","?","M","R","E","R","T","E","M","?","M","M","R","BOSS","M","M","$","M","?","E","R","E","T","E","?","M","E","M","R","BOSS","?","?","?","T","?","E","T","?","T","?","E","?","NM","?","T","BOSS"],"items_purchased_type":["Relic","Relic","Card","Card","Card","Relic","Relic","Relic","Relic","Card","Relic","Card","Relic","Relic","Relic","Relic","Card"],"build_version":"2020-12-22","purchased_purges":4,"victory":true,"max_hp_per_floor":[70,70,70,70,70,70,70,70,70,70,70,70,70,70,70,70,67,67,67,67,67,67,67,67,67,67,67,67,67,67,67,67,67,63,63,63,63,63,63,63,63,63,63,63,63,63,63,63,63,63],"card_choices":[{"not_picked":["The Bomb","Violence"],"picked":"Sadistic Nature","floor":0},{"not_picked":["Trip","ReplayTheSpireMod:Trickstab"],"picked":"StuffTheSpire:PlasmaPulse","floor":0},{"not_picked":["EpicFetus","BettingIsNotGood"],"picked":"Impatience","floor":0},{"not_picked":["Clash","Backflip"],"picked":"Calculated Gamble","floor":1},{"not_picked":["ReplayTheSpireMod:Shiv Toss","ReachHeaven"],"picked":"PiercingWail","floor":3},{"not_picked":["StuffTheSpire:BumpUp","Outmaneuver","EmptyFist"],"picked":"SKIP","floor":4},{"not_picked":["Slice","ReplayTheSpireMod:Scrap Shanks","Searing Blow"],"picked":"SKIP","floor":5},{"not_picked":["Well Laid Plans","PiercingWail","Reflex"],"picked":"SKIP","floor":7},{"not_picked":["Deflect","ReachHeaven","Grand Finale"],"picked":"SKIP","floor":10},{"not_picked":["Cloak And Dagger","StuffTheSpire:BumpUp"],"picked":"Deadly Poison","floor":11},{"not_picked":["Caltrops","Dagger Spray","BowlingBash"],"picked":"SKIP","floor":13},{"not_picked":["Deflect","Venomology","Blade Dance"],"picked":"SKIP","floor":14},{"not_picked":["StuffTheSpire:Injection","Toxin Wave"],"picked":"Bouncing Flask+1","floor":18},{"not_picked":["StuffTheSpire:Injection","StuffTheSpire:ClusterCrunch","PiercingWail"],"picked":"SKIP","floor":19},{"not_picked":["Underhanded Strike","Riddle With Holes"],"picked":"Dodge and Roll+1","floor":21},{"not_picked":["hubris:TrickCloak","Dagger Spray+1"],"picked":"Burst","floor":23},{"not_picked":["Dodge and Roll","Dagger Throw+1","StuffTheSpire:ReptileScales"],"picked":"SKIP","floor":25},{"not_picked":["ReplayTheSpireMod:Speed Training","Endless Agony","StuffTheSpire:Repulse"],"picked":"SKIP","floor":27},{"not_picked":["Hidden Blade","Blade Dance+1","StuffTheSpire:Sprint"],"picked":"SKIP","floor":29},{"not_picked":["Cloak And Dagger+1","StuffTheSpire:ClusterCrunch","Replay:Poison Smokescreen"],"picked":"SKIP","floor":30},{"not_picked":["ReplayTheSpireMod:Tripwire+1","PiercingWail"],"picked":"Calculated Gamble","floor":31},{"not_picked":["Poison Darts","Malaise"],"picked":"infinitespire:Neurotoxin","floor":33},{"not_picked":["Dagger Throw","Dodge and Roll+1"],"picked":"Noxious Fumes+1","floor":35},{"not_picked":["All Out Attack+1","Choke+1","Deadly Poison"],"picked":"SKIP","floor":36},{"not_picked":["StuffTheSpire:BumpUp+1","Poisoned Stab","hubris:SlightOfHand"],"picked":"SKIP","floor":37},{"not_picked":["Dagger Throw+1","StuffTheSpire:BumpUp+1","Outmaneuver"],"picked":"SKIP","floor":40},{"not_picked":["hubris:SlightOfHand","Draining Mist","Outmaneuver+1"],"picked":"SKIP","floor":45},{"not_picked":["Predator","Setup","Dagger Spray+1"],"picked":"SKIP","floor":46},{"not_picked":["StuffTheSpire:ClusterCrunch+1","Caltrops+1","Toxin Wave+1"],"picked":"SKIP","floor":47},{"not_picked":["Tactician+1","StuffTheSpire:Injection+1","Cloak And Dagger+1"],"picked":"SKIP","floor":48}],"player_experience":382385,"relics_obtained":[{"floor":7,"key":"DemoMod:Junk"},{"floor":9,"key":"DemoMod:Junk"},{"floor":9,"key":"HornCleat"},{"floor":10,"key":"DemoMod:Junk"},{"floor":23,"key":"DemoMod:Junk"},{"floor":25,"key":"DemoMod:Junk"},{"floor":26,"key":"DemoMod:Junk"},{"floor":27,"key":"DemoMod:Junk"},{"floor":30,"key":"DemoMod:Junk"},{"floor":40,"key":"Mercury Hourglass"},{"floor":42,"key":"Potion Belt"},{"floor":43,"key":"halation:LettersToHer"},{"floor":43,"key":"DemoMod:Junk"},{"floor":44,"key":"halation:LettersToHer"},{"floor":44,"key":"DemoMod:Junk"},{"floor":45,"key":"DemoMod:Junk"},{"floor":47,"key":"DemoMod:Junk"}],"event_choices":[{"cards_removed":["Strike_G"],"damage_healed":0,"gold_gain":0,"player_choice":"Forget","damage_taken":0,"max_hp_gain":0,"max_hp_loss":0,"event_name":"Living Wall","floor":12,"gold_loss":0},{"cards_removed":["Calculated Gamble"],"damage_healed":0,"gold_gain":0,"player_choice":"Gave Card","damage_taken":0,"relics_obtained":["Regal Pillow"],"max_hp_gain":0,"max_hp_loss":0,"event_name":"WeMeetAgain","floor":39,"gold_loss":0},{"damage_healed":0,"gold_gain":0,"player_choice":"Relic","damage_taken":0,"max_hp_gain":0,"max_hp_loss":0,"event_name":"Wheel of Change","floor":42,"gold_loss":0}],"is_beta":false,"boss_relics":[{"not_picked":["hubris:VirtuousBlindfold","Replay:Grab Bag"],"picked":"MagicMushroom"},{"not_picked":[]},{"not_picked":["Fusion Hammer","ReplayTheSpireMod:DimensionalGlitch"],"picked":"Painkiller Herb"},{"not_picked":[]}],"items_purged_floors":[0,17,20,38],"is_endless":false,"potions_floor_spawned":[1,4,11,16,19,25,30,31,35,45,46],"ascension_level":8}}