{"host":"Hutts","time":1612286480,"event":{"mods":["BaseMod","Downfall","Googly Eyes","Minty Spire (QoL Compilation)","StSLib","The Cursed","The IronCluck"],"gold_per_floor":[99,115,129,129,141,153,177,188,188,188,188,2,2,15,31,130,130,130,148,52,71,87,87,87,106,106,135,135,155,32,48,68,171,171,171,183,171,187,21,41,41,41,41,60,93,104,104,124,134,134],"floor_reached":51,"language":"ENG","playtime":4585,"items_purged":["Slimebound:Tackle","Slimebound:Defend_Slimebound"],"score":779,"play_id":"c7978b48-e007-4326-aa9b-224a45d29ef8","local_time":"20210202112120","is_ascension_mode":true,"campfire_choices":[{"data":"Slimebound:CorrosiveSpit","floor":1,"key":"SMITH"},{"data":"Slimebound:Split","floor":10,"key":"SMITH"},{"data":"expansioncontent:DashGenerateEvil","floor":13,"key":"PURGE"},{"data":"Slimebound:MassFeed","floor":18,"key":"SMITH"},{"data":"Slimebound:LevelUp","floor":23,"key":"SMITH"},{"data":"Slimebound:MassFeed+1","floor":28,"key":"PURGE"},{"data":"Slimebound:Recycling","floor":35,"key":"SMITH"},{"data":"expansioncontent:QuickStudy","floor":42,"key":"SMITH"},{"floor":47,"key":"REST"}],"circlet_count":0,"master_deck":["Slimebound:Strike_Slimebound","Slimebound:Strike_Slimebound","Slimebound:Strike_Slimebound","Slimebound:Defend_Slimebound","Slimebound:Defend_Slimebound","Slimebound:Defend_Slimebound","Slimebound:Split+1","Slimebound:CorrosiveSpit+1","Slimebound:MegaLick","Slimebound:ItLooksTasty","Slimebound:Schlurp","Slimebound:HauntingLick","Slimebound:LivingWall","Slimebound:GoopSpray","Slimebound:TongueLash","Slimebound:LevelUp","Slimebound:LeechEnergy","Slimebound:SpikyOuterGoop","Slimebound:LevelUp+1","Slimebound:ItLooksTasty+1","Slimebound:LeechEnergy","Slimebound:LeechingTouch+1","Slimebound:HauntingLick","Slimebound:AcidTongue","Slimebound:Recycling+1","Slimebound:SpikyOuterGoop+1","Slimebound:SpikyOuterGoop+1","Slimebound:OozeBath","expansioncontent:QuickStudy+1","Slimebound:MegaLick+1","Slimebound:MegaLick+1","Slimebound:GrowthPunch+1","Slimebound:Gluttony","Slimebound:MegaLick+1","Slimebound:SamplingLick+1","Slimebound:RainOfGoop+1"],"relics":["Slimebound:AbsorbEndCombat","Slimebound:ScrapOozeRelic","Philosopher\u0027s Stone","Kunai","Regal Pillow","Runic Pyramid","Membership Card","Toxic Egg 2","The Courier","Orichalcum"],"acts_visited":["Exordium","TheCity","TheBeyond"],"potions_floor_usage":[6,16,16,16,16,19,20,21,27,27,27,29,33,33,37,45,46,49,50,50],"damage_taken":[{"damage":7,"enemies":"Cultist","floor":2,"turns":3},{"damage":0,"enemies":"2 Louse","floor":3,"turns":2},{"damage":0,"enemies":"Jaw Worm","floor":5,"turns":4},{"damage":16,"enemies":"Gremlin Gang","floor":6,"turns":3},{"damage":2,"enemies":"Exordium Wildlife","floor":8,"turns":3},{"damage":0,"enemies":"downfall:FleeingMerchant","floor":12,"turns":4},{"damage":5,"enemies":"Exordium Thugs","floor":14,"turns":3},{"damage":1,"enemies":"Gremlin Gang","floor":15,"turns":4},{"damage":1,"enemies":"WA_ARCHETYPE_RETAIN","floor":16,"turns":4},{"damage":0,"enemies":"Chosen","floor":19,"turns":3},{"damage":13,"enemies":"downfall:FleeingMerchant","floor":20,"turns":4},{"damage":0,"enemies":"3 Cultists","floor":21,"turns":4},{"damage":27,"enemies":"Snake Plant","floor":22,"turns":4},{"damage":0,"enemies":"Snecko","floor":25,"turns":5},{"damage":16,"enemies":"Book of Stabbing","floor":27,"turns":4},{"damage":6,"enemies":"Centurion and Healer","floor":29,"turns":5},{"damage":19,"enemies":"downfall:FleeingMerchant","floor":30,"turns":4},{"damage":1,"enemies":"Snake Plant","floor":31,"turns":3},{"damage":17,"enemies":"Snecko","floor":32,"turns":5},{"damage":47,"enemies":"SI_MIRROR_ARCHETYPE","floor":33,"turns":11},{"damage":15,"enemies":"Orb Walker","floor":36,"turns":3},{"damage":30,"enemies":"downfall:FleeingMerchant","floor":37,"turns":4},{"damage":0,"enemies":"3 Shapes","floor":38,"turns":3},{"damage":0,"enemies":"Spire Growth","floor":40,"turns":4},{"damage":4,"enemies":"Writhing Mass","floor":44,"turns":6},{"damage":16,"enemies":"Giant Head","floor":45,"turns":9},{"damage":18,"enemies":"Transient","floor":46,"turns":5},{"damage":0,"enemies":"Maw","floor":48,"turns":6},{"damage":21,"enemies":"Spire Growth","floor":49,"turns":5},{"damage":31,"enemies":"IC_BLOCK_ARCHETYPE","floor":50,"turns":9}],"seed_played":"2601170572432198840","potions_obtained":[{"floor":3,"key":"Slimebound:SlimedPotion"},{"floor":4,"key":"EntropicBrew"},{"floor":4,"key":"Slimebound:SlimyTonguePotion"},{"floor":14,"key":"Slimebound:SlimyTonguePotion"},{"floor":15,"key":"hexamod:SoulburnPotion"},{"floor":16,"key":"Fire Potion"},{"floor":19,"key":"SpeedPotion"},{"floor":25,"key":"EntropicBrew"},{"floor":32,"key":"Weak Potion"},{"floor":33,"key":"SkillPotion"},{"floor":38,"key":"ColorlessPotion"},{"floor":44,"key":"Dexterity Potion"},{"floor":45,"key":"ColorlessPotion"},{"floor":46,"key":"champ:CounterPotion"},{"floor":48,"key":"FearPotion"},{"floor":49,"key":"Fire Potion"}],"is_trial":false,"path_per_floor":["R","M","M","?","M","M","T","M","?","R","?","$","R","M","M","B",null,"R","M","$","M","M","R","T","M","?","E","R","M","$","M","M","B",null,"R","M","$","M","$","M","T","R","?","M","E","M","R","M","M","B",null],"character_chosen":"SLIMEBOUND","items_purchased":["expansioncontent:DashGenerateEvil","Slimebound:SpikyOuterGoop","Slimebound:AcidTongue","Membership Card","Slimebound:OozeBath","expansioncontent:QuickStudy","Toxic Egg 2","Slimebound:MegaLick+1"],"campfire_rested":1,"item_purchase_floors":[12,20,30,37,37,37,39,39],"current_hp_per_floor":[59,58,62,62,70,62,62,68,68,68,73,79,79,78,82,82,82,82,86,77,93,73,73,73,81,81,73,73,75,64,67,54,15,98,98,91,68,76,76,84,84,84,84,88,80,70,98,98,81,58],"gold":134,"neow_bonus":"TWENTY_PERCENT_HP_BONUS","is_daily":false,"chose_seed":false,"campfire_upgraded":6,"win_rate":0.0,"timestamp":1612286480,"path_taken":["R","M","M","?","?","M","T","M","?","R","?","?","R","M","M","BOSS","R","M","$","M","M","R","T","?","?","E","R","M","?","?","M","BOSS","R","M","$","M","$","M","T","R","?","M","E","M","R","?","M","BOSS"],"items_purchased_type":["Card","Card","Card","Relic","Card","Card","Relic","Card"],"build_version":"2020-12-18","purchased_purges":2,"victory":true,"max_hp_per_floor":[77,77,77,77,77,77,77,77,77,77,82,82,82,82,82,82,82,82,86,86,94,98,98,98,98,98,98,98,98,98,98,98,98,98,98,98,98,98,98,98,98,98,98,98,98,98,98,98,98,98],"card_choices":[{"not_picked":["Slimebound:LeechingTouch","Slimebound:PressTheAttack"],"picked":"Slimebound:MegaLick","floor":2},{"not_picked":["Slimebound:LeadByExample","Slimebound:SplitLeeching"],"picked":"Slimebound:ItLooksTasty","floor":3},{"not_picked":["Slimebound:FinishingTackle","Slimebound:ItLooksTasty"],"picked":"Slimebound:Schlurp","floor":5},{"not_picked":["Slimebound:ServeAndProtect","Slimebound:ItLooksTasty"],"picked":"Slimebound:HauntingLick","floor":6},{"not_picked":["Slimebound:LeechingTouch","Slimebound:PressTheAttack"],"picked":"Slimebound:LivingWall","floor":8},{"not_picked":["Slimebound:LivingWall","Slimebound:MassFeed"],"picked":"Slimebound:GoopSpray","floor":12},{"not_picked":["Slimebound:Equalize","Slimebound:RollThrough","Slimebound:SlimeBarrage"],"picked":"SKIP","floor":14},{"not_picked":["Slimebound:BestDefense","Slimebound:GoopSpray"],"picked":"Slimebound:TongueLash","floor":15},{"not_picked":["Slimebound:MinionMaster","Slimebound:FirmFortitude"],"picked":"Slimebound:MassFeed","floor":16},{"not_picked":["Slimebound:FormOfPuddle","Slimebound:ComboTackle+1"],"picked":"Slimebound:LevelUp","floor":19},{"not_picked":["Slimebound:SplitMire+1","Slimebound:SplitBruiser"],"picked":"Slimebound:LeechEnergy","floor":20},{"not_picked":["Slimebound:Equalize","Slimebound:SlimeSpikes"],"picked":"Slimebound:LevelUp","floor":21},{"not_picked":["Slimebound:SpikyOuterGoop","Slimebound:SlimeTap+1"],"picked":"Slimebound:ItLooksTasty+1","floor":22},{"not_picked":["Slimebound:RainOfGoop","Slimebound:RollThrough","Slimebound:LeechEnergy"],"picked":"SKIP","floor":25},{"not_picked":["Slimebound:DivideAndConquer","Slimebound:HungryTackle"],"picked":"Slimebound:LeechingTouch+1","floor":27},{"not_picked":["Slimebound:SlimeSpikes+1","Slimebound:SlimeBarrage","Slimebound:ComboTackle+1"],"picked":"SKIP","floor":29},{"not_picked":["Slimebound:ProtectTheBoss","Slimebound:SlimeSlap"],"picked":"Slimebound:HauntingLick","floor":30},{"not_picked":["Slimebound:ComboTackle","Slimebound:SplitBruiser","Slimebound:GoopTackle+1"],"picked":"SKIP","floor":31},{"not_picked":["Slimebound:FirmFortitude","Slimebound:SplitBruiser","Slimebound:SlimeTap"],"picked":"SKIP","floor":32},{"not_picked":["Slimebound:DouseInSlime","Slimebound:WasteNot"],"picked":"Slimebound:Recycling","floor":33},{"not_picked":["Slimebound:LeechingTouch","Slimebound:DivideAndConquer"],"picked":"Slimebound:SpikyOuterGoop+1","floor":36},{"not_picked":["Slimebound:OneTwoCombo","Slimebound:HauntingLick"],"picked":"Slimebound:SpikyOuterGoop+1","floor":37},{"not_picked":["Slimebound:RollThrough+1","Slimebound:HauntingLick"],"picked":"Slimebound:MegaLick+1","floor":38},{"not_picked":["Slimebound:HauntingLick+1","Slimebound:SplitMire+1"],"picked":"Slimebound:GrowthPunch+1","floor":40},{"not_picked":["Slimebound:Prepare+1","Slimebound:Nibble+1"],"picked":"Slimebound:Gluttony","floor":44},{"not_picked":["Slimebound:ItLooksTasty","Slimebound:DuplicatedForm","Slimebound:SplitMire+1"],"picked":"SKIP","floor":45},{"not_picked":["Slimebound:Schlurp+1","Slimebound:Equalize+1"],"picked":"Slimebound:MegaLick+1","floor":46},{"not_picked":["Slimebound:FinishingTackle","Slimebound:ComboTackle"],"picked":"Slimebound:SamplingLick+1","floor":48},{"not_picked":["Slimebound:SplitMire+1","Slimebound:SplitBruiser+1"],"picked":"Slimebound:RainOfGoop+1","floor":49}],"player_experience":1017316,"relics_obtained":[{"floor":7,"key":"Dream Catcher"},{"floor":24,"key":"Kunai"},{"floor":27,"key":"Regal Pillow"},{"floor":41,"key":"The Courier"},{"floor":45,"key":"Orichalcum"}],"event_choices":[{"damage_healed":0,"gold_gain":0,"player_choice":"Got Potions","damage_taken":0,"max_hp_gain":0,"max_hp_loss":0,"event_name":"Lab","floor":4,"gold_loss":0},{"damage_healed":0,"gold_gain":0,"player_choice":"Donut","damage_taken":0,"max_hp_gain":5,"max_hp_loss":0,"event_name":"Big Fish","floor":11,"gold_loss":0}],"is_beta":true,"boss_relics":[{"not_picked":["Coffee Dripper","Empty Cage"],"picked":"Philosopher\u0027s Stone"},{"not_picked":["Pandora\u0027s Box","Black Star"],"picked":"Runic Pyramid"}],"items_purged_floors":[30,37],"is_endless":false,"potions_floor_spawned":[3,14,15,16,19,25,32,33,38,44,45,46,48,49],"ascension_level":1}}