{"host":"9b7hrp48q3pna783","time":1612278726,"event":{"mods":["BaseMod","Colored Map","Colored Powertips","Highlight Path","Minty Spire (QoL Compilation)","Relic Stats"],"gold_per_floor":[110,128,128,48,72,72,115,115,115,115,215,256,276,301,301,432,432,446,446,371,389,202,202,233,256,281,302,302,333,352,227,227,357,357,377,157,220,150,163,201,201,201,201,201,224,257,257,282,282,282,282,282,39,79,79],"floor_reached":56,"language":"ENG","playtime":5049,"items_purged":["Strike_G","Strike_G","Strike_G","Strike_G","Strike_G"],"score":1573,"play_id":"d291afcb-cd87-4643-b6a1-ca8db8f108d5","local_time":"20210202101206","is_ascension_mode":true,"campfire_choices":[{"data":"Noxious Fumes","floor":6,"key":"SMITH"},{"data":"All Out Attack","floor":8,"key":"SMITH"},{"data":"Survivor","floor":10,"key":"SMITH"},{"data":"Reflex","floor":15,"key":"SMITH"},{"data":"Neutralize","floor":23,"key":"SMITH"},{"floor":28,"key":"RECALL"},{"data":"Defend_G","floor":32,"key":"SMITH"},{"floor":42,"key":"REST"},{"data":"1","floor":49,"key":"LIFT"},{"data":"2","floor":52,"key":"LIFT"}],"circlet_count":0,"master_deck":["Defend_G","Defend_G","Defend_G","Defend_G","Defend_G+1","Survivor+1","Neutralize+1","All Out Attack+1","Reflex+1","Injury","Noxious Fumes+1","Slice","Dodge and Roll+1","Bouncing Flask+1","Blur+1","Adrenaline+1","Bouncing Flask+1","Blur+1","Backflip+1","Acrobatics+1","Dodge and Roll+1","PiercingWail+1","Well Laid Plans+1","Bullet Time+1","Acrobatics+1","Noxious Fumes+1","Backflip+1","Footwork+1","Corpse Explosion+1","Catalyst+1","Footwork+1"],"relics":["Ring of the Snake","Golden Idol","Toxic Egg 2","Oddly Smooth Stone","Regal Pillow","Sozu","Frozen Egg 2","Ancient Tea Set","HornCleat","Fusion Hammer","Tingsha","Incense Burner","Girya","Mummified Hand"],"acts_visited":["Exordium","TheCity","TheBeyond","TheEnding"],"potions_floor_usage":[7,13,21],"damage_taken":[{"damage":2,"enemies":"Small Slimes","floor":1,"turns":4},{"damage":3,"enemies":"Jaw Worm","floor":2,"turns":4},{"damage":6,"enemies":"Cultist","floor":5,"turns":4},{"damage":29,"enemies":"Lagavulin","floor":7,"turns":6},{"damage":8,"enemies":"3 Sentries","floor":12,"turns":7},{"damage":6,"enemies":"Lots of Slimes","floor":13,"turns":2},{"damage":0,"enemies":"3 Louse","floor":14,"turns":1},{"damage":0,"enemies":"Hexaghost","floor":16,"turns":9},{"damage":0,"enemies":"Shell Parasite","floor":18,"turns":6},{"damage":0,"enemies":"Chosen","floor":21,"turns":4},{"damage":3,"enemies":"Book of Stabbing","floor":24,"turns":5},{"damage":0,"enemies":"Shelled Parasite and Fungi","floor":25,"turns":5},{"damage":0,"enemies":"Sentry and Sphere","floor":27,"turns":4},{"damage":1,"enemies":"Gremlin Leader","floor":29,"turns":8},{"damage":0,"enemies":"Centurion and Healer","floor":30,"turns":6},{"damage":0,"enemies":"Automaton","floor":33,"turns":13},{"damage":18,"enemies":"3 Darklings","floor":35,"turns":4},{"damage":0,"enemies":"Mind Bloom Boss Battle","floor":37,"turns":8},{"damage":0,"enemies":"Orb Walker","floor":39,"turns":5},{"damage":13,"enemies":"Nemesis","floor":40,"turns":7},{"damage":1,"enemies":"Transient","floor":45,"turns":5},{"damage":0,"enemies":"Giant Head","floor":46,"turns":8},{"damage":1,"enemies":"4 Shapes","floor":48,"turns":3},{"damage":0,"enemies":"Donu and Deca","floor":50,"turns":5},{"damage":0,"enemies":"Shield and Spear","floor":54,"turns":5},{"damage":10,"enemies":"The Heart","floor":55,"turns":10}],"seed_played":"-7674230242638735183","potions_obtained":[{"floor":5,"key":"Fire Potion"},{"floor":12,"key":"DistilledChaos"},{"floor":14,"key":"Fire Potion"}],"is_trial":false,"path_per_floor":["M","M","?","$","M","R","E","R","T","R","?","E","M","M","R","B",null,"M","?","$","M","$","R","E","M","T","M","R","E","M","$","R","B",null,"M","$","?","$","M","E","?","R","T","?","M","E","?","M","R","B",null,"R","$","E","B",null],"character_chosen":"THE_SILENT","items_purchased":["Noxious Fumes","Blur+1","Backflip+1","Noxious Fumes+1","Footwork+1","Footwork+1"],"campfire_rested":1,"item_purchase_floors":[4,22,22,36,38,53],"current_hp_per_floor":[75,72,72,72,66,66,37,37,37,37,37,29,23,23,23,23,77,77,77,77,77,77,77,74,74,74,74,74,73,73,73,73,73,77,59,59,59,59,59,46,46,77,77,73,72,72,72,71,71,71,73,73,73,73,63],"gold":79,"neow_bonus":"TEN_PERCENT_HP_BONUS","is_daily":false,"chose_seed":false,"campfire_upgraded":6,"win_rate":0.0,"timestamp":1612278726,"path_taken":["M","M","?","$","M","R","E","R","T","R","?","E","?","?","R","BOSS","M","?","$","M","$","R","E","M","T","M","R","E","M","$","R","BOSS","M","$","?","$","M","E","?","R","T","?","M","E","?","M","R","BOSS","R","$","E","BOSS"],"items_purchased_type":["Card","Card","Card","Card","Card","Card"],"build_version":"2020-12-22","purchased_purges":5,"victory":true,"max_hp_per_floor":[77,77,77,77,77,77,77,77,77,77,77,77,77,77,77,77,77,77,77,77,77,77,77,77,77,77,77,77,77,77,77,77,77,77,77,77,77,77,77,77,77,77,77,73,73,73,73,73,73,73,73,73,73,73,73],"relic_stats":{"Sozu":10,"Regal Pillow":8,"counters":[26,148],"Golden Idol":216,"Mummified Hand":[4],"Tingsha":[120],"obtain_stats":[{"Girya":46,"Regal Pillow":12,"Golden Idol":3,"Oddly Smooth Stone":9,"Tingsha":37,"Incense Burner":40,"Frozen Egg 2":19,"Ancient Tea Set":24,"Sozu":17,"HornCleat":29,"Mummified Hand":54,"Fusion Hammer":34,"Toxic Egg 2":7,"Ring of the Snake":0},{"Girya":22,"Regal Pillow":5,"Golden Idol":2,"Oddly Smooth Stone":4,"Tingsha":18,"Incense Burner":20,"Frozen Egg 2":9,"Ancient Tea Set":11,"Sozu":8,"HornCleat":14,"Mummified Hand":25,"Fusion Hammer":16,"Toxic Egg 2":4,"Ring of the Snake":0},{"Girya":125,"Regal Pillow":25,"Golden Idol":8,"Oddly Smooth Stone":18,"Tingsha":100,"Incense Burner":112,"Frozen Egg 2":43,"Ancient Tea Set":52,"Sozu":37,"HornCleat":69,"Mummified Hand":138,"Fusion Hammer":88,"Toxic Egg 2":18,"Ring of the Snake":0}],"Ring of the Snake":[52]},"card_choices":[{"not_picked":["Deflect","Eviscerate"],"picked":"All Out Attack","floor":1},{"not_picked":["Quick Slash","PiercingWail"],"picked":"Reflex","floor":2},{"not_picked":["Cloak And Dagger","All Out Attack"],"picked":"Slice","floor":5},{"not_picked":["Deflect+1","Venomology+1"],"picked":"Dodge and Roll+1","floor":7},{"not_picked":["Sucker Punch","Backstab","Outmaneuver+1"],"picked":"SKIP","floor":12},{"not_picked":["Noxious Fumes","Flechettes"],"picked":"Bouncing Flask+1","floor":13},{"not_picked":["Endless Agony","Poisoned Stab"],"picked":"Blur+1","floor":14},{"not_picked":["A Thousand Cuts","Malaise+1"],"picked":"Adrenaline+1","floor":16},{"not_picked":["Dagger Throw","Quick Slash","Masterful Stab"],"picked":"SKIP","floor":18},{"not_picked":["Quick Slash","Slice+1"],"picked":"Bouncing Flask+1","floor":21},{"not_picked":["Flechettes","Blur+1"],"picked":"Acrobatics+1","floor":24},{"not_picked":["Crippling Poison+1","Bane+1"],"picked":"Dodge and Roll+1","floor":25},{"not_picked":["Dodge and Roll+1","Poisoned Stab"],"picked":"PiercingWail+1","floor":27},{"not_picked":["Sucker Punch+1","Die Die Die","Accuracy+1"],"picked":"SKIP","floor":29},{"not_picked":["Eviscerate","Blade Dance+1"],"picked":"Well Laid Plans+1","floor":30},{"not_picked":["Envenom+1","Unload"],"picked":"Bullet Time+1","floor":33},{"not_picked":["Slice+1","Backstab+1"],"picked":"Acrobatics+1","floor":35},{"not_picked":["PiercingWail+1","Deflect+1"],"picked":"Backflip+1","floor":37},{"not_picked":["Calculated Gamble+1","Poisoned Stab","Caltrops+1"],"picked":"SKIP","floor":39},{"not_picked":["Slice","Blade Dance+1","Heel Hook"],"picked":"SKIP","floor":40},{"not_picked":["Dagger Throw","Dodge and Roll+1"],"picked":"Corpse Explosion+1","floor":45},{"not_picked":["Well Laid Plans+1","Bane","Underhanded Strike+1"],"picked":"SKIP","floor":46},{"not_picked":["Flying Knee","Deflect+1"],"picked":"Catalyst+1","floor":48},{"not_picked":["Dodge and Roll+1","Skewer+1","Unload"],"picked":"SKIP","floor":54}],"player_experience":134843,"relics_obtained":[{"floor":7,"key":"Toxic Egg 2"},{"floor":9,"key":"Oddly Smooth Stone"},{"floor":12,"key":"Regal Pillow"},{"floor":24,"key":"Ancient Tea Set"},{"floor":29,"key":"HornCleat"},{"floor":37,"key":"Tingsha"},{"floor":40,"key":"Incense Burner"},{"floor":46,"key":"Girya"},{"floor":54,"key":"Mummified Hand"}],"event_choices":[{"damage_healed":0,"gold_gain":0,"player_choice":"Take Wound","damage_taken":0,"relics_obtained":["Golden Idol"],"max_hp_gain":0,"max_hp_loss":0,"event_name":"Golden Idol","floor":3,"gold_loss":0,"cards_obtained":["Injury"]},{"damage_healed":0,"gold_gain":100,"player_choice":"Pray","damage_taken":0,"max_hp_gain":0,"max_hp_loss":0,"event_name":"Golden Shrine","floor":11,"gold_loss":0},{"damage_healed":0,"gold_gain":0,"player_choice":"Opened","damage_taken":0,"relics_obtained":["Frozen Egg 2"],"max_hp_gain":0,"max_hp_loss":0,"event_name":"The Mausoleum","floor":19,"gold_loss":0},{"damage_healed":0,"gold_gain":0,"player_choice":"Fight","damage_taken":0,"max_hp_gain":0,"max_hp_loss":0,"event_name":"MindBloom","floor":37,"gold_loss":0},{"damage_healed":0,"gold_gain":0,"player_choice":"Ignored","damage_taken":0,"max_hp_gain":0,"max_hp_loss":0,"event_name":"Tomb of Lord Red Mask","floor":41,"gold_loss":0},{"damage_healed":0,"gold_gain":0,"player_choice":"Max HP","damage_taken":0,"max_hp_gain":0,"max_hp_loss":4,"event_name":"Winding Halls","floor":44,"gold_loss":0},{"damage_healed":0,"gold_gain":0,"player_choice":"Got Potions","damage_taken":0,"max_hp_gain":0,"max_hp_loss":0,"event_name":"Lab","floor":47,"gold_loss":0}],"is_beta":false,"boss_relics":[{"not_picked":["Ring of the Serpent","Calling Bell"],"picked":"Sozu"},{"not_picked":["Tiny House","Velvet Choker"],"picked":"Fusion Hammer"}],"items_purged_floors":[20,22,31,36,53],"is_endless":false,"potions_floor_spawned":[5,12,14,25,29,30,33,35,39,54],"ascension_level":2}}