{"host":"9mz6x6ekz95y53i5","time":1612290577,"event":{"mods":["AchievementEnabler","BaseMod","Downfall","Energized Spire","FoggyMod","Minty Spire (QoL Compilation)","Reliquary","Replay The Spire","Spicy Shops","StSLib","The Bug Knight","The Servant 0.9.4","¡¾ÒÅÎï¿¨ÅÆ¡¿REMEMod"],"gold_per_floor":[111,36,36,36,152,152,77,77,104,104,104,122,61,80,80,169,232,212,212,212,0,0,0,23,23,23,23,23,23,23,23,23,23,23],"floor_reached":33,"language":"ZHS","playtime":1015,"items_purged":["Strike_G","Defend_G"],"score":475,"play_id":"c9c586c6-b018-43f8-a721-2251d19ace0e","local_time":"20210203022937","is_ascension_mode":true,"campfire_choices":[{"data":"Apotheosis","floor":6.0,"key":"SMITH"},{"floor":8.0,"key":"REST"},{"floor":10.0,"key":"RECALL"},{"data":"ReplayTheSpireMod:Scrap Shanks","floor":15.0,"key":"SMITH"},{"floor":23.0,"key":"REST"},{"floor":27.0,"key":"REST"},{"data":"Terror","floor":32,"key":"SMITH"}],"circlet_count":0,"master_deck":["AscendersBane","Strike_G","Strike_G","Defend_G","Defend_G","Defend_G","Survivor","Neutralize","Apotheosis+1","Bane","Acrobatics","Die Die Die","Bane","ReplayTheSpireMod:Scrap Shanks+1","Poisoned Stab","Expertise","Deadly Poison","Poisoned Stab","Backflip","Terror+1","Underhanded Strike"],"relics":["REME_ComplimentaryCards","The Specimen","Golden Idol","Orichalcum","Sizzling Blood","Tiny House","Enchiridion","Snack Pack","MutagenicStrength"],"acts_visited":["Exordium","TheCity"],"potions_floor_usage":[],"damage_taken":[{"damage":0.0,"enemies":"Small Slimes","floor":1.0,"turns":4.0},{"damage":2.0,"enemies":"Jaw Worm","floor":12.0,"turns":4.0},{"damage":8.0,"enemies":"2 Louse","floor":14.0,"turns":2.0},{"damage":22.0,"enemies":"Slime Boss","floor":16.0,"turns":10.0},{"damage":20.0,"enemies":"2 Thieves","floor":18.0,"turns":4.0},{"damage":9.0,"enemies":"Shell Parasite","floor":24.0,"turns":4.0},{"damage":69,"enemies":"Pondfish","floor":33,"turns":8}],"seed_played":"-3127539676939937026","potions_obtained":[{"floor":12.0,"key":"Slimebound:ThreeZeroPotion"},{"floor":14.0,"key":"SkillPotion"},{"floor":17.0,"key":"EssenceOfSteel"}],"is_trial":false,"path_per_floor":["M","?","?","?","?","R","$","R","T","R","?","M","$","M","R","B",null,"M","?","?","$","?","R","M","?","T","R","$","?","?","M","R","B"],"character_chosen":"THE_SILENT","items_purchased":["ReplayTheSpireMod:Scrap Shanks","Poisoned Stab","Backflip"],"campfire_rested":3,"item_purchase_floors":[13,21,21],"current_hp_per_floor":[59,59,59,59,35,35,35,53,53,53,57,59,59,55,55,37,62,46,25,25,25,25,45,40,40,40,60,60,60,60,60,60,0,0],"gold":23,"neow_bonus":"ONE_RARE_RELIC","is_daily":false,"chose_seed":false,"campfire_upgraded":3,"win_rate":0.0,"timestamp":1612290577,"path_taken":["M","?","?","?","?","R","?","R","T","R","?","?","?","?","R","BOSS","M","?","?","$","?","R","?","?","T","R","?","?","?","?","R","BOSS"],"items_purchased_type":["Card","Card","Card"],"build_version":"2020-12-22","purchased_purges":2,"victory":false,"max_hp_per_floor":[60,60,60,60,60,60,60,60,60,60,64,64,64,64,64,64,69,69,69,69,69,69,69,69,69,69,69,69,69,69,69,69,69,69],"card_choices":[{"not_picked":["Hidden Blade","Quick Slash"],"picked":"Bane","floor":1.0},{"not_picked":["Caltrops","Deflect"],"picked":"Acrobatics","floor":5.0},{"not_picked":["Quick Slash","Acrobatics"],"picked":"Die Die Die","floor":5.0},{"not_picked":["ReplayTheSpireMod:Tripwire","ReplayTheSpireMod:Shiv Toss"],"picked":"Bane","floor":12.0},{"not_picked":["ReplayTheSpireMod:Tripwire","PiercingWail"],"picked":"Poisoned Stab","floor":14.0},{"not_picked":["Atom Bomb","Phantasmal Killer"],"picked":"REME_SpectralBlade","floor":16.0},{"not_picked":["Dagger Spray","ReplayTheSpireMod:Exploit Weakness"],"picked":"Expertise","floor":17.0},{"not_picked":["Deflect","Dodge and Roll"],"picked":"Deadly Poison","floor":18.0},{"not_picked":["ReplayTheSpireMod:Shiv Toss","Leg Sweep","Blade Dance"],"picked":"SKIP","floor":24.0}],"player_experience":212380,"relics_obtained":[{"floor":9.0,"key":"Orichalcum"},{"floor":19.0,"key":"Enchiridion"}],"event_choices":[{"cards_removed":["Defend_G"],"damage_healed":0.0,"max_hp_gain":0.0,"max_hp_loss":0.0,"gold_gain":0.0,"event_name":"The Cleric","player_choice":"Card Removal","floor":2.0,"gold_loss":75.0,"damage_taken":0.0},{"damage_healed":0.0,"max_hp_gain":0.0,"max_hp_loss":0.0,"gold_gain":0.0,"event_name":"Golden Idol","player_choice":"Take Wound","floor":3.0,"gold_loss":0.0,"damage_taken":0.0,"relics_obtained":["Golden Idol"],"cards_obtained":["Injury"]},{"cards_removed":["Injury"],"damage_healed":0.0,"max_hp_gain":0.0,"max_hp_loss":0.0,"gold_gain":0.0,"event_name":"Living Wall","player_choice":"Forget","floor":4.0,"gold_loss":0.0,"damage_taken":0.0},{"damage_healed":0.0,"max_hp_gain":0.0,"max_hp_loss":0.0,"gold_gain":0.0,"event_name":"Cursed Tome","player_choice":"Obtained Book","floor":19.0,"gold_loss":0.0,"damage_taken":21.0},{"damage_healed":0.0,"max_hp_gain":0.0,"max_hp_loss":0.0,"gold_gain":0.0,"event_name":"Vampires","player_choice":"Ignored","floor":20.0,"gold_loss":0.0,"damage_taken":0.0},{"damage_healed":0.0,"max_hp_gain":0.0,"max_hp_loss":0.0,"gold_gain":0.0,"cards_transformed":["Strike_G"],"event_name":"Transmorgrifier","player_choice":"Transformed","floor":22.0,"gold_loss":0.0,"damage_taken":0.0,"cards_obtained":["Terror"]},{"cards_removed":["REME_SpectralBlade"],"damage_healed":0.0,"max_hp_gain":0.0,"max_hp_loss":0.0,"gold_gain":0.0,"event_name":"WeMeetAgain","player_choice":"Gave Card","floor":25.0,"gold_loss":0.0,"damage_taken":0.0,"relics_obtained":["Snack Pack"]},{"damage_healed":0.0,"max_hp_gain":0.0,"max_hp_loss":0.0,"gold_gain":0.0,"event_name":"The Library","player_choice":"Read","floor":29.0,"gold_loss":0.0,"damage_taken":0.0,"cards_obtained":["Underhanded Strike"]},{"damage_healed":0.0,"max_hp_gain":0.0,"max_hp_loss":0.0,"gold_gain":0.0,"event_name":"Drug Dealer","player_choice":"Inject Mutagens","floor":30.0,"gold_loss":0.0,"damage_taken":0.0,"relics_obtained":["MutagenicStrength"]},{"cards_removed":["Strike_G"],"damage_healed":0,"gold_gain":0,"player_choice":"Elegance","damage_taken":0,"max_hp_gain":0,"max_hp_loss":0,"event_name":"Back to Basics","floor":31,"gold_loss":0}],"is_beta":false,"boss_relics":[{"not_picked":["energizedSpire:MagnifyingGlass","Fusion Hammer"],"picked":"Tiny House"}],"items_purged_floors":[7,21],"is_endless":false,"potions_floor_spawned":[12,14],"killed_by":"Pondfish","ascension_level":20}}