{"host":"Alvar","time":1612262752,"event":{"mods":["AchievementEnabler","BaseMod","Minty Spire (QoL Compilation)","StSLib"],"gold_per_floor":[116,116,116,116,134,168,188,214,214,227,238,65,65,140,140,140,140],"floor_reached":16,"language":"ENG","playtime":286,"items_purged":[],"score":263,"play_id":"7b6ecd53-4cc4-417f-8cf6-e1fe2a706607","local_time":"20210202174552","is_ascension_mode":true,"campfire_choices":[{"floor":13,"key":"REST"},{"floor":15,"key":"REST"}],"circlet_count":0,"master_deck":["AscendersBane","Strike_B+1","Strike_B","Strike_B","Strike_B","Defend_B","Defend_B","Defend_B","Defend_B+1","Zap","Dualcast","Sweeping Beam","Buffer","Cold Snap","Streamline","Ball Lightning"],"relics":["Cracked Core","NeowsBlessing","PreservedInsect","Singing Bowl","Strawberry","Bag of Preparation","Toy Ornithopter","ClockworkSouvenir"],"acts_visited":["Exordium"],"potions_floor_usage":[],"damage_taken":[{"damage":0,"enemies":"Small Slimes","floor":1,"turns":1},{"damage":0,"enemies":"Jaw Worm","floor":5,"turns":1},{"damage":0,"enemies":"3 Sentries","floor":6,"turns":1},{"damage":1,"enemies":"Cultist","floor":7,"turns":4},{"damage":6,"enemies":"Gremlin Nob","floor":8,"turns":3},{"damage":29,"enemies":"Exordium Wildlife","floor":10,"turns":6},{"damage":3,"enemies":"Looter","floor":11,"turns":3},{"damage":0,"enemies":"Slime Boss","floor":16,"turns":6}],"seed_played":"7309382217332448549","potions_obtained":[{"floor":1,"key":"Swift Potion"},{"floor":5,"key":"Dexterity Potion"},{"floor":8,"key":"Weak Potion"}],"is_trial":false,"path_per_floor":["M","?","?","T","M","E","M","E","T","M","M","$","R","?","R","B"],"character_chosen":"DEFECT","items_purchased":["ClockworkSouvenir"],"campfire_rested":2,"item_purchase_floors":[12],"current_hp_per_floor":[64,59,38,38,38,47,46,42,42,13,10,10,34,23,47,47,47],"gold":140,"neow_bonus":"THREE_ENEMY_KILL","is_daily":false,"chose_seed":false,"campfire_upgraded":0,"win_rate":0.0,"timestamp":1612262752,"path_taken":["M","?","?","?","M","E","M","E","T","M","?","$","R","?","R","BOSS"],"items_purchased_type":["Relic"],"build_version":"2020-12-18","purchased_purges":0,"victory":false,"max_hp_per_floor":[71,71,71,71,71,80,80,82,82,82,82,82,82,82,82,82,82],"card_choices":[{"not_picked":["Static Discharge","Leap"],"picked":"Sweeping Beam","floor":1},{"not_picked":["Coolheaded","Beam Cell"],"picked":"Buffer","floor":5},{"not_picked":["Coolheaded","Chill","Storm"],"picked":"Singing Bowl","floor":6},{"not_picked":["Gash","Beam Cell"],"picked":"Cold Snap","floor":7},{"not_picked":["Steam","Turbo","Blizzard"],"picked":"Singing Bowl","floor":8},{"not_picked":["Auto Shields","Steam"],"picked":"Streamline","floor":10},{"not_picked":["Gash","Cold Snap"],"picked":"Ball Lightning","floor":11}],"player_experience":797193,"relics_obtained":[{"floor":4,"key":"Singing Bowl"},{"floor":6,"key":"Strawberry"},{"floor":8,"key":"Bag of Preparation"},{"floor":9,"key":"Toy Ornithopter"}],"event_choices":[{"damage_healed":0,"gold_gain":0,"player_choice":"Success","damage_taken":5,"relics_obtained":["PreservedInsect"],"max_hp_gain":0,"max_hp_loss":0,"event_name":"Scrap Ooze","floor":2,"gold_loss":0},{"damage_healed":0,"gold_gain":0,"player_choice":"Entered Light","damage_taken":21,"max_hp_gain":0,"max_hp_loss":0,"event_name":"Shining Light","floor":3,"gold_loss":0,"cards_upgraded":["Strike_B","Defend_B"]},{"damage_healed":0,"gold_gain":75,"player_choice":"Gather Gold","damage_taken":11,"max_hp_gain":0,"max_hp_loss":0,"event_name":"World of Goop","floor":14,"gold_loss":0}],"is_beta":true,"boss_relics":[],"items_purged_floors":[],"is_endless":false,"potions_floor_spawned":[1,5,8],"killed_by":"Slime Boss","ascension_level":19}}