{"host":"mw3dmj42qtkbha4b","time":1612274173,"event":{"mods":["BaseMod","Colored Map","Colored Powertips","DeckTracker","Minty Spire (QoL Compilation)","StSLib","SuperFastMode"],"gold_per_floor":[116,128,148,148,148,176,176,194,194,119,119,119,119,19,19,19,19],"floor_reached":16,"language":"KOR","playtime":341,"items_purged":["Pain","Defend_P"],"score":196,"play_id":"f6c1595d-8faf-46dc-94a8-5466f8537531","local_time":"20210202225613","is_ascension_mode":true,"campfire_choices":[{"floor":7.0,"key":"REST"},{"data":"Eruption","floor":15,"key":"SMITH"}],"circlet_count":0,"master_deck":["AscendersBane","Strike_P","Strike_P","Strike_P","Strike_P","Defend_P","Defend_P","Defend_P","Eruption+1","Vigilance","Judgement+1"],"relics":["PureWater","NeowsBlessing","WarpedTongs","Toxic Egg 2","Meat on the Bone"],"acts_visited":["Exordium"],"potions_floor_usage":[],"damage_taken":[{"damage":0.0,"enemies":"Cultist","floor":1.0,"turns":1.0},{"damage":0.0,"enemies":"Jaw Worm","floor":2.0,"turns":1.0},{"damage":0.0,"enemies":"2 Louse","floor":3.0,"turns":1.0},{"damage":51.0,"enemies":"3 Sentries","floor":6.0,"turns":14.0},{"damage":11.0,"enemies":"2 Fungi Beasts","floor":8.0,"turns":3.0},{"damage":16,"enemies":"Hexaghost","floor":16,"turns":2}],"seed_played":"5064549616329573596","potions_obtained":[{"floor":1.0,"key":"Block Potion"}],"is_trial":false,"path_per_floor":["M","M","M","$","?","E","R","M","T","$","?","?","?","$","R","B"],"character_chosen":"WATCHER","items_purchased":[],"campfire_rested":1,"item_purchase_floors":[],"current_hp_per_floor":[61,61,61,61,61,10,30,19,19,19,24,13,13,13,13,0,0],"gold":19,"neow_bonus":"THREE_ENEMY_KILL","is_daily":false,"chose_seed":false,"campfire_upgraded":1,"win_rate":0.0,"timestamp":1612274173,"path_taken":["M","M","?","$","?","E","R","?","T","$","?","?","?","?","R","BOSS"],"items_purchased_type":[],"build_version":"2020-12-22","purchased_purges":2,"victory":false,"max_hp_per_floor":[68,68,68,68,68,68,68,68,68,68,73,73,73,73,73,73,73],"card_choices":[{"not_picked":["Halt","FlyingSleeves","ThirdEye"],"picked":"SKIP","floor":1.0},{"not_picked":["Conclude","SashWhip","CutThroughFate"],"picked":"SKIP","floor":2.0},{"not_picked":["ThirdEye","EmptyFist","Study"],"picked":"SKIP","floor":3.0},{"not_picked":["CutThroughFate","BowlingBash","SashWhip"],"picked":"SKIP","floor":6.0},{"not_picked":["FollowUp","MentalFortress"],"picked":"Judgement+1","floor":8.0}],"player_experience":1784485,"relics_obtained":[{"floor":6.0,"key":"Toxic Egg 2"}],"event_choices":[{"damage_healed":0.0,"max_hp_gain":0.0,"max_hp_loss":0.0,"gold_gain":0.0,"event_name":"Accursed Blacksmith","player_choice":"Rummage","floor":5.0,"gold_loss":0.0,"damage_taken":0.0,"relics_obtained":["WarpedTongs"],"cards_obtained":["Pain"]},{"damage_healed":0,"gold_gain":0,"player_choice":"Donut","damage_taken":0,"max_hp_gain":5,"max_hp_loss":0,"event_name":"Big Fish","floor":11,"gold_loss":0},{"damage_healed":0,"gold_gain":0,"player_choice":"Success","damage_taken":11,"relics_obtained":["Meat on the Bone"],"max_hp_gain":0,"max_hp_loss":0,"event_name":"Scrap Ooze","floor":12,"gold_loss":0},{"damage_healed":0,"gold_gain":0,"player_choice":"Ignored","damage_taken":0,"max_hp_gain":0,"max_hp_loss":0,"event_name":"Liars Game","floor":13,"gold_loss":0}],"is_beta":false,"boss_relics":[],"items_purged_floors":[10,14],"is_endless":false,"potions_floor_spawned":[1],"killed_by":"Hexaghost","ascension_level":20}}