{"host":"3y2rtlgteqp2nuo3","time":1612231061,"event":{"mods":["2.2 Compatiblity","AchievementEnabler","BaseMod","Colored Map","DeckTracker","Highlight Path","Keyboard Shortcuts","Minty Spire (QoL Compilation)","Permanent Neow","Quick Restart","StSLib","SuperFastMode","everything is the same but u backflip on backflip"],"gold_per_floor":[109,129,142,142,158,158,176,176,199,199,224,224,123,136,136,214,214,231,231,243,259,93,93,103,103,128,128,128,146,161,161,161,161,161],"floor_reached":33,"language":"KOR","playtime":757,"items_purged":["Strike_G"],"score":461,"play_id":"cccd3532-9e21-48c2-81da-24145a18572e","local_time":"20210202105741","is_ascension_mode":true,"campfire_choices":[{"data":"Crippling Poison","floor":6.0,"key":"SMITH"},{"floor":15.0,"key":"REST"},{"floor":23.0,"key":"REST"},{"floor":25.0,"key":"REST"},{"floor":32,"key":"REST"}],"circlet_count":0,"master_deck":["AscendersBane","Strike_G+1","Strike_G+1","Strike_G+1","Defend_G+1","Defend_G+1","Defend_G+1","Defend_G+1","Defend_G+1","Survivor","Neutralize","Panacea","Eviscerate","Crippling Poison+1","Bane","Noxious Fumes","Masterful Stab","Poisoned Stab","Bane","Adrenaline","Bouncing Flask","Catalyst","Bouncing Flask+1"],"relics":["Ring of the Snake","Regal Pillow","Art of War","White Beast Statue","Tiny Chest","SacredBark","OrangePellets","Anchor","FaceOfCleric","Shuriken"],"acts_visited":["Exordium","TheCity"],"potions_floor_usage":[33],"damage_taken":[{"damage":2.0,"enemies":"Jaw Worm","floor":1.0,"turns":7.0},{"damage":0.0,"enemies":"Small Slimes","floor":2.0,"turns":4.0},{"damage":0.0,"enemies":"Cultist","floor":3.0,"turns":4.0},{"damage":25.0,"enemies":"Lots of Slimes","floor":5.0,"turns":5.0},{"damage":0.0,"enemies":"2 Fungi Beasts","floor":7.0,"turns":3.0},{"damage":19.0,"enemies":"Lagavulin","floor":11.0,"turns":6.0},{"damage":2.0,"enemies":"3 Louse","floor":14.0,"turns":3.0},{"damage":49.0,"enemies":"Slime Boss","floor":16.0,"turns":12.0},{"damage":0.0,"enemies":"3 Byrds","floor":18.0,"turns":4.0},{"damage":10.0,"enemies":"Shell Parasite","floor":20.0,"turns":6.0},{"damage":29.0,"enemies":"Shelled Parasite and Fungi","floor":21.0,"turns":5.0},{"damage":22.0,"enemies":"Centurion and Healer","floor":24.0,"turns":7.0},{"damage":27,"enemies":"Sentry and Sphere","floor":29,"turns":4},{"damage":13,"enemies":"Snecko","floor":30,"turns":4},{"damage":80,"enemies":"Champ","floor":33,"turns":9}],"seed_played":"-2898288874548853363","potions_obtained":[{"floor":1.0,"key":"Block Potion"},{"floor":3.0,"key":"ColorlessPotion"},{"floor":11.0,"key":"DuplicationPotion"},{"floor":14.0,"key":"Fruit Juice"},{"floor":16.0,"key":"Dexterity Potion"},{"floor":18.0,"key":"CultistPotion"},{"floor":20.0,"key":"BlessingOfTheForge"},{"floor":21.0,"key":"Block Potion"}],"is_trial":false,"path_per_floor":["M","M","M","?","M","R","M","?","T","T","E","?","$","M","R","B",null,"M","?","M","M","$","R","M","R","T","?","T","M","M","?","R","B"],"character_chosen":"THE_SILENT","items_purchased":["Poisoned Stab","OrangePellets"],"campfire_rested":4,"item_purchase_floors":[13,22],"current_hp_per_floor":[57,57,57,57,32,32,32,32,32,32,13,13,13,16,52,3,54,54,54,44,15,15,51,29,65,65,65,65,39,27,27,63,0,0],"gold":161,"neow_bonus":"RANDOM_COLORLESS","is_daily":false,"chose_seed":false,"campfire_upgraded":1,"win_rate":0.0,"timestamp":1612231061,"path_taken":["M","M","M","?","M","R","M","?","T","?","E","?","$","M","R","BOSS","M","?","M","M","$","R","M","R","T","?","?","M","?","?","R","BOSS"],"items_purchased_type":["Card","Relic"],"build_version":"2020-12-22","purchased_purges":1,"victory":false,"max_hp_per_floor":[66,66,66,66,66,66,66,66,66,66,66,66,66,71,71,71,71,71,71,71,71,71,71,71,71,71,71,71,72,73,73,73,73,73],"card_choices":[{"not_picked":["Deep Breath","Finesse"],"picked":"Panacea","floor":0.0},{"not_picked":["Infinite Blades","Slice"],"picked":"Eviscerate","floor":1.0},{"not_picked":["Outmaneuver","Flying Knee"],"picked":"Crippling Poison","floor":2.0},{"not_picked":["Prepared","Backflip"],"picked":"Bane","floor":3.0},{"not_picked":["Well Laid Plans","Bane","Dodge and Roll"],"picked":"SKIP","floor":5.0},{"not_picked":["Cloak And Dagger","Masterful Stab"],"picked":"Noxious Fumes","floor":7.0},{"not_picked":["All Out Attack","Dash"],"picked":"Masterful Stab","floor":11.0},{"not_picked":["Dagger Throw","Underhanded Strike"],"picked":"Bane","floor":14.0},{"not_picked":["Grand Finale","Doppelganger"],"picked":"Adrenaline","floor":16.0},{"not_picked":["PiercingWail+1","Quick Slash"],"picked":"Bouncing Flask","floor":18.0},{"not_picked":["PiercingWail","Underhanded Strike","Noxious Fumes"],"picked":"SKIP","floor":20.0},{"not_picked":["Backstab","Expertise","Accuracy"],"picked":"SKIP","floor":21.0},{"not_picked":["Poisoned Stab","All Out Attack"],"picked":"Catalyst","floor":24.0},{"not_picked":["Concentrate","Acrobatics"],"picked":"Bouncing Flask+1","floor":29},{"not_picked":["Dodge and Roll","Reflex","Deflect"],"picked":"SKIP","floor":30}],"player_experience":744370,"relics_obtained":[{"floor":9.0,"key":"Art of War"},{"floor":10.0,"key":"White Beast Statue"},{"floor":11.0,"key":"Tiny Chest"},{"floor":26.0,"key":"Anchor"},{"floor":28,"key":"Shuriken"}],"event_choices":[{"cards_removed":["Strike_G"],"damage_healed":0.0,"max_hp_gain":0.0,"max_hp_loss":0.0,"gold_gain":0.0,"event_name":"Living Wall","player_choice":"Forget","floor":4.0,"gold_loss":0.0,"damage_taken":0.0},{"damage_healed":0.0,"max_hp_gain":0.0,"max_hp_loss":0.0,"gold_gain":0.0,"event_name":"Dead Adventurer","player_choice":"Searched \u00272\u0027 times","floor":8.0,"gold_loss":0.0,"damage_taken":0.0,"relics_obtained":["Regal Pillow"]},{"damage_healed":0.0,"max_hp_gain":0.0,"max_hp_loss":0.0,"gold_gain":0.0,"event_name":"Golden Idol","player_choice":"Ignored","floor":12.0,"gold_loss":0.0,"damage_taken":0.0},{"damage_healed":0.0,"max_hp_gain":0.0,"max_hp_loss":0.0,"gold_gain":0.0,"event_name":"Ghosts","player_choice":"Ignored","floor":19.0,"gold_loss":0.0,"damage_taken":0.0},{"damage_healed":0,"gold_gain":0,"player_choice":"Trade","damage_taken":0,"relics_obtained":["FaceOfCleric"],"max_hp_gain":0,"max_hp_loss":0,"event_name":"FaceTrader","floor":27,"gold_loss":0},{"damage_healed":0,"gold_gain":0,"player_choice":"Simplicity","damage_taken":0,"max_hp_gain":0,"max_hp_loss":0,"event_name":"Back to Basics","floor":31,"gold_loss":0,"cards_upgraded":["Strike_G","Strike_G","Strike_G","Defend_G","Defend_G","Defend_G","Defend_G","Defend_G"]}],"is_beta":false,"boss_relics":[{"not_picked":["Snecko Eye","Velvet Choker"],"picked":"SacredBark"}],"items_purged_floors":[13],"is_endless":false,"potions_floor_spawned":[1,3,11,14,16,18,20,21,24,29,30],"killed_by":"Champ","ascension_level":17}}