{"host":"utqe55yv0jihe4d6","time":1612303597,"event":{"mods":["2.2 Compatiblity","AchievementEnabler","BaseMod","Block Reminder","Colored Map","Colored Powertips","Minty Spire (QoL Compilation)","Quick Restart","Rare Cards Sparkle","Relic Stats","SuperFastMode"],"gold_per_floor":[112,132,142,142,71,71,102,116,143,29,29,44,44,44],"floor_reached":13,"language":"ENG","playtime":326,"items_purged":["Strike_R"],"score":170,"play_id":"99224961-43ed-414a-a227-5d40e3929758","local_time":"20210202170637","is_ascension_mode":true,"campfire_choices":[{"data":"Uppercut","floor":6,"key":"SMITH"},{"data":"Inflame","floor":11,"key":"SMITH"}],"circlet_count":0,"master_deck":["AscendersBane","Strike_R","Strike_R","Strike_R","Strike_R","Defend_R","Defend_R","Defend_R","Defend_R","Bash","Uppercut+1","Rage","Evolve","Inflame+1","Headbutt","Rupture","Feed"],"relics":["Burning Blood","MealTicket","Tiny Chest","Juzu Bracelet"],"acts_visited":["Exordium"],"potions_floor_usage":[12,13],"damage_taken":[{"damage":15,"enemies":"Small Slimes","floor":1,"turns":5},{"damage":16,"enemies":"2 Louse","floor":2,"turns":3},{"damage":9,"enemies":"Cultist","floor":3,"turns":4},{"damage":47,"enemies":"Lagavulin","floor":7,"turns":7},{"damage":3,"enemies":"3 Louse","floor":8,"turns":5},{"damage":20,"enemies":"Exordium Thugs","floor":12,"turns":5},{"damage":23,"enemies":"Gremlin Nob","floor":13,"turns":3}],"seed_played":"8181372386016110353","potions_obtained":[{"floor":2,"key":"Dexterity Potion"},{"floor":7,"key":"SteroidPotion"},{"floor":8,"key":"SkillPotion"}],"is_trial":false,"path_per_floor":["M","M","M","?","?","R","E","M","T","$","R","M","E"],"character_chosen":"IRONCLAD","items_purchased":["Rupture"],"campfire_rested":0,"item_purchase_floors":[10],"current_hp_per_floor":[66,56,53,58,58,58,17,20,20,35,35,21,0,0],"gold":44,"neow_bonus":"TEN_PERCENT_HP_BONUS","is_daily":false,"chose_seed":false,"campfire_upgraded":2,"win_rate":0.0,"timestamp":1612303597,"path_taken":["M","M","M","?","?","R","E","?","T","$","R","M","E"],"items_purchased_type":["Card"],"build_version":"2020-12-22","purchased_purges":1,"victory":false,"max_hp_per_floor":[82,82,82,87,87,87,87,87,87,87,87,87,87,87],"relic_stats":{"counters":[7,32],"MealTicket":15,"Tiny Chest":0,"Juzu Bracelet":0,"obtain_stats":[{"MealTicket":5,"Tiny Chest":7,"Juzu Bracelet":9,"Burning Blood":0},{"MealTicket":3,"Tiny Chest":4,"Juzu Bracelet":5,"Burning Blood":0},{"MealTicket":12,"Tiny Chest":19,"Juzu Bracelet":24,"Burning Blood":0}],"Burning Blood":36},"card_choices":[{"not_picked":["Heavy Blade","Bloodletting"],"picked":"Uppercut","floor":1},{"not_picked":["Evolve","Power Through"],"picked":"Rage","floor":2},{"not_picked":["Sever Soul","Iron Wave"],"picked":"Evolve","floor":3},{"not_picked":["Havoc","Clothesline"],"picked":"Inflame","floor":7},{"not_picked":["Warcry","Armaments"],"picked":"Headbutt","floor":8},{"not_picked":["Wild Strike","Rage"],"picked":"Feed","floor":12}],"player_experience":2991525,"relics_obtained":[{"floor":7,"key":"Tiny Chest"},{"floor":9,"key":"Juzu Bracelet"}],"event_choices":[{"damage_healed":0,"gold_gain":0,"player_choice":"Donut","damage_taken":0,"max_hp_gain":5,"max_hp_loss":0,"event_name":"Big Fish","floor":4,"gold_loss":0},{"damage_healed":0,"gold_gain":0,"player_choice":"Paid Gold","damage_taken":0,"relics_obtained":["MealTicket"],"max_hp_gain":0,"max_hp_loss":0,"event_name":"WeMeetAgain","floor":5,"gold_loss":71}],"is_beta":false,"boss_relics":[],"items_purged_floors":[10],"is_endless":false,"potions_floor_spawned":[2,7,8],"killed_by":"Gremlin Nob","ascension_level":20}}