{"host":"gf8hyl7jhl0is674","time":1612294955,"event":{"mods":["2.2 Compatiblity","Act Like it!","Aspiration","BaseMod","CapriCore","Chen","Colored Map","Gensokyo","Hallownest","Jorbs\u0027s Wanderer Trilogy","Koishi","Marisa????????","Minty Spire (QoL Compilation)","Onozuka Komachi Mod","Permanent Neow","Reimu??????","StSLib","The Administrix","The Blue Laboratory","The Immortal","The Jungle","The Servant 0.9.4","Waifu the Spire","Yakumo Yukari mod"],"gold_per_floor":[18,30,30,43,57,85,85],"floor_reached":6,"language":"ENG","playtime":403,"items_purged":[],"score":48,"play_id":"35037649-82cb-4882-a675-a957325ea7d1","local_time":"20210202124235","is_ascension_mode":false,"campfire_choices":[],"circlet_count":0,"master_deck":["Strike_P","Strike_P","Defend_P","Defend_P","Defend_P","Eruption","Vigilance","MasterReality","CutThroughFate","Prostrate","Outmaneuver","Poisoned Stab","Finisher","Perseverance","Devotion"],"relics":["PureWater","Lantern"],"acts_visited":["Hallownest:Greenpath"],"potions_floor_usage":[],"damage_taken":[{"damage":0,"enemies":"Hallownest:2_MossCreeps","floor":1,"turns":5},{"damage":1,"enemies":"Hallownest:2_Baldur","floor":2,"turns":4},{"damage":0,"enemies":"Hallownest:monsterHuskWarrior","floor":4,"turns":3},{"damage":40,"enemies":"Hallownest:Guard_and_Warrior","floor":5,"turns":9},{"damage":20,"enemies":"Hallownest:eliteMossKnight","floor":6,"turns":8}],"seed_played":"3014944173198012013","potions_obtained":[{"floor":4,"key":"blueLaboratory:EpiphanyPotion"},{"floor":5,"key":"blueLaboratory:HorrorPotion"}],"is_trial":false,"path_per_floor":["M","M","?","M","M","E"],"character_chosen":"WATCHER","items_purchased":[],"campfire_rested":0,"item_purchase_floors":[],"current_hp_per_floor":[72,71,71,71,31,11,11],"gold":85,"neow_bonus":"THREE_RARE_CARDS","is_daily":false,"chose_seed":false,"campfire_upgraded":0,"win_rate":0.0,"timestamp":1612294955,"path_taken":["M","M","?","?","?","E"],"items_purchased_type":[],"build_version":"2020-12-22","purchased_purges":0,"victory":false,"max_hp_per_floor":[72,72,72,72,72,72,72],"card_choices":[{"not_picked":["Devotion","Vault"],"picked":"MasterReality","floor":0},{"not_picked":["BowlingBash","Evaluate"],"picked":"CutThroughFate","floor":1},{"not_picked":["FlyingSleeves","SashWhip"],"picked":"Prostrate","floor":2},{"not_picked":["Wallop","Halt"],"picked":"Perseverance","floor":4},{"not_picked":["SandsOfTime","WaveOfTheHand","Evaluate"],"picked":"SKIP","floor":5},{"not_picked":["BowlingBash","FollowUp"],"picked":"Devotion","floor":6}],"player_experience":406999,"relics_obtained":[{"floor":6,"key":"Lantern"}],"event_choices":[],"is_beta":false,"boss_relics":[],"items_purged_floors":[],"is_endless":false,"potions_floor_spawned":[4,5],"killed_by":"Hallownest:eliteMossKnight","ascension_level":0}}