{"host":"l6vifo5ajdb3p20b","time":1612271184,"event":{"mods":["2.2 Compatiblity","BaseMod","Better Altar","Better Sensory Stone","Better Skull","Better Third Choice","BetterRewards","Block Reminder","Booster Modes","Card Forge","Colored Map","Defuse TimeMaze Blight","Energized Spire","Evolution","Mad Scientist","Marisa????????","Minty Spire (QoL Compilation)","Relic Stats","Robot Space Explorer","StSLib","The Blackbeard","The Necromancer"],"gold_per_floor":[119,138,8,8,27,70,70,70,119,152,172,172,172,186,186,311,311,324,324,338,361,376,376,417,417,440,440,454,454,454,490,490,490,490],"floor_reached":33,"language":"ENG","playtime":2492,"items_purged":[],"score":362,"play_id":"53556539-e91d-4495-9225-e7945c97819e","local_time":"20210202200624","is_ascension_mode":true,"campfire_choices":[{"data":"RobotSpaceExplorer:StarLightning","floor":7,"key":"SMITH"},{"data":"RobotSpaceExplorer:Multitool","floor":13,"key":"SMITH"},{"data":"RobotSpaceExplorer:PowerGlove","floor":15,"key":"SMITH"},{"data":"RobotSpaceExplorer:Arsenal","floor":23,"key":"SMITH"},{"data":"RobotSpaceExplorer:Comet","floor":25,"key":"SMITH"},{"floor":30,"key":"REST"},{"data":"Secret Technique","floor":32,"key":"SMITH"}],"circlet_count":0,"master_deck":["RobotSpaceExplorer:Strike","RobotSpaceExplorer:Strike","RobotSpaceExplorer:Strike","RobotSpaceExplorer:Strike","RobotSpaceExplorer:Defend","RobotSpaceExplorer:Defend+1","RobotSpaceExplorer:Defend","RobotSpaceExplorer:Defend+1","RobotSpaceExplorer:Scan","RobotSpaceExplorer:MiniLasers","RobotSpaceExplorer:ScrapMissile","RobotSpaceExplorer:RigExplosive","RobotSpaceExplorer:ScrapToss","RobotSpaceExplorer:StarLightning+1","RobotSpaceExplorer:PlasmaMissile","RobotSpaceExplorer:Multitool+1","RobotSpaceExplorer:GearShield","RobotSpaceExplorer:PowerGlove+1","RobotSpaceExplorer:Comet+1","RobotSpaceExplorer:FranticSearch+1","RobotSpaceExplorer:FranticSearch+1","RobotSpaceExplorer:Pulsar+1","RobotSpaceExplorer:Arsenal+1","RobotSpaceExplorer:Pulsar","RobotSpaceExplorer:GlueShot+1","Thinking Ahead","Secret Technique+1","RobotSpaceExplorer:Jetpack+1"],"relics":["RobotSpaceExplorer:RoboCore","Hammer of Thor","Seething Fire","Anvil of the Gods","EVO:Axolotl","Golden Idol","Anchor","Smiling Mask","Question Card","energizedSpire:MagnifyingGlass","Bag of Preparation","War Paint","Nilry\u0027s Codex","Blood Vial"],"acts_visited":["Exordium","TheCity"],"potions_floor_usage":[6,6,10,10,10,14,16,16,18,18,21,22,24,24,31,33,33,33],"damage_taken":[{"damage":0,"enemies":"Small Slimes","floor":1,"turns":3},{"damage":2,"enemies":"2 Louse","floor":2,"turns":3},{"damage":1,"enemies":"Jaw Worm","floor":5,"turns":4},{"damage":9,"enemies":"Lagavulin","floor":6,"turns":6},{"damage":11,"enemies":"3 Sentries","floor":10,"turns":5},{"damage":2,"enemies":"Blue Slaver","floor":11,"turns":3},{"damage":0,"enemies":"Large Slime","floor":14,"turns":4},{"damage":0,"enemies":"Slime Boss","floor":16,"turns":5},{"damage":0,"enemies":"Chosen","floor":18,"turns":4},{"damage":17,"enemies":"Spheric Guardian","floor":20,"turns":4},{"damage":8,"enemies":"Snecko","floor":21,"turns":6},{"damage":8,"enemies":"Shelled Parasite and Fungi","floor":22,"turns":6},{"damage":8,"enemies":"Gremlin Leader","floor":24,"turns":5},{"damage":5,"enemies":"Snake Plant","floor":28,"turns":3},{"damage":5,"enemies":"Book of Stabbing","floor":31,"turns":5},{"damage":60,"enemies":"Champ","floor":33,"turns":8}],"seed_played":"-7802383994094803744","potions_obtained":[{"floor":2,"key":"Energy Potion"},{"floor":6,"key":"DuplicationPotion"},{"floor":11,"key":"Energy Potion"},{"floor":16,"key":"PowerPotion"}],"is_trial":false,"path_per_floor":["M","M","$","?","M","E","R","?","T","E","M","?","R","M","R","B",null,"M","?","M","M","M","R","E","R","T","?","M","?","R","E","R","B"],"character_chosen":"RobotSpaceExplorer","items_purchased":["RobotSpaceExplorer:RecyclePotion","RobotSpaceExplorer:ScrapToss"],"campfire_rested":1,"item_purchase_floors":[3,3],"current_hp_per_floor":[82,80,80,60,59,50,50,34,34,23,21,48,48,48,48,48,82,82,82,65,57,49,49,41,41,41,25,20,20,44,39,39,0,0],"gold":490,"neow_bonus":"TEN_PERCENT_HP_BONUS","is_daily":false,"chose_seed":false,"campfire_upgraded":6,"win_rate":0.0,"timestamp":1612271184,"path_taken":["M","M","$","?","M","E","R","?","T","E","M","?","R","M","R","BOSS","M","?","M","M","M","R","E","R","T","?","M","?","R","E","R","BOSS"],"items_purchased_type":["Potion","Card"],"build_version":"2020-12-22","purchased_purges":0,"victory":false,"max_hp_per_floor":[82,82,82,82,82,82,82,82,82,82,82,82,82,82,82,82,82,82,82,82,82,82,82,82,82,82,82,82,82,82,82,82,82,82],"relic_stats":{"Blood Vial":2,"counters":[16,74],"Golden Idol":84,"Bag of Preparation":[6],"War Paint":["RobotSpaceExplorer:FranticSearch","RobotSpaceExplorer:Pulsar"],"Smiling Mask":0,"Question Card":12,"obtain_stats":[{"Golden Idol":4,"Nilry\u0027s Codex":27,"RobotSpaceExplorer:RoboCore":0,"Hammer of Thor":0,"Bag of Preparation":24,"EVO:Axolotl":0,"Seething Fire":0,"War Paint":26,"Smiling Mask":9,"Question Card":10,"Blood Vial":31,"Anchor":6,"Anvil of the Gods":0,"energizedSpire:MagnifyingGlass":17},{"Golden Idol":2,"Nilry\u0027s Codex":13,"RobotSpaceExplorer:RoboCore":0,"Hammer of Thor":0,"Bag of Preparation":13,"EVO:Axolotl":0,"Seething Fire":0,"War Paint":13,"Smiling Mask":4,"Question Card":5,"Blood Vial":15,"Anchor":4,"Anvil of the Gods":0,"energizedSpire:MagnifyingGlass":8},{"Golden Idol":6,"Nilry\u0027s Codex":58,"RobotSpaceExplorer:RoboCore":0,"Hammer of Thor":0,"Bag of Preparation":58,"EVO:Axolotl":0,"Seething Fire":0,"War Paint":58,"Smiling Mask":16,"Question Card":21,"Blood Vial":66,"Anchor":16,"Anvil of the Gods":0,"energizedSpire:MagnifyingGlass":33}]},"card_choices":[{"not_picked":["RobotSpaceExplorer:StarDust","RobotSpaceExplorer:Discharger"],"picked":"RobotSpaceExplorer:ScrapMissile","floor":1},{"not_picked":["RobotSpaceExplorer:GlueShot","RobotSpaceExplorer:ShockKick"],"picked":"RobotSpaceExplorer:RigExplosive","floor":2},{"not_picked":["RobotSpaceExplorer:MiniBoosters","RobotSpaceExplorer:BigMissile"],"picked":"RobotSpaceExplorer:StarLightning","floor":5},{"not_picked":["RobotSpaceExplorer:FreezingShield","RobotSpaceExplorer:JunkDive"],"picked":"RobotSpaceExplorer:PlasmaMissile","floor":6},{"not_picked":["RobotSpaceExplorer:GlueShot","RobotSpaceExplorer:RigExplosive"],"picked":"RobotSpaceExplorer:Multitool","floor":10},{"not_picked":["RobotSpaceExplorer:Counterblock","RobotSpaceExplorer:Jetpack","RobotSpaceExplorer:ExhaustFan"],"picked":"RobotSpaceExplorer:GearShield","floor":11},{"not_picked":["RobotSpaceExplorer:SurgingStrike","RobotSpaceExplorer:SurgingShield","RobotSpaceExplorer:DoubleFind"],"picked":"RobotSpaceExplorer:PowerGlove","floor":14},{"not_picked":["RobotSpaceExplorer:BlastShield","RobotSpaceExplorer:DroneSwarm","RobotSpaceExplorer:Exploration"],"picked":"RobotSpaceExplorer:Comet","floor":16},{"not_picked":["RobotSpaceExplorer:ScrapMissile+1","RobotSpaceExplorer:SlimeMissile","RobotSpaceExplorer:Probe+1"],"picked":"RobotSpaceExplorer:FranticSearch","floor":18},{"not_picked":["RobotSpaceExplorer:Calculate","RobotSpaceExplorer:Probe","RobotSpaceExplorer:Electroshield+1"],"picked":"RobotSpaceExplorer:FranticSearch+1","floor":20},{"not_picked":["RobotSpaceExplorer:FrostMissile","RobotSpaceExplorer:ScrapMissile","RobotSpaceExplorer:Ammunition"],"picked":"RobotSpaceExplorer:Pulsar","floor":21},{"not_picked":["RobotSpaceExplorer:SlimeMissile","RobotSpaceExplorer:MiniBoosters","RobotSpaceExplorer:Electropulse"],"picked":"RobotSpaceExplorer:Arsenal","floor":22},{"not_picked":["RobotSpaceExplorer:ScrapShield","RobotSpaceExplorer:SurgingStrike","RobotSpaceExplorer:Ammunition"],"picked":"RobotSpaceExplorer:Pulsar","floor":24},{"not_picked":["RobotSpaceExplorer:MetalStrike","RobotSpaceExplorer:ImprovisedAttack","RobotSpaceExplorer:ExhaustFan+1"],"picked":"RobotSpaceExplorer:GlueShot+1","floor":28},{"not_picked":["Dramatic Entrance","Good Instincts","The Bomb"],"picked":"Thinking Ahead","floor":29},{"not_picked":["Forethought","PanicButton","Thinking Ahead"],"picked":"Secret Technique","floor":29},{"not_picked":["RobotSpaceExplorer:PowerCollector","RobotSpaceExplorer:FranticSearch","RobotSpaceExplorer:Calculate"],"picked":"RobotSpaceExplorer:Jetpack+1","floor":31}],"player_experience":1137737,"relics_obtained":[{"floor":6,"key":"Anchor"},{"floor":9,"key":"Smiling Mask"},{"floor":10,"key":"Question Card"},{"floor":24,"key":"Bag of Preparation"},{"floor":26,"key":"War Paint"},{"floor":27,"key":"Nilry\u0027s Codex"},{"floor":31,"key":"Blood Vial"}],"event_choices":[{"damage_healed":0,"gold_gain":0,"player_choice":"Take Damage","damage_taken":20,"relics_obtained":["Golden Idol"],"max_hp_gain":0,"max_hp_loss":0,"event_name":"Golden Idol","floor":4,"gold_loss":0},{"damage_healed":50,"gold_gain":0,"player_choice":"Upgrade","damage_taken":16,"max_hp_gain":0,"max_hp_loss":82,"event_name":"betterThird:BetterShining","floor":8,"gold_loss":0,"cards_upgraded":["RobotSpaceExplorer:Defend","RobotSpaceExplorer:Defend"]},{"damage_healed":27,"gold_gain":0,"player_choice":"Banana","damage_taken":0,"max_hp_gain":0,"max_hp_loss":0,"event_name":"Big Fish","floor":12,"gold_loss":0},{"damage_healed":0,"gold_gain":0,"player_choice":"Ignored","damage_taken":0,"max_hp_gain":0,"max_hp_loss":0,"event_name":"Ghosts","floor":19,"gold_loss":0},{"damage_healed":0,"gold_gain":0,"player_choice":"Obtained Book","damage_taken":16,"max_hp_gain":0,"max_hp_loss":0,"event_name":"Cursed Tome","floor":27,"gold_loss":0},{"damage_healed":0,"gold_gain":2,"player_choice":"1","damage_taken":0,"max_hp_gain":0,"max_hp_loss":0,"event_name":"betterStone:BetterStone","floor":29,"gold_loss":0}],"is_beta":false,"boss_relics":[{"not_picked":["RobotSpaceExplorer:Reprocessor","energizedSpire:CursedPentagram"],"picked":"energizedSpire:MagnifyingGlass"}],"items_purged_floors":[],"is_endless":false,"potions_floor_spawned":[2,6,11,16,20,21,22],"killed_by":"Champ","ascension_level":1}}