{"host":"xrk7zhg70ipmpx3n","time":1612235826,"event":{"mods":["BaseMod","Colored Map","Downfall","Highlight Path","Minty Spire (QoL Compilation)","StSLib"],"gold_per_floor":[110,120,195,48,59,59,72,98,121,121,121,155,1,16,16,142,142,163,77,77,77,100,100,114,147,174,199,213,213,237,256,256,256,256],"floor_reached":33,"language":"ENG","playtime":2867,"items_purged":[],"score":279,"play_id":"922e3a3b-ff50-454a-9be4-6793d6ac94c2","local_time":"20210202131706","is_ascension_mode":false,"campfire_choices":[{"data":"Double Energy","floor":6,"key":"SMITH"},{"floor":10,"key":"REST"},{"floor":15,"key":"REST"},{"data":"Rainbow","floor":23,"key":"SMITH"},{"floor":29,"key":"REST"},{"data":"Cold Snap","floor":32,"key":"SMITH"}],"circlet_count":0,"master_deck":["Defend_B+1","Defend_B+1","Defend_B+1","Defend_B+1","Zap","Dualcast","Self Repair","Sweeping Beam","Double Energy+1","Gash","Loop","Redo","FTL","Rainbow+1","Ball Lightning","Hologram","Static Discharge","Slimebound:Tackle+1","Slimebound:Tackle+1","Slimebound:Tackle+1","Gash","Ball Lightning+1","Cold Snap+1","Go for the Eyes","Coolheaded","Sweeping Beam","Leap"],"relics":["Cracked Core","Bronze Scales","Regal Pillow","MealTicket","PreservedInsect","Golden Idol","Toy Ornithopter","Strawberry","Inserter","Darkstone Periapt","Oddly Smooth Stone"],"acts_visited":["Exordium","TheCity"],"potions_floor_usage":[16,16,27,28,31,33],"damage_taken":[{"damage":6,"enemies":"Cultist","floor":1,"turns":3},{"damage":5,"enemies":"Jaw Worm","floor":2,"turns":4},{"damage":1,"enemies":"2 Louse","floor":5,"turns":2},{"damage":22,"enemies":"Exordium Thugs","floor":7,"turns":4},{"damage":20,"enemies":"3 Sentries","floor":8,"turns":6},{"damage":28,"enemies":"Gremlin Nob","floor":12,"turns":3},{"damage":0,"enemies":"Large Slime","floor":14,"turns":5},{"damage":52,"enemies":"Slime Boss","floor":16,"turns":8},{"damage":13,"enemies":"3 Byrds","floor":18,"turns":3},{"damage":11,"enemies":"Spheric Guardian","floor":22,"turns":3},{"damage":24,"enemies":"3 Cultists","floor":24,"turns":4},{"damage":40,"enemies":"Slavers","floor":25,"turns":4},{"damage":12,"enemies":"Cultist and Chosen","floor":27,"turns":6},{"damage":9,"enemies":"Centurion and Healer","floor":28,"turns":6},{"damage":7,"enemies":"Snecko","floor":30,"turns":5},{"damage":5,"enemies":"Chosen and Byrds","floor":31,"turns":4},{"damage":75,"enemies":"Automaton","floor":33,"turns":6}],"seed_played":"6946421980495205846","potions_obtained":[{"floor":5,"key":"GamblersBrew"},{"floor":7,"key":"SteroidPotion"},{"floor":8,"key":"DuplicationPotion"},{"floor":25,"key":"sneckomod:MuddlingPotion"},{"floor":28,"key":"FearPotion"},{"floor":31,"key":"ColorlessPotion"}],"is_trial":false,"path_per_floor":["M","M","?","$","M","R","M","E","T","R","?","E","$","M","R","B",null,"M","$","?","?","M","R","M","E","T","M","M","R","M","M","R","B"],"character_chosen":"DEFECT","items_purchased":["Regal Pillow","Strawberry","Hologram","Static Discharge"],"campfire_rested":3,"item_purchase_floors":[4,13,19,19],"current_hp_per_floor":[69,71,60,60,66,66,51,38,38,75,57,36,58,65,82,47,82,76,82,82,82,78,78,61,21,21,21,24,63,63,70,70,0,0],"gold":256,"neow_bonus":"RANDOM_COMMON_RELIC","is_daily":false,"chose_seed":false,"campfire_upgraded":3,"win_rate":0.0,"timestamp":1612235826,"path_taken":["M","M","?","$","M","R","M","E","T","R","?","E","?","M","R","BOSS","M","$","?","?","M","R","M","E","T","?","M","R","M","M","R","BOSS"],"items_purchased_type":["Relic","Relic","Card","Card"],"build_version":"2020-12-22","purchased_purges":0,"victory":false,"max_hp_per_floor":[75,75,75,75,75,75,75,75,75,75,75,75,82,82,82,82,82,82,82,82,82,82,82,82,82,82,82,82,82,82,82,82,82,82],"card_choices":[{"not_picked":["Compile Driver","Hologram"],"picked":"Self Repair","floor":1},{"not_picked":["Beam Cell","Reinforced Body"],"picked":"Sweeping Beam","floor":2},{"not_picked":["Gash","Hologram"],"picked":"Double Energy","floor":5},{"not_picked":["Leap","Compile Driver"],"picked":"Gash","floor":7},{"not_picked":["Reinforced Body","Compile Driver"],"picked":"Loop","floor":8},{"not_picked":["Thunder Strike","Tempest"],"picked":"Redo","floor":12},{"not_picked":["Steam","Storm"],"picked":"FTL","floor":14},{"not_picked":["Amplify","Echo Form"],"picked":"Rainbow","floor":16},{"not_picked":["Genetic Algorithm","Cold Snap"],"picked":"Ball Lightning","floor":18},{"not_picked":["Beam Cell","Scrape"],"picked":"Gash","floor":22},{"not_picked":["Steam Power+1","Capacitor"],"picked":"Ball Lightning+1","floor":24},{"not_picked":["Beam Cell+1","Conserve Battery"],"picked":"Cold Snap","floor":25},{"not_picked":["Steam","Streamline"],"picked":"Go for the Eyes","floor":27},{"not_picked":["Beam Cell","Capacitor"],"picked":"Coolheaded","floor":28},{"not_picked":["Compile Driver","Gash"],"picked":"Sweeping Beam","floor":30},{"not_picked":["Redo","Capacitor"],"picked":"Leap","floor":31}],"player_experience":12703,"relics_obtained":[{"floor":8,"key":"MealTicket"},{"floor":9,"key":"PreservedInsect"},{"floor":12,"key":"Toy Ornithopter"},{"floor":25,"key":"Darkstone Periapt"},{"floor":26,"key":"Oddly Smooth Stone"}],"event_choices":[{"damage_healed":0,"gold_gain":75,"player_choice":"Gather Gold","damage_taken":11,"max_hp_gain":0,"max_hp_loss":0,"event_name":"World of Goop","floor":3,"gold_loss":0},{"damage_healed":0,"gold_gain":0,"player_choice":"Take Damage","damage_taken":18,"relics_obtained":["Golden Idol"],"max_hp_gain":0,"max_hp_loss":0,"event_name":"Golden Idol","floor":11,"gold_loss":0},{"damage_healed":0,"gold_gain":0,"player_choice":"Simplicity","damage_taken":0,"max_hp_gain":0,"max_hp_loss":0,"event_name":"Back to Basics","floor":21,"gold_loss":0,"cards_upgraded":["Defend_B","Defend_B","Defend_B","Defend_B"]}],"is_beta":false,"boss_relics":[{"not_picked":["Nuclear Battery","Busted Crown"],"picked":"Inserter"}],"items_purged_floors":[],"is_endless":false,"potions_floor_spawned":[5,7,8,25,28,31],"killed_by":"Automaton","ascension_level":0}}