{"host":"klrvvo16pazy794l","time":1612286777,"event":{"mods":["BaseMod","Minty Spire (QoL Compilation)"],"gold_per_floor":[115,131,147,160,180,180,208,226,252,252,427,427,6,18,18,121,121,134,49,64,64,75,103,103,118,118,118,118,66,79,108,108,204,204,223,223,238,238,111,141,141,141,194,244,244,24,36,91,91,91,91,91,18,50,50,50],"floor_reached":55,"language":"ENG","playtime":2737,"items_purged":["Doubt"],"score":962,"play_id":"c708dc6c-c6e0-4ec5-b62b-8db66db6fcec","local_time":"20210202112617","is_ascension_mode":true,"campfire_choices":[{"data":"Eruption","floor":6,"key":"SMITH"},{"floor":10,"key":"REST"},{"data":"Ragnarok","floor":15,"key":"SMITH"},{"data":"Perseverance","floor":24,"key":"SMITH"},{"data":"Evaluate","floor":32,"key":"SMITH"},{"floor":41,"key":"RECALL"},{"data":"BattleHymn","floor":45,"key":"SMITH"},{"floor":49,"key":"REST"},{"data":"MentalFortress","floor":52,"key":"SMITH"}],"circlet_count":0,"master_deck":["Eruption+1","Vigilance+1","BattleHymn","Perseverance+1","FlyingSleeves+1","InnerPeace","Ragnarok+1","Tantrum+1","FearNoEvil","Study+1","CutThroughFate","FlurryOfBlows","Evaluate+1","BattleHymn+1","Conclude+1","Halt+1","PathToVictory+1","Vault+1","FlurryOfBlows+1","FollowUp+1","SandsOfTime+1","PathToVictory+1","MentalFortress+1","JustLucky+1","DeceiveReality+1","Judgement+1","Adaptation+1","Panacea+1"],"relics":["Pandora\u0027s Box","Molten Egg 2","Centennial Puzzle","Membership Card","Bag of Marbles","Toxic Egg 2","Black Star","War Paint","Whetstone","Nunchaku","Mummified Hand","Darkstone Periapt","Sundial","Omamori","Cursed Key","Pear","InkBottle","Meat on the Bone","Happy Flower","Thread and Needle","Regal Pillow","CeramicFish","TungstenRod","Boot","Bottled Flame","White Beast Statue"],"acts_visited":["Exordium","TheCity","TheBeyond","TheEnding"],"potions_floor_usage":[7,16,23,31,33,44,48,50,54],"damage_taken":[{"damage":0,"enemies":"2 Louse","floor":1,"turns":2},{"damage":7,"enemies":"Jaw Worm","floor":2,"turns":2},{"damage":19,"enemies":"Small Slimes","floor":3,"turns":2},{"damage":3,"enemies":"Looter","floor":4,"turns":2},{"damage":12,"enemies":"Large Slime","floor":5,"turns":2},{"damage":0,"enemies":"Gremlin Nob","floor":7,"turns":2},{"damage":24,"enemies":"Exordium Wildlife","floor":8,"turns":2},{"damage":0,"enemies":"Blue Slaver","floor":14,"turns":1},{"damage":0,"enemies":"Slime Boss","floor":16,"turns":4},{"damage":19,"enemies":"Shell Parasite","floor":18,"turns":3},{"damage":11,"enemies":"2 Thieves","floor":20,"turns":2},{"damage":0,"enemies":"3 Cultists","floor":22,"turns":2},{"damage":12,"enemies":"Gremlin Leader","floor":23,"turns":5},{"damage":14,"enemies":"Cultist and Chosen","floor":25,"turns":5},{"damage":0,"enemies":"Snecko","floor":30,"turns":2},{"damage":27,"enemies":"Book of Stabbing","floor":31,"turns":5},{"damage":42,"enemies":"Champ","floor":33,"turns":8},{"damage":0,"enemies":"3 Shapes","floor":35,"turns":1},{"damage":8,"enemies":"3 Darklings","floor":37,"turns":4},{"damage":17,"enemies":"Reptomancer","floor":40,"turns":6},{"damage":19,"enemies":"Mind Bloom Boss Battle","floor":44,"turns":3},{"damage":0,"enemies":"Transient","floor":47,"turns":6},{"damage":19,"enemies":"2 Orb Walkers","floor":48,"turns":4},{"damage":60,"enemies":"Awakened One","floor":50,"turns":6},{"damage":58,"enemies":"Shield and Spear","floor":54,"turns":4},{"damage":116,"enemies":"The Heart","floor":55,"turns":3}],"seed_played":"-2107644123689474809","potions_obtained":[{"floor":1,"key":"Explosive Potion"},{"floor":3,"key":"Regen Potion"},{"floor":4,"key":"SkillPotion"},{"floor":16,"key":"Explosive Potion"},{"floor":20,"key":"SteroidPotion"},{"floor":30,"key":"Regen Potion"},{"floor":33,"key":"SteroidPotion"},{"floor":40,"key":"StancePotion"}],"is_trial":false,"path_per_floor":["M","M","M","M","M","R","E","M","T","R","?","?","$","M","R","B",null,"M","?","M","?","M","E","R","M","T","T","?","$","M","E","R","B",null,"M","?","M","?","$","E","R","?","T","?","R","$","M","?","R","B",null,"R","$","E","B"],"character_chosen":"WATCHER","items_purchased":["Membership Card","Bag of Marbles","Toxic Egg 2","Halt+1","FairyPotion","Pear","Regal Pillow","PowerPotion","StancePotion","CeramicFish","Boot"],"campfire_rested":2,"item_purchase_floors":[13,13,13,13,29,39,46,46,46,46,53],"current_hp_per_floor":[72,65,46,43,31,31,31,7,7,28,28,28,28,28,28,40,72,53,53,42,66,66,54,54,40,40,40,40,40,40,27,27,21,72,72,72,64,64,74,57,57,57,57,50,50,50,50,43,82,34,82,82,82,36,0,0],"gold":50,"neow_bonus":"BOSS_RELIC","is_daily":false,"chose_seed":false,"campfire_upgraded":6,"win_rate":0.0,"timestamp":1612286777,"path_taken":["M","M","M","M","M","R","E","M","T","R","?","?","$","M","R","BOSS","M","?","M","?","M","E","R","M","T","?","?","$","M","E","R","BOSS","M","?","M","?","$","E","R","?","T","?","R","$","?","?","R","BOSS","R","$","E","BOSS"],"items_purchased_type":["Relic","Relic","Relic","Card","Potion","Relic","Relic","Potion","Potion","Relic","Relic"],"build_version":"2020-12-22","purchased_purges":1,"victory":false,"max_hp_per_floor":[72,72,72,72,72,72,72,72,72,72,72,72,72,72,72,72,72,72,72,72,72,72,72,72,72,72,72,72,72,72,72,72,72,72,72,72,72,72,82,82,82,82,82,82,82,82,82,82,82,82,82,82,82,82,82,82],"card_choices":[{"not_picked":["EmptyMind","Worship"],"picked":"Study","floor":1},{"not_picked":["Wireheading","FlyingSleeves"],"picked":"CutThroughFate","floor":2},{"not_picked":["Crescendo","TalkToTheHand"],"picked":"FlurryOfBlows","floor":3},{"not_picked":["CutThroughFate","EmptyFist","FlyingSleeves"],"picked":"SKIP","floor":4},{"not_picked":["InnerPeace","Protect"],"picked":"Evaluate","floor":5},{"not_picked":["TalkToTheHand+1","Study"],"picked":"BattleHymn","floor":7},{"not_picked":["Meditate","SignatureMove+1"],"picked":"Conclude+1","floor":8},{"not_picked":["ClearTheMind+1","Tantrum+1"],"picked":"PathToVictory+1","floor":14},{"not_picked":["Alpha+1","Ragnarok+1"],"picked":"Vault+1","floor":16},{"not_picked":["BowlingBash+1","SashWhip+1"],"picked":"FlurryOfBlows+1","floor":18},{"not_picked":["Collect+1","EmptyBody+1"],"picked":"FollowUp+1","floor":20},{"not_picked":["SignatureMove+1","Weave+1"],"picked":"SandsOfTime+1","floor":22},{"not_picked":["CrushJoints+1","Consecrate+1"],"picked":"PathToVictory+1","floor":23},{"not_picked":["Perseverance+1","CrushJoints+1"],"picked":"MentalFortress","floor":25},{"not_picked":["Protect+1","Crescendo+1"],"picked":"JustLucky+1","floor":30},{"not_picked":["WheelKick+1","Consecrate+1"],"picked":"DeceiveReality+1","floor":31},{"not_picked":["ConjureBlade+1","LessonLearned+1"],"picked":"Judgement+1","floor":33},{"not_picked":["SashWhip+1","PathToVictory+1"],"picked":"Adaptation+1","floor":35},{"not_picked":["Consecrate+1","Collect+1","TalkToTheHand+1"],"picked":"SKIP","floor":37},{"not_picked":["BowlingBash+1","Wallop+1","SashWhip+1"],"picked":"SKIP","floor":40},{"not_picked":["Mayhem","Enlightenment+1"],"picked":"Panacea+1","floor":42},{"not_picked":["BowlingBash+1","FlurryOfBlows+1","BattleHymn"],"picked":"SKIP","floor":47},{"not_picked":["Judgement+1","Worship+1","FlyingSleeves+1"],"picked":"SKIP","floor":54}],"player_experience":506235,"relics_obtained":[{"floor":7,"key":"Molten Egg 2"},{"floor":9,"key":"Centennial Puzzle"},{"floor":23,"key":"Whetstone"},{"floor":23,"key":"Nunchaku"},{"floor":27,"key":"Mummified Hand"},{"floor":31,"key":"Sundial"},{"floor":31,"key":"Omamori"},{"floor":40,"key":"InkBottle"},{"floor":40,"key":"Meat on the Bone"},{"floor":43,"key":"Happy Flower"},{"floor":44,"key":"Thread and Needle"},{"floor":48,"key":"TungstenRod"},{"floor":54,"key":"Bottled Flame"},{"floor":54,"key":"White Beast Statue"}],"event_choices":[{"damage_healed":0,"gold_gain":175,"player_choice":"AGREE","damage_taken":0,"max_hp_gain":0,"max_hp_loss":0,"event_name":"Liars Game","floor":11,"gold_loss":0,"cards_obtained":["Doubt"]},{"damage_healed":0,"gold_gain":0,"player_choice":"Grow","damage_taken":0,"max_hp_gain":0,"max_hp_loss":0,"event_name":"Living Wall","floor":12,"gold_loss":0,"cards_upgraded":["Study"]},{"damage_healed":0,"gold_gain":0,"player_choice":"Obtained Relic","damage_taken":0,"relics_obtained":["War Paint"],"max_hp_gain":0,"max_hp_loss":0,"event_name":"Addict","floor":19,"gold_loss":85},{"damage_healed":24,"gold_gain":0,"player_choice":"Heal","damage_taken":0,"max_hp_gain":0,"max_hp_loss":0,"event_name":"The Library","floor":21,"gold_loss":0},{"damage_healed":0,"gold_gain":0,"player_choice":"Opened","damage_taken":0,"relics_obtained":["Darkstone Periapt"],"max_hp_gain":0,"max_hp_loss":0,"event_name":"The Mausoleum","floor":28,"gold_loss":0},{"cards_removed":["Worship"],"damage_healed":0,"gold_gain":0,"player_choice":"Removed Skill","damage_taken":0,"max_hp_gain":0,"max_hp_loss":0,"event_name":"Falling","floor":36,"gold_loss":0},{"damage_healed":0,"gold_gain":0,"player_choice":"Ignored","damage_taken":0,"max_hp_gain":0,"max_hp_loss":0,"event_name":"Tomb of Lord Red Mask","floor":38,"gold_loss":0},{"damage_healed":0,"gold_gain":0,"player_choice":"Memory 1","damage_taken":0,"max_hp_gain":0,"max_hp_loss":0,"event_name":"SensoryStone","floor":42,"gold_loss":0},{"damage_healed":0,"gold_gain":0,"player_choice":"Fight","damage_taken":0,"max_hp_gain":0,"max_hp_loss":0,"event_name":"MindBloom","floor":44,"gold_loss":0},{"damage_healed":0,"gold_gain":0,"player_choice":"Fight","damage_taken":0,"max_hp_gain":0,"max_hp_loss":0,"event_name":"Mysterious Sphere","floor":48,"gold_loss":0}],"is_beta":false,"boss_relics":[{"not_picked":["Runic Dome","Velvet Choker"],"picked":"Black Star"},{"not_picked":["VioletLotus","Snecko Eye"],"picked":"Cursed Key"}],"items_purged_floors":[13],"is_endless":false,"potions_floor_spawned":[1,3,4,16,20,30,33,40,47],"killed_by":"The Heart","ascension_level":4}}