{"host":"9viy3memdfgcf4vy","time":1612297852,"event":{"mods":["BaseMod","Colored Map","Downfall","Minty Spire (QoL Compilation)","StSLib"],"gold_per_floor":[0,19,30,130,141,241,266,312,328,353,253,403,435,32,50,155,155,155,170,190,22,122,122,122,136,161,176,76,76,76,109,127,227,227,227,238,256,271,271,287,287,187,212,212,227,256,256,226,244,244,244,276,26,26,26,26],"floor_reached":57,"language":"ENG","playtime":7655,"items_purged":["downfall:Icky","Guardian:Strike_Guardian"],"score":1426,"play_id":"b1e645b3-4c27-4f94-9470-ed46ddee1e91","local_time":"20210202223052","is_ascension_mode":true,"campfire_choices":[{"floor":1,"key":"RECALL"},{"data":"Guardian:WalkerClaw","floor":11,"key":"SMITH"},{"data":"Guardian:FloatingOrbs","floor":18,"key":"SMITH"},{"data":"J.A.X.","floor":28,"key":"SMITH"},{"data":"Guardian:Orbwalk","floor":35,"key":"SMITH"},{"floor":42,"key":"REST"},{"floor":47,"key":"REST"},{"data":"Guardian:ConstructionForm","floor":54,"key":"SMITH"}],"circlet_count":0,"master_deck":["Guardian:Defend_Guardian+1","Guardian:Defend_Guardian","Guardian:CurlUp","Guardian:TwinSlam","Guardian:WalkerClaw+1","Guardian:SpikerProtocol","Guardian:Recover+1","Guardian:ShieldCharger","Guardian:Planning","Guardian:FloatingOrbs+1","Guardian:FloatingOrbs","Guardian:ShieldCharger","Guardian:ConstructionForm+1","Guardian:RollAttack+1","Guardian:PolyBeam","Guardian:Emergency","Guardian:ChargeCore","J.A.X.+1","Guardian:DonusPower+1","Guardian:BodySlam","Guardian:EvasiveProtocol+1","Guardian:Orbwalk+1","Guardian:CrystalBeam+1","Guardian:SphericShield","Guardian:ExploitGems","Guardian:TimeCapacitor","Guardian:DecasProtection","Guardian:TemporalShield+1","Guardian:Gem_Crimson","Apotheosis","Guardian:ShieldCharger","Guardian:EvasiveProtocol","Guardian:FloatingOrbs","Guardian:ArmoredProtocol+1"],"relics":["Guardian:ModeShifter","War Paint","CaptainsWheel","White Beast Statue","downfall:HeartBlessingRed","MawBank","TungstenRod","Runic Pyramid","bronze:DonusWashers","MutagenicStrength","Mummified Hand","PreservedInsect","downfall:HeartBlessingGreen","MealTicket","Mango","Black Star","downfall:HeartBlessingBlue","Happy Flower","Omamori","Guardian:PickAxe","Meat on the Bone","Kunai","Bottled Flame","bronze:DecasWashers"],"acts_visited":["Exordium","TheCity","TheBeyond","TheEnding"],"potions_floor_usage":[8,13,16,16,31,40,50,50,50,50,56],"damage_taken":[{"damage":1,"enemies":"Cultist","floor":2,"turns":4},{"damage":0,"enemies":"2 Louse","floor":3,"turns":2},{"damage":2,"enemies":"Small Slimes","floor":5,"turns":4},{"damage":12,"enemies":"Gremlin Nob","floor":8,"turns":5},{"damage":0,"enemies":"2 Fungi Beasts","floor":9,"turns":3},{"damage":13,"enemies":"3 Sentries","floor":10,"turns":10},{"damage":0,"enemies":"Gremlin Nob","floor":13,"turns":3},{"damage":2,"enemies":"downfall:FleeingMerchant","floor":14,"turns":4},{"damage":5,"enemies":"3 Louse","floor":15,"turns":4},{"damage":3,"enemies":"SI_SHIV_ARCHETYPE","floor":16,"turns":7},{"damage":0,"enemies":"Shell Parasite","floor":19,"turns":6},{"damage":5,"enemies":"Cultist and Chosen","floor":20,"turns":6},{"damage":0,"enemies":"downfall:FleeingMerchant","floor":21,"turns":4},{"damage":2,"enemies":"downfall:Augmenter","floor":22,"turns":6},{"damage":0,"enemies":"Centurion and Healer","floor":25,"turns":3},{"damage":3,"enemies":"Gremlin Leader","floor":26,"turns":4},{"damage":8,"enemies":"Chosen and Byrds","floor":27,"turns":4},{"damage":0,"enemies":"Book of Stabbing","floor":31,"turns":3},{"damage":0,"enemies":"Snecko","floor":32,"turns":3},{"damage":13,"enemies":"DF_ARCHETYPE_CLAW","floor":33,"turns":6},{"damage":10,"enemies":"3 Shapes","floor":36,"turns":3},{"damage":14,"enemies":"3 Darklings","floor":37,"turns":3},{"damage":6,"enemies":"Transient","floor":38,"turns":5},{"damage":21,"enemies":"Jaw Worm Horde","floor":40,"turns":5},{"damage":4,"enemies":"Nemesis","floor":43,"turns":5},{"damage":4,"enemies":"Sphere and 2 Shapes","floor":45,"turns":4},{"damage":34,"enemies":"Reptomancer","floor":46,"turns":5},{"damage":2,"enemies":"downfall:FleeingMerchant","floor":48,"turns":4},{"damage":4,"enemies":"Maw","floor":49,"turns":5},{"damage":0,"enemies":"IC_BLOCK_ARCHETYPE","floor":50,"turns":7},{"damage":3,"enemies":"downfall:CharBossMerchant","floor":52,"turns":6},{"damage":21,"enemies":"downfall:NeowBoss","floor":55,"turns":12},{"damage":81,"enemies":"downfall:NeowBossFinal","floor":56,"turns":9}],"seed_played":"-1903113284588095168","potions_obtained":[{"floor":5,"key":"ColorlessPotion"},{"floor":10,"key":"SteroidPotion"},{"floor":13,"key":"SteroidPotion"},{"floor":14,"key":"bronze:BurnAndBuffPotion"},{"floor":15,"key":"Fire Potion"},{"floor":16,"key":"SkillPotion"},{"floor":19,"key":"LiquidMemories"},{"floor":20,"key":"SpeedPotion"},{"floor":31,"key":"Energy Potion"},{"floor":33,"key":"FairyPotion"},{"floor":40,"key":"Fruit Juice"},{"floor":43,"key":"EntropicBrew"},{"floor":52,"key":"LiquidMemories"}],"is_trial":false,"path_per_floor":["R","M","M","?","M","?","T","E","M","E","R","?","E","$","M","B",null,"R","M","M","$","?","?","T","M","E","M","R","?","?","E","M","B",null,"R","M","M","M","?","M","T","R","E","?","M","E","R","$","M","B",null,"E","$","R","B","B",null],"character_chosen":"GUARDIAN","items_purchased":["TungstenRod","Guardian:FloatingOrbs","bronze:DonusWashers","Apotheosis","Guardian:ShieldCharger","Guardian:EvasiveProtocol","bronze:DecasWashers"],"campfire_rested":2,"item_purchase_floors":[14,14,21,48,48,48,53],"current_hp_per_floor":[80,79,79,79,77,77,77,65,65,52,52,52,52,50,45,42,80,80,80,75,75,73,73,73,73,70,62,62,62,62,76,76,63,94,94,84,70,64,64,48,48,90,86,86,82,48,80,93,89,89,109,106,109,109,88,19],"gold":26,"neow_bonus":"REMOVE_TWO","is_daily":false,"chose_seed":false,"campfire_upgraded":5,"win_rate":0.0,"timestamp":1612297852,"path_taken":["R","M","M","?","M","?","T","E","?","E","R","?","E","$","M","BOSS","R","M","M","$","?","?","T","M","E","M","R","?","?","E","M","BOSS","R","M","M","M","?","?","T","R","E","?","M","E","R","$","M","BOSS","E","$","R","BOSS","BOSS"],"items_purchased_type":["Relic","Card","Relic","Card","Card","Card","Relic"],"build_version":"2020-12-22","purchased_purges":2,"victory":true,"max_hp_per_floor":[80,80,80,80,80,80,80,80,80,80,80,80,80,80,80,80,80,80,80,80,80,80,80,80,80,80,80,80,80,80,94,94,94,94,94,94,94,94,94,99,99,109,109,109,109,109,109,109,109,109,109,109,109,109,109,109],"card_choices":[{"not_picked":["Guardian:CrystalBeam","Guardian:PrismaticBeam"],"picked":"Guardian:WalkerClaw","floor":2},{"not_picked":["Guardian:BronzeArmor","Guardian:Gem_Green"],"picked":"Guardian:SpikerProtocol","floor":3},{"not_picked":["Guardian:PrimingBeam","Guardian:Gem_Green"],"picked":"Guardian:Recover","floor":5},{"not_picked":["Guardian:TemporalStrike","Guardian:ArmoredProtocol"],"picked":"Guardian:ShieldCharger","floor":8},{"not_picked":["Guardian:Repulse","Guardian:VentSteam"],"picked":"Guardian:Planning","floor":9},{"not_picked":["Guardian:PiercingHide","Guardian:Gem_White"],"picked":"Guardian:Gem_Synthetic","floor":10},{"not_picked":["Guardian:Harden","Guardian:EvasiveProtocol"],"picked":"Guardian:Gem_Red","floor":13},{"not_picked":["Guardian:ChargeCore","Guardian:WalkerClaw"],"picked":"Guardian:FloatingOrbs","floor":14},{"not_picked":["Guardian:WalkerClaw","Guardian:TemporalStrike"],"picked":"Guardian:ShieldCharger","floor":15},{"not_picked":["Guardian:StasisStrike","Guardian:FastForward"],"picked":"Guardian:ConstructionForm","floor":16},{"not_picked":["Guardian:PiercingHide","Guardian:VentSteam"],"picked":"Guardian:RollAttack+1","floor":19},{"not_picked":["Guardian:ChargeCore","Guardian:Gem_Lightblue"],"picked":"Guardian:Gem_White","floor":20},{"not_picked":["Guardian:Recover","Guardian:Repulse"],"picked":"Guardian:PolyBeam","floor":21},{"not_picked":[],"picked":"J.A.X.","floor":22},{"not_picked":["Guardian:Gem_Blue","Guardian:Gem_Crimson"],"picked":"Guardian:DonusPower+1","floor":22},{"not_picked":["Guardian:Harden","Guardian:Gem_Blue"],"picked":"Guardian:BodySlam","floor":25},{"not_picked":["Guardian:PrimingBeam","Guardian:RefractedBeam"],"picked":"Guardian:Gem_Orange","floor":26},{"not_picked":["Guardian:CrystalBeam","Guardian:Gem_Cyan"],"picked":"Guardian:EvasiveProtocol+1","floor":27},{"not_picked":["Guardian:ShieldSpikes","Guardian:Incinerate+1"],"picked":"Guardian:CrystalBeam+1","floor":31},{"not_picked":["Guardian:TemporalShield","Guardian:WalkerClaw"],"picked":"Guardian:SphericShield","floor":32},{"not_picked":["Guardian:GatlingBeam","Guardian:HyperBeam_Guardian"],"picked":"Guardian:ExploitGems","floor":33},{"not_picked":["Guardian:RollAttack+1","Guardian:Reroute","Guardian:ShieldSpikes+1"],"picked":"SKIP","floor":36},{"not_picked":["Guardian:ShieldCharger","Guardian:TemporalStrike"],"picked":"Guardian:TimeCapacitor","floor":37},{"not_picked":["Guardian:Repulse","Guardian:VentSteam","Guardian:PrimingBeam"],"picked":"SKIP","floor":38},{"not_picked":["Guardian:Incinerate","Guardian:Emergency+1"],"picked":"Guardian:DecasProtection","floor":40},{"not_picked":["Guardian:CrystalBeam+1","Guardian:WalkerClaw+1"],"picked":"Guardian:TemporalShield+1","floor":43},{"not_picked":["Guardian:Planning+1","Guardian:ShieldCharger"],"picked":"Guardian:Gem_Green","floor":45},{"not_picked":["Guardian:GatlingBeam","Guardian:ShieldSpikes+1"],"picked":"Guardian:Gem_Red","floor":46},{"not_picked":["Guardian:Suspension","Guardian:ArmoredProtocol+1"],"picked":"Guardian:Gem_Crimson","floor":48},{"not_picked":["Guardian:Planning","Guardian:PiercingHide+1"],"picked":"Guardian:FloatingOrbs","floor":49},{"not_picked":["Guardian:Gem_Green","Guardian:Gem_Cyan"],"picked":"Guardian:ArmoredProtocol+1","floor":52}],"player_experience":461197,"relics_obtained":[{"floor":7,"key":"War Paint"},{"floor":8,"key":"CaptainsWheel"},{"floor":10,"key":"White Beast Statue"},{"floor":13,"key":"MawBank"},{"floor":22,"key":"MutagenicStrength"},{"floor":24,"key":"Mummified Hand"},{"floor":26,"key":"PreservedInsect"},{"floor":31,"key":"Mango"},{"floor":43,"key":"Happy Flower"},{"floor":43,"key":"Omamori"},{"floor":46,"key":"Guardian:PickAxe"},{"floor":46,"key":"Meat on the Bone"},{"floor":52,"key":"Kunai"},{"floor":52,"key":"Bottled Flame"}],"event_choices":[{"damage_healed":0,"gold_gain":0,"player_choice":"Read","damage_taken":0,"max_hp_gain":0,"max_hp_loss":0,"event_name":"The Library","floor":29,"gold_loss":0,"cards_obtained":["Guardian:Orbwalk"]},{"damage_healed":0,"gold_gain":0,"player_choice":"Stole Relic","damage_taken":0,"relics_obtained":["MealTicket"],"max_hp_gain":0,"max_hp_loss":0,"event_name":"Addict","floor":30,"gold_loss":0,"cards_obtained":["Pride"]}],"is_beta":false,"boss_relics":[{"not_picked":["Pandora\u0027s Box","Tiny House"],"picked":"Runic Pyramid"},{"not_picked":["Coffee Dripper","Guardian:StasisSlotReductionRelic"],"picked":"Black Star"}],"items_purged_floors":[14,48],"is_endless":false,"potions_floor_spawned":[5,10,13,14,15,16,19,20,21,22,25,26,27,31,32,33,36,37,38,40,43,45,46,48,49,52],"ascension_level":1}}