{"host":"61r95uy0hn86b9iu","time":1612224196,"event":{"mods":["AchievementEnabler","BaseMod","Better Vampires","BetterRewards","Colored Powertips","Hubris","Minty Spire (QoL Compilation)","Shop Mod","StSLib"],"gold_per_floor":[111,111,111,123,123,123,147,147,199,239,255,255,270,0,0,94,94,109,159,183,207,207,207,207,207,230,230,241,241,241,266,266,343,343,355,355,355,355,355,355,374,387,414,424,454,454,454],"floor_reached":46,"language":"ENG","playtime":1372,"items_purged":["Injury"],"score":1324,"play_id":"3188efbc-e520-48c0-9e06-92ae5a4a0f39","local_time":"20210201180316","is_ascension_mode":true,"campfire_choices":[{"floor":6.0,"key":"REST"},{"floor":8.0,"key":"REST"},{"floor":15.0,"key":"REST"},{"data":"Echo Form","floor":23.0,"key":"SMITH"},{"data":"Footwork","floor":30.0,"key":"SMITH"},{"floor":32.0,"key":"REST"},{"floor":40.0,"key":"RECALL"}],"circlet_count":0,"master_deck":["AscendersBane","Strike_B","Strike_B","Defend_B","Defend_B","Defend_B","Defend_B","Zap","Dualcast","Apotheosis+1","Conserve Battery","Chill","hubris:Ukulele","Streamline","Static Discharge","Doom and Gloom","Undo","Core Surge","Echo Form+1","Force Field","Footwork+1","Reinforced Body","Double Energy","Madness","Madness","hubris:Insight","Compile Driver"],"relics":["Cracked Core","hubris:EmptyBottle","hubris:PeanutButter","hubris:EvacipatedBox","Bloody Idol","Regal Pillow","hubris:CuriousFeather","hubris:ScarierMask","DataDisk","Ancient Tea Set","hubris:Stopwatch","hubris:Icosahedron","Strawberry"],"acts_visited":["Exordium","TheCity","TheBeyond"],"potions_floor_usage":[46,46,46],"damage_taken":[{"damage":7.0,"enemies":"Jaw Worm","floor":1.0,"turns":3.0},{"damage":0.0,"enemies":"Cultist","floor":4.0,"turns":4.0},{"damage":0.0,"enemies":"2 Louse","floor":7.0,"turns":3.0},{"damage":25.0,"enemies":"3 Sentries","floor":10.0,"turns":15.0},{"damage":0.0,"enemies":"Large Slime","floor":11.0,"turns":2.0},{"damage":0.0,"enemies":"Blue Slaver","floor":13.0,"turns":3.0},{"damage":0.0,"enemies":"Slime Boss","floor":16.0,"turns":4.0},{"damage":0.0,"enemies":"Spheric Guardian","floor":18.0,"turns":4.0},{"damage":4.0,"enemies":"Chosen","floor":20.0,"turns":4.0},{"damage":9.0,"enemies":"Snake Plant","floor":21.0,"turns":4.0},{"damage":0.0,"enemies":"3 Cultists","floor":28.0,"turns":3.0},{"damage":24.0,"enemies":"Book of Stabbing","floor":31.0,"turns":5.0},{"damage":30.0,"enemies":"Automaton","floor":33.0,"turns":11.0},{"damage":2.0,"enemies":"3 Darklings","floor":35.0,"turns":5.0},{"damage":3.0,"enemies":"3 Shapes","floor":41.0,"turns":4.0},{"damage":16.0,"enemies":"Sphere and 2 Shapes","floor":42.0,"turns":4.0},{"damage":15.0,"enemies":"Spire Growth","floor":44.0,"turns":8.0},{"damage":31.0,"enemies":"Giant Head","floor":45.0,"turns":9.0},{"damage":33,"enemies":"Transient","floor":46,"turns":5}],"seed_played":"-2824874660132112557","potions_obtained":[{"floor":10.0,"key":"Fire Potion"},{"floor":11.0,"key":"PowerPotion"},{"floor":13.0,"key":"Energy Potion"},{"floor":21.0,"key":"Weak Potion"},{"floor":29.0,"key":"DistilledChaos"},{"floor":33.0,"key":"Energy Potion"},{"floor":42.0,"key":"Block Potion"}],"is_trial":false,"path_per_floor":["M","?","$","M","?","R","M","R","T","E","M","?","M","$","R","B",null,"M","?","M","M","?","R","?","?","T","?","M","?","R","E","R","B",null,"M","?","?","?","?","R","M","M","T","M","E","M"],"character_chosen":"DEFECT","items_purchased":["Apotheosis","hubris:EmptyBottle","Conserve Battery","hubris:PeanutButter","hubris:EvacipatedBox","Static Discharge","Doom and Gloom","Undo"],"campfire_rested":4,"item_purchase_floors":[0,0,0,3,3,14,14,14],"current_hp_per_floor":[50,50,15,15,15,36,36,57,57,32,32,32,32,32,68,68,70,70,70,66,57,57,57,57,57,57,57,62,62,62,43,71,46,65,68,68,55,55,55,55,57,46,51,41,22,0,0],"gold":454,"neow_bonus":"","is_daily":false,"chose_seed":false,"campfire_upgraded":2,"win_rate":0.0,"timestamp":1612224196,"path_taken":["M","?","?","?","?","R","M","R","T","E","M","?","M","$","R","BOSS","M","?","?","M","?","R","?","?","T","?","M","?","R","E","R","BOSS","M","?","?","?","?","R","M","M","T","M","E","M"],"items_purchased_type":["Card","Relic","Card","Relic","Relic","Card","Card","Card"],"build_version":"2020-12-22","purchased_purges":1,"victory":false,"max_hp_per_floor":[71,71,71,71,71,71,71,71,71,71,71,71,71,71,71,71,71,71,71,71,71,71,71,71,71,71,71,71,71,71,71,71,71,71,71,71,71,71,71,71,71,71,71,71,78,78,78],"card_choices":[{"not_picked":["Recycle","Steam","Barrage"],"picked":"SKIP","floor":1.0},{"not_picked":["Reprogram","Rebound"],"picked":"Chill","floor":4.0},{"not_picked":["Hologram","Cold Snap","Barrage"],"picked":"SKIP","floor":7.0},{"not_picked":["Compile Driver","hubris:PowerSurge","Beam Cell"],"picked":"SKIP","floor":10.0},{"not_picked":["Go for the Eyes","Turbo"],"picked":"hubris:Ukulele","floor":11.0},{"not_picked":["Go for the Eyes","Fusion"],"picked":"Streamline","floor":13.0},{"not_picked":["hubris:SpecializedCircuitry","All For One"],"picked":"Core Surge","floor":16.0},{"not_picked":["Conserve Battery","Rebound","Cold Snap"],"picked":"SKIP","floor":18.0},{"not_picked":["Ball Lightning","Blizzard"],"picked":"Echo Form","floor":20.0},{"not_picked":["Conserve Battery","Chaos"],"picked":"Force Field","floor":21.0},{"not_picked":["Compile Driver","Go for the Eyes"],"picked":"Reinforced Body","floor":28.0},{"not_picked":["Storm","Scrape"],"picked":"Double Energy","floor":31.0},{"not_picked":["Leap","Streamline","Cold Snap"],"picked":"SKIP","floor":35.0},{"not_picked":["Chrysalis","Panacea"],"picked":"hubris:Insight","floor":39.0},{"not_picked":["Conserve Battery+1","Coolheaded","Ball Lightning"],"picked":"SKIP","floor":41.0},{"not_picked":["Rebound","Auto Shields","Stack"],"picked":"SKIP","floor":42.0},{"not_picked":["Barrage","Steam","Steam Power"],"picked":"SKIP","floor":44.0},{"not_picked":["hubris:DoWhile","Gash+1"],"picked":"Compile Driver","floor":45.0}],"player_experience":3339617,"relics_obtained":[{"floor":9.0,"key":"Regal Pillow"},{"floor":10.0,"key":"hubris:CuriousFeather"},{"floor":26.0,"key":"DataDisk"},{"floor":31.0,"key":"Ancient Tea Set"},{"floor":45.0,"key":"Strawberry"}],"event_choices":[{"cards_removed":["Strike_B"],"damage_healed":0.0,"max_hp_gain":0.0,"max_hp_loss":0.0,"gold_gain":0.0,"event_name":"Bonfire Elementals","player_choice":"Offered Basic","floor":2.0,"gold_loss":0.0,"damage_taken":0.0},{"damage_healed":0.0,"max_hp_gain":0.0,"max_hp_loss":0.0,"gold_gain":0.0,"event_name":"Golden Idol","player_choice":"Take Wound","floor":5.0,"gold_loss":0.0,"damage_taken":0.0,"relics_obtained":["Golden Idol"],"cards_obtained":["Injury"]},{"damage_healed":0.0,"max_hp_gain":0.0,"max_hp_loss":0.0,"gold_gain":50.0,"event_name":"Golden Shrine","player_choice":"Pray","floor":19.0,"gold_loss":0.0,"damage_taken":0.0},{"damage_healed":0.0,"max_hp_gain":0.0,"max_hp_loss":0.0,"gold_gain":0.0,"event_name":"Ghosts","player_choice":"Ignored","floor":24.0,"gold_loss":0.0,"damage_taken":0.0},{"damage_healed":0.0,"max_hp_gain":0.0,"max_hp_loss":0.0,"gold_gain":0.0,"event_name":"The Library","player_choice":"Read","floor":25.0,"gold_loss":0.0,"damage_taken":0.0,"cards_obtained":["Footwork"]},{"damage_healed":0.0,"max_hp_gain":0.0,"max_hp_loss":0.0,"gold_gain":0.0,"event_name":"Forgotten Altar","player_choice":"Gave Idol","floor":27.0,"relics_lost":["Golden Idol"],"gold_loss":0.0,"damage_taken":0.0,"relics_obtained":["Bloody Idol"]},{"damage_healed":0.0,"max_hp_gain":0.0,"max_hp_loss":0.0,"gold_gain":0.0,"event_name":"Lab","player_choice":"Got Potions","floor":29.0,"gold_loss":0.0,"damage_taken":0.0},{"damage_healed":0.0,"max_hp_gain":0.0,"max_hp_loss":0.0,"gold_gain":0.0,"event_name":"Winding Halls","player_choice":"Embrace Madness","floor":37.0,"gold_loss":0.0,"damage_taken":13.0,"cards_obtained":["Madness","Madness"]},{"cards_removed":["hubris:PowerSurge"],"damage_healed":0.0,"max_hp_gain":0.0,"max_hp_loss":0.0,"gold_gain":0.0,"event_name":"Falling","player_choice":"Removed Power","floor":38.0,"gold_loss":0.0,"damage_taken":0.0},{"damage_healed":0.0,"max_hp_gain":0.0,"max_hp_loss":0.0,"gold_gain":0.0,"event_name":"SensoryStone","player_choice":"Memory 1","floor":39.0,"gold_loss":0.0,"damage_taken":0.0}],"is_beta":false,"boss_relics":[{"not_picked":["hubris:HollowSoul","Empty Cage","Fusion Hammer"],"picked":"hubris:ScarierMask"},{"not_picked":["Black Star","Pandora\u0027s Box","Runic Pyramid"],"picked":"hubris:Stopwatch"}],"items_purged_floors":[14],"is_endless":false,"potions_floor_spawned":[10,11,13,21,31,33,41,42,44],"killed_by":"Transient","ascension_level":19}}