{"host":"hig8qfi5vzbgudte","time":1612275688,"event":{"mods":["BaseMod","Colored Map","Downfall","Hermit","Hubris","Jorbs\u0027s Wanderer Trilogy","Minty Spire (QoL Compilation)","Quick Restart","StSLib","The Cursed","The Hierophant","The Marked"],"gold_per_floor":[111,111,78,78,90,117,117,130,212,228,31,131,151,165,165,264,264,250,264,281,281,281,281,313,313,313],"floor_reached":25,"language":"ENG","playtime":1776,"items_purged":[],"score":222,"play_id":"7d88a090-d01c-4b43-9184-4b54f383c580","local_time":"20210202082128","is_ascension_mode":false,"campfire_choices":[{"floor":7,"key":"REST"},{"floor":15,"key":"REST"},{"floor":23,"key":"REST"}],"circlet_count":0,"master_deck":["theMarked:Strike","theMarked:Strike","theMarked:Strike","theMarked:Strike","theMarked:Defend","theMarked:Defend","theMarked:Defend","theMarked:DispelDoubt","theMarked:Seal","theMarked:Aftermath","theMarked:WardOff","theMarked:TheMission","hubris:DuctTapeCard","theMarked:Reabsorb","Transmutation","downfall:Bewildered","downfall:Aged","Writhe","theMarked:EternalStudent","theMarked:Indomitable","theMarked:BindingBlade","theMarked:Defy","theMarked:ElectricStrings","theMarked:LightningStrikesTwice","theMarked:LightningStrikesTwice","downfall:Bewildered","theMarked:TheMission","theMarked:Seal"],"relics":["theMarked:BronzeBlade","Orichalcum","Spirit Poop","hubris:ToyBattleship","hubris:DuctTape","downfall:ExtraCursedKey","sneckomod:BabySnecko","PreservedInsect"],"acts_visited":["Exordium","TheCity"],"potions_floor_usage":[24,24,24],"damage_taken":[{"damage":1,"enemies":"Cultist","floor":1,"turns":3},{"damage":2,"enemies":"2 Louse","floor":5,"turns":3},{"damage":27,"enemies":"Gremlin Nob","floor":6,"turns":5},{"damage":0,"enemies":"Small Slimes","floor":8,"turns":2},{"damage":28,"enemies":"Gremlin Gang","floor":10,"turns":5},{"damage":4,"enemies":"Looter","floor":13,"turns":2},{"damage":10,"enemies":"Large Slime","floor":14,"turns":5},{"damage":23,"enemies":"Hexaghost","floor":16,"turns":8},{"damage":14,"enemies":"2 Thieves","floor":18,"turns":4},{"damage":18,"enemies":"Shell Parasite","floor":19,"turns":6},{"damage":25,"enemies":"Shelled Parasite and Fungi","floor":20,"turns":4},{"damage":25,"enemies":"Slavers","floor":24,"turns":3},{"damage":18,"enemies":"Sentry and Sphere","floor":25,"turns":3}],"seed_played":"1062088870642378019","potions_obtained":[{"floor":1,"key":"sneckomod:MuddlingPotion"},{"floor":8,"key":"PowerPotion"},{"floor":19,"key":"BlessingOfTheForge"},{"floor":20,"key":"bronze:BurnAndBuffPotion"}],"is_trial":false,"path_per_floor":["M","?","?","?","M","E","R","M","T","M","$","?","M","M","R","B",null,"M","M","M","?","?","R","E","M"],"character_chosen":"THE_DEFAULT","items_purchased":["Transmutation"],"campfire_rested":3,"item_purchase_floors":[11],"current_hp_per_floor":[69,69,69,69,67,40,61,61,61,33,33,38,34,24,46,23,75,61,43,18,18,18,40,15,0,0],"gold":313,"neow_bonus":"ONE_RANDOM_RARE_CARD","is_daily":false,"chose_seed":false,"campfire_upgraded":0,"win_rate":0.0,"timestamp":1612275688,"path_taken":["M","?","?","?","M","E","R","M","T","?","$","?","M","M","R","BOSS","M","M","M","?","?","R","E","M"],"items_purchased_type":["Card"],"build_version":"2020-12-22","purchased_purges":0,"victory":false,"max_hp_per_floor":[70,70,70,70,70,70,70,70,70,70,70,75,75,75,75,75,75,75,75,75,75,75,75,75,75,75],"card_choices":[{"not_picked":["theMarked:StartUp","theMarked:BanishingStrike"],"picked":"theMarked:Seal","floor":1},{"not_picked":["theMarked:EmpowerWeapon","theMarked:BanishingStrike"],"picked":"theMarked:Aftermath","floor":5},{"not_picked":["theMarked:EmpowerWeapon","theMarked:TakeCover"],"picked":"theMarked:WardOff","floor":6},{"not_picked":["theMarked:PowerFlow","theMarked:Improvise"],"picked":"theMarked:TheMission","floor":8},{"not_picked":["theMarked:SwordAndMagic","theMarked:Frustration"],"picked":"theMarked:Reabsorb","floor":10},{"not_picked":["theMarked:TwofoldDefense","theMarked:Frustration"],"picked":"theMarked:Indomitable","floor":13},{"not_picked":["theMarked:AttractMetal","theMarked:SwordAndMagic"],"picked":"theMarked:BindingBlade","floor":14},{"not_picked":["theMarked:FavorableWinds","theMarked:BindingBlade"],"picked":"theMarked:Defy","floor":16},{"not_picked":["theMarked:Opportunist","theMarked:Frustration"],"picked":"theMarked:ElectricStrings","floor":18},{"not_picked":["theMarked:StartUp","theMarked:ChainLightning"],"picked":"theMarked:LightningStrikesTwice","floor":19},{"not_picked":["theMarked:EmpowerWeapon","theMarked:HeightenedSenses"],"picked":"theMarked:LightningStrikesTwice","floor":20},{"not_picked":["theMarked:ShockingTouch","theMarked:WastefulAttack+1"],"picked":"theMarked:Seal","floor":24}],"player_experience":242989,"relics_obtained":[{"floor":6,"key":"hubris:ToyBattleship"},{"floor":9,"key":"hubris:DuctTape"},{"floor":24,"key":"PreservedInsect"}],"event_choices":[{"damage_healed":0,"gold_gain":0,"player_choice":"Box","damage_taken":0,"relics_obtained":["Orichalcum"],"max_hp_gain":0,"max_hp_loss":0,"event_name":"Big Fish","floor":2,"gold_loss":0,"cards_obtained":["Regret"]},{"damage_healed":0,"gold_gain":0,"player_choice":"Left Gold","damage_taken":0,"max_hp_gain":0,"max_hp_loss":0,"event_name":"World of Goop","floor":3,"gold_loss":33},{"cards_removed":["Regret"],"damage_healed":0,"gold_gain":0,"player_choice":"Offered Curse","damage_taken":0,"relics_obtained":["Spirit Poop"],"max_hp_gain":0,"max_hp_loss":0,"event_name":"Bonfire Elementals","floor":4,"gold_loss":0},{"damage_healed":0,"gold_gain":0,"cards_transformed":["theMarked:Strike"],"player_choice":"Transformed","damage_taken":0,"max_hp_gain":0,"max_hp_loss":0,"event_name":"Transmorgrifier","floor":22,"gold_loss":0,"cards_obtained":["theMarked:TheMission"]}],"is_beta":false,"boss_relics":[{"not_picked":["hubris:BlackHole","theMarked:SpiritSword"],"picked":"theMarked:BronzeBlade"}],"items_purged_floors":[],"is_endless":false,"potions_floor_spawned":[1,8,19,20],"killed_by":"Sentry and Sphere","ascension_level":0}}