{"host":"22ezjknwheybwqtz","time":1612246015,"event":{"mods":["BaseMod","Minty Spire (QoL Compilation)","Replay The Spire","Shop Mod","StSLib","The Cursed"],"gold_per_floor":[109,109,109,109,109,109,124,138,138,166,241,80,80,92,92,187,187,206,206,216,327,327,327,252,252,252,264,68,68,103,113,113,208,208,227,239,52,52,102,102,102,116,116,136,136,151,151,165,165,165,165],"floor_reached":50,"language":"ENG","playtime":3171,"items_purged":["TheCursedMod:Strike_TheCursed","TheCursedMod:Strike_TheCursed"],"score":508,"play_id":"373b5ac9-e077-48d1-8c13-c7d30aa6c24d","local_time":"20210202140655","is_ascension_mode":false,"campfire_choices":[{"data":"TheCursedMod:CircleOfFlame","floor":6,"key":"SMITH"},{"data":"TheCursedMod:NeowsMight","floor":13,"key":"SMITH"},{"data":"TheCursedMod:HellfireBreathing","floor":15,"key":"SMITH"},{"data":"TheCursedMod:CursedWand","floor":23,"key":"SMITH"},{"data":"TheCursedMod:OutForBlood","floor":25,"key":"SMITH"},{"data":"Discovery","floor":29,"key":"SMITH"},{"floor":47,"key":"REST"},{"floor":49,"key":"DIG"}],"circlet_count":0,"master_deck":["TheCursedMod:Strike_TheCursed","TheCursedMod:Defend_TheCursed","TheCursedMod:Defend_TheCursed","TheCursedMod:Defend_TheCursed","TheCursedMod:Defend_TheCursed","TheCursedMod:CursedWand+1","TheCursedMod:CleanUpWorkshop","TheCursedMod:Dregs","TheCursedMod:CircleOfFlame+1","Iron Wave","TheCursedMod:SpreadPlague+1","TheCursedMod:CursedBlade","TheCursedMod:HellfireBreathing+1","TheCursedMod:NeowsMight+1","TheCursedMod:RapidMovement","TheCursedMod:OutForBlood+1","TheCursedMod:Obscuration+1","TheCursedMod:SpreadPlague+1","Injury","TheCursedMod:Torture+1","TheCursedMod:Wield+1","Discovery+1","TheCursedMod:RavingStaff+1","TheCursedMod:Wield+1","TheCursedMod:DemonSword+1","TheCursedMod:HellsGateOpen","TheCursedMod:ReleasedStrength","TheCursedMod:SurpriseAttack+1","TheCursedMod:SurpriseAttack+1","Writhe","TheCursedMod:WearCloak","Sadistic Nature","Crow Ritual+1","TheCursedMod:SmokeScreen","TheCursedMod:HellfireBreathing+1","TheCursedMod:SpitefulPlan+1","TheCursedMod:HellfireBreathing+1","TheCursedMod:HellfireBreathing+1"],"relics":["TheCursedMod:BlackMagic101","NeowsBlessing","HornCleat","Chameleon Ring","Du-Vu Doll","Ring of Chaos","ReplayTheSpireMod:CursedCoin","Molten Egg 2","Fusion Hammer","Guide Book","Prayer Wheel","Shuriken","Blue Doll"],"acts_visited":["Exordium","TheCity","TheBeyond"],"potions_floor_usage":[16,27,33,33,39,39,42,44,50],"damage_taken":[{"damage":0,"enemies":"2 Louse","floor":1,"turns":1},{"damage":0,"enemies":"Cultist","floor":7,"turns":1},{"damage":0,"enemies":"Small Slimes","floor":8,"turns":1},{"damage":22,"enemies":"3 Sentries","floor":10,"turns":7},{"damage":7,"enemies":"Blue Slaver","floor":14,"turns":3},{"damage":20,"enemies":"Hexaghost","floor":16,"turns":10},{"damage":18,"enemies":"2 Thieves","floor":18,"turns":4},{"damage":5,"enemies":"3 Byrds","floor":20,"turns":3},{"damage":11,"enemies":"3 Cultists","floor":27,"turns":4},{"damage":18,"enemies":"Replay:Snechameleon","floor":30,"turns":4},{"damage":5,"enemies":"Centurion and Healer","floor":31,"turns":4},{"damage":3,"enemies":"Automaton","floor":33,"turns":8},{"damage":5,"enemies":"3 Darklings","floor":35,"turns":3},{"damage":0,"enemies":"Orb Walker","floor":36,"turns":2},{"damage":15,"enemies":"Mind Bloom Boss Battle","floor":39,"turns":4},{"damage":44,"enemies":"Transient","floor":42,"turns":5},{"damage":6,"enemies":"Sphere and 2 Shapes","floor":44,"turns":3},{"damage":24,"enemies":"4 Shapes","floor":46,"turns":3},{"damage":15,"enemies":"3 Darklings","floor":48,"turns":4},{"damage":32,"enemies":"Time Eater","floor":50,"turns":3}],"seed_played":"2622802767551346990","potions_obtained":[{"floor":10,"key":"Elixir"},{"floor":14,"key":"Fire Potion"},{"floor":16,"key":"Regen Potion"},{"floor":20,"key":"FairyPotion"},{"floor":32,"key":"Strength Potion"},{"floor":32,"key":"Block Potion"},{"floor":33,"key":"SkillPotion"},{"floor":35,"key":"BlessingOfTheForge"},{"floor":40,"key":"Milkshake"},{"floor":40,"key":"Weak Potion"},{"floor":46,"key":"Weak Potion"}],"is_trial":false,"path_per_floor":["M","$","?","$","T","R","M","M","T","E","?","$","R","M","R","B",null,"M","?","M","$","?","R","$","R","T","M","$","R","E","M","R","B",null,"M","M","$","?","?","R","?","M","T","M","?","M","R","M","R","B"],"character_chosen":"THE_CURSED","items_purchased":["TheCursedMod:NeowsMight","ReplayTheSpireMod:CursedCoin","TheCursedMod:Torture+1","Discovery","Guide Book","TheCursedMod:SurpriseAttack+1"],"campfire_rested":1,"item_purchase_floors":[12,21,21,28,37,37],"current_hp_per_floor":[75,75,75,75,75,75,75,75,75,53,42,42,42,35,35,15,75,57,43,38,38,38,38,38,38,38,40,40,40,22,17,17,14,80,75,75,75,80,65,65,55,11,11,5,5,19,43,28,28,0,0],"gold":165,"neow_bonus":"THREE_ENEMY_KILL","is_daily":false,"chose_seed":false,"campfire_upgraded":6,"win_rate":0.0,"timestamp":1612246015,"path_taken":["M","$","?","$","?","R","M","M","T","E","?","?","R","M","R","BOSS","M","?","M","$","?","R","$","R","T","?","?","R","E","M","R","BOSS","M","M","$","?","?","R","?","M","T","M","?","?","R","M","R","BOSS"],"items_purchased_type":["Card","Relic","Card","Card","Relic","Card"],"build_version":"2020-12-22","purchased_purges":2,"victory":false,"max_hp_per_floor":[75,75,75,75,75,75,75,75,75,75,75,75,75,75,75,75,75,75,80,80,80,80,80,80,80,80,80,80,80,80,80,80,80,80,80,80,80,80,80,80,80,80,80,80,80,80,80,80,80,80,80],"card_choices":[{"not_picked":["TheCursedMod:Obscuration","TheCursedMod:SpreadPlague"],"picked":"TheCursedMod:CircleOfFlame","floor":1},{"not_picked":["TheCursedMod:SmokeScreen","TheCursedMod:HellsGateOpen"],"picked":"TheCursedMod:SpreadPlague","floor":7},{"not_picked":["TheCursedMod:Stigma","TheCursedMod:TroublousMinions"],"picked":"TheCursedMod:CursedBlade","floor":8},{"not_picked":["TheCursedMod:RapidMovement","TheCursedMod:Stigma"],"picked":"TheCursedMod:HellfireBreathing","floor":10},{"not_picked":["TheCursedMod:VitalStrike","TheCursedMod:ManaBullet"],"picked":"TheCursedMod:RapidMovement","floor":14},{"not_picked":["TheCursedMod:AntiAging","TheCursedMod:StunningStrike"],"picked":"TheCursedMod:OutForBlood","floor":16},{"not_picked":["TheCursedMod:Stretching","TheCursedMod:Stigma"],"picked":"TheCursedMod:Obscuration+1","floor":18},{"not_picked":["TheCursedMod:CircleOfFlame","TheCursedMod:CircleOfCorruption"],"picked":"TheCursedMod:SpreadPlague","floor":20},{"not_picked":["TheCursedMod:CursedArmor","TheCursedMod:CursedBoomerang+1"],"picked":"TheCursedMod:Wield+1","floor":27},{"not_picked":["TheCursedMod:UltimatePain","TheCursedMod:Obscuration+1"],"picked":"TheCursedMod:RavingStaff+1","floor":30},{"not_picked":["TheCursedMod:RavingStaff+1","TheCursedMod:CircleOfCorruption+1"],"picked":"TheCursedMod:Wield+1","floor":31},{"not_picked":["TheCursedMod:ShockAndAwe+1","TheCursedMod:AntiAging"],"picked":"TheCursedMod:DemonSword+1","floor":33},{"not_picked":["TheCursedMod:RapidMovement","TheCursedMod:VitalStrike+1"],"picked":"TheCursedMod:HellsGateOpen","floor":35},{"not_picked":["TheCursedMod:Obscuration","TheCursedMod:FuryStrike+1"],"picked":"TheCursedMod:ReleasedStrength","floor":36},{"not_picked":["TheCursedMod:CursedAmulet","TheCursedMod:VitalStrike+1"],"picked":"TheCursedMod:WearCloak","floor":39},{"not_picked":["Replay:Parry+1","Discovery"],"picked":"Sadistic Nature","floor":41},{"not_picked":["PanicButton","Replay:BasicMightCard"],"picked":"Crow Ritual","floor":41},{"not_picked":["TheCursedMod:CursedBoomerang+1","TheCursedMod:SpitefulStrike+1"],"picked":"TheCursedMod:SmokeScreen","floor":42},{"not_picked":["TheCursedMod:ManaBullet+1","TheCursedMod:RavingStaff+1"],"picked":"TheCursedMod:HellfireBreathing+1","floor":42},{"not_picked":["TheCursedMod:RapidMovement","TheCursedMod:SpitefulStrike+1"],"picked":"TheCursedMod:SpitefulPlan+1","floor":44},{"not_picked":["TheCursedMod:CursedArmor+1","TheCursedMod:SmokeScreen+1"],"picked":"TheCursedMod:HellfireBreathing+1","floor":44},{"not_picked":["TheCursedMod:Obscuration","TheCursedMod:WearCloak+1"],"picked":"TheCursedMod:HellfireBreathing+1","floor":46},{"not_picked":["TheCursedMod:SpitefulStrike+1","TheCursedMod:CursedBlade+1","TheCursedMod:RapidMovement"],"picked":"SKIP","floor":46},{"not_picked":["TheCursedMod:Wield+1","TheCursedMod:SoulCrush+1","TheCursedMod:CursedBlade+1"],"picked":"SKIP","floor":48},{"not_picked":["TheCursedMod:Torture+1","TheCursedMod:CircleOfFocus+1","TheCursedMod:Mangle+1"],"picked":"SKIP","floor":48}],"player_experience":73389,"relics_obtained":[{"floor":5,"key":"HornCleat"},{"floor":9,"key":"Chameleon Ring"},{"floor":10,"key":"Du-Vu Doll"},{"floor":30,"key":"Molten Egg 2"},{"floor":39,"key":"Prayer Wheel"},{"floor":43,"key":"Shuriken"},{"floor":49,"key":"Blue Doll"}],"event_choices":[{"cards_removed":["TheCursedMod:Strike_TheCursed"],"damage_healed":0,"gold_gain":0,"player_choice":"Took Card","damage_taken":0,"max_hp_gain":0,"max_hp_loss":0,"event_name":"NoteForYourself","floor":3,"gold_loss":0,"cards_obtained":["Iron Wave"]},{"damage_healed":0,"gold_gain":75,"player_choice":"Gather Gold","damage_taken":11,"max_hp_gain":0,"max_hp_loss":0,"event_name":"World of Goop","floor":11,"gold_loss":0},{"damage_healed":0,"gold_gain":0,"player_choice":"Shed Blood","damage_taken":19,"max_hp_gain":5,"max_hp_loss":0,"event_name":"Forgotten Altar","floor":19,"gold_loss":0},{"damage_healed":0,"gold_gain":0,"player_choice":"Ignored","damage_taken":0,"max_hp_gain":0,"max_hp_loss":0,"event_name":"Fountain of Cleansing","floor":22,"gold_loss":0},{"damage_healed":20,"gold_gain":0,"player_choice":"Writhe","damage_taken":0,"max_hp_gain":0,"max_hp_loss":0,"event_name":"Winding Halls","floor":38,"gold_loss":0,"cards_obtained":["Writhe"]},{"damage_healed":0,"gold_gain":0,"player_choice":"Fight","damage_taken":0,"max_hp_gain":0,"max_hp_loss":0,"event_name":"MindBloom","floor":39,"gold_loss":0},{"damage_healed":0,"gold_gain":0,"player_choice":"Memory 3","damage_taken":10,"max_hp_gain":0,"max_hp_loss":0,"event_name":"SensoryStone","floor":41,"gold_loss":0},{"damage_healed":0,"gold_gain":0,"player_choice":"Forge","damage_taken":0,"max_hp_gain":0,"max_hp_loss":0,"event_name":"Accursed Blacksmith","floor":45,"gold_loss":0,"cards_upgraded":["Crow Ritual"]}],"is_beta":false,"boss_relics":[{"not_picked":["TheCursedMod:OminousMark","Black Star"],"picked":"Ring of Chaos"},{"not_picked":["Abe\u0027s Treasure","Runic Dome"],"picked":"Fusion Hammer"}],"items_purged_floors":[24,28],"is_endless":false,"potions_floor_spawned":[10,14,16,20,33,35,46],"killed_by":"Time Eater","ascension_level":0}}