{"host":"39i3emxub3h8uyq3","time":1612228714,"event":{"mods":["AchievementEnabler","BaseMod","Clockwork Mod","Colored Map","Colored Powertips","DeckTracker","Downfall","Glutton Mod","Gold Saver","Hubris","Minty Spire (QoL Compilation)","Permanent Neow","Quick Restart","Rare Cards Sparkle","Replay The Spire","StSLib","The Bug Knight","The Jungle","The Necromancer","TheHeartMod","Wandering Minibosses"],"gold_per_floor":[1325,835,798,798,798,798,816,816,816,530,544,557,557,569,569,665,665,677,273,284,300,210,210,224,224,249,283,306,323,41,53,53,53,53],"floor_reached":33,"language":"ENG","playtime":1873,"items_purged":[],"score":282,"play_id":"5a61c95a-815c-4036-8091-096889b01e32","local_time":"20210201201834","is_ascension_mode":false,"campfire_choices":[{"data":"Crippling Poison","floor":6.0,"key":"SMITH"},{"floor":13,"key":"REST"},{"floor":15,"key":"REST"},{"data":"Deadly Poison","floor":23,"key":"SMITH"}],"circlet_count":0,"master_deck":["Strike_G+1","Strike_G+1","Strike_G+1","Strike_G+1","Strike_G+1","Defend_G+1","Defend_G+1","Defend_G+1","Defend_G+1","Defend_G+1","Survivor+1","Neutralize+1","Poisoned Stab","Toxin Wave","Backstab","Crippling Poison+1","Dagger Spray","Quick Slash+1","Sadistic Nature","Dash","Bane","Deadly Poison+1","After Image","All Out Attack+1","Jack Of All Trades","Dagger Spray","Backflip","Flechettes+1","Footwork+1","All Out Attack","Caltrops","All Out Attack"],"relics":["hubris:ScarierMask","Tiny Chest","Orichalcum","ReplayTheSpireMod:Ring of Sloth","Ring of Fangs","Quantum Egg","hubris:GlazedTorus","BargainBundle","ReplayTheSpireMod:Onyx Gauntlets","Regal Pillow","Lee\u0027s Waffle","theJungle:ParSnip","theJungle:BirthdayCake","ReplayTheSpireMod:Lightbulb","hubris:BottledRain","ReplayFunnel","Chameleon Ring"],"acts_visited":["Exordium","Exordium"],"potions_floor_usage":[24,33],"damage_taken":[{"damage":0.0,"enemies":"2 Louse","floor":1.0,"turns":2.0},{"damage":6.0,"enemies":"Jaw Worm","floor":7.0,"turns":3.0},{"damage":0,"enemies":"Small Slimes","floor":11,"turns":3},{"damage":2,"enemies":"Blue Slaver","floor":12,"turns":4},{"damage":6,"enemies":"Large Slime","floor":14,"turns":4},{"damage":25,"enemies":"The Guardian","floor":16,"turns":8},{"damage":0,"enemies":"Shell Parasite","floor":18,"turns":5},{"damage":0,"enemies":"theJungle:MUSHROOMGANG","floor":20,"turns":3},{"damage":0,"enemies":"theJungle:JungleHuntersEncounter","floor":21,"turns":4},{"damage":10,"enemies":"theJungle:SlimyTreeVines","floor":24,"turns":4},{"damage":17,"enemies":"theJungle:MamaSnecko","floor":27,"turns":4},{"damage":6,"enemies":"theJungle:Snecko_Cultist_And_Trap","floor":29,"turns":3},{"damage":1,"enemies":"theJungle:2_Flameangoes","floor":31,"turns":3},{"damage":104,"enemies":"theJungle:TotemBoss","floor":33,"turns":5}],"seed_played":"183594445569824497","potions_obtained":[{"floor":1.0,"key":"Elixir"},{"floor":14,"key":"FearPotion"},{"floor":20,"key":"Poison Potion"},{"floor":24,"key":"Dexterity Potion"}],"is_trial":false,"path_per_floor":["M","$","?","?","?","R","M","T","T","$","M","M","R","M","R","B",null,"M","$","M","M","?","R","M","?","T","E","T","M","$","M","R_BF","B"],"character_chosen":"THE_SILENT","items_purchased":["Toxin Wave","Backstab","Crippling Poison","Tiny Chest","Orichalcum","BargainBundle","Quick Slash","Sadistic Nature","hexamod:SoulburnPotion","Regal Pillow","Lee\u0027s Waffle","Jack Of All Trades","Caltrops","Chameleon Ring"],"campfire_rested":2,"item_purchase_floors":[2,2,2,2,2,10,10,10,10,19,19,19,30,30],"current_hp_per_floor":[70,70,70,70,70,70,64,64,64,64,64,62,70,64,70,45,70,70,77,77,77,77,77,69,89,89,72,72,66,66,65,97,0,0],"gold":53,"neow_bonus":"BOSS_RELIC","is_daily":false,"chose_seed":false,"campfire_upgraded":2,"win_rate":0.0,"timestamp":1612228714,"path_taken":["M","$","?","?","?","R","M","?","T","$","?","M","R","M","R","BOSS","M","$","M","M","?","R","M","?","T","E","?","M","?","M","R_BF","BOSS"],"items_purchased_type":["Card","Card","Card","Relic","Relic","Relic","Card","Card","Potion","Relic","Relic","Card","Card","Relic"],"build_version":"2020-12-22","purchased_purges":0,"victory":false,"max_hp_per_floor":[70,70,70,70,70,70,70,70,70,70,70,70,70,70,70,70,70,70,77,77,77,77,77,77,97,97,97,97,97,97,97,97,97,97],"card_choices":[{"not_picked":["Choke","Backflip"],"picked":"Poisoned Stab","floor":1.0},{"not_picked":["Dodge and Roll","Dagger Throw"],"picked":"Dagger Spray","floor":7.0},{"not_picked":["Underhanded Strike","Deflect"],"picked":"Dash","floor":11},{"not_picked":["Prepared","Malaise"],"picked":"Bane","floor":12},{"not_picked":["Backflip","Dagger Throw"],"picked":"Deadly Poison","floor":14},{"not_picked":["Atom Bomb","Wraith Form v2"],"picked":"After Image","floor":16},{"not_picked":["Toxin Wave","Footwork"],"picked":"All Out Attack+1","floor":18},{"not_picked":["Backflip","Caltrops"],"picked":"Dagger Spray","floor":20},{"not_picked":["Sucker Punch","Tactician+1"],"picked":"Backflip","floor":21},{"not_picked":["hubris:SlightOfHand+1","ReplayTheSpireMod:Exploit Weakness+1"],"picked":"Flechettes+1","floor":24},{"not_picked":["ReplayTheSpireMod:Exploit Weakness","Sneak Up"],"picked":"Footwork+1","floor":27},{"not_picked":["Backflip+1","Blade Dance"],"picked":"All Out Attack","floor":29},{"not_picked":["Bouncing Flask","Flying Knee"],"picked":"All Out Attack","floor":31}],"player_experience":97170,"relics_obtained":[{"floor":4.0,"key":"ReplayTheSpireMod:Ring of Sloth"},{"floor":4.0,"key":"Ring of Fangs"},{"floor":8.0,"key":"Quantum Egg"},{"floor":9.0,"key":"hubris:GlazedTorus"},{"floor":26,"key":"ReplayTheSpireMod:Lightbulb"},{"floor":27,"key":"hubris:BottledRain"},{"floor":28,"key":"ReplayFunnel"}],"event_choices":[{"damage_healed":0.0,"max_hp_gain":0.0,"max_hp_loss":0.0,"gold_gain":0.0,"event_name":"World of Goop","player_choice":"Left Gold","floor":3.0,"gold_loss":37.0,"damage_taken":0.0}],"is_beta":false,"boss_relics":[{"not_picked":["Philosopher\u0027s Stone","Runic Dome"],"picked":"ReplayTheSpireMod:Onyx Gauntlets"}],"items_purged_floors":[],"is_endless":false,"potions_floor_spawned":[1,14,16,18,20,24,27],"killed_by":"theJungle:TotemBoss","ascension_level":0}}