{"host":"ftw8honmdnhsve3j","time":1612298639,"event":{"mods":["BaseMod","Colored Powertips","Minty Spire (QoL Compilation)","StSLib","The Wild Card"],"gold_per_floor":[110,127,46,46,62,62,72,107,107,107,107,32,54,71,71,173,173,193,193,219,219,235,268,268,268,268,278,310,310,210,245,245,340,340,350,625,345,355,372,372,392,392,416,443,489,489,508,520,520,520],"floor_reached":51,"language":"ENG","playtime":1653,"items_purged":["theWildCard:Arsene","theWildCard:TheGreatSeal","Regret"],"score":934,"play_id":"1dd9098c-3bcc-4c11-bb26-606e0840c062","local_time":"20210202214359","is_ascension_mode":true,"campfire_choices":[{"data":"theWildCard:Thanatos","floor":6,"key":"SMITH"},{"data":"theWildCard:BasicDefend","floor":11,"key":"SMITH"},{"data":"theWildCard:BasicDefend","floor":15,"key":"SMITH"},{"data":"theWildCard:TheArcanaUnleashed","floor":24,"key":"SMITH"},{"data":"theWildCard:Salvation","floor":29,"key":"SMITH"},{"floor":32,"key":"REST"},{"data":"theWildCard:BasicDefend","floor":40,"key":"SMITH"},{"floor":42,"key":"REST"},{"data":"theWildCard:MagicalMight","floor":49,"key":"SMITH"}],"circlet_count":0,"master_deck":["theWildCard:BasicStrike","theWildCard:BasicStrike","theWildCard:BasicStrike","theWildCard:BasicDefend+1","theWildCard:BasicDefend","theWildCard:BasicDefend+1","theWildCard:BasicDefend+1","theWildCard:CallToAdventure","theWildCard:Providence+1","theWildCard:Thanatos+1","theWildCard:PowerOfTheArcana","theWildCard:TheArcanaUnleashed+1","theWildCard:Salvation+1","theWildCard:ArchaicAssault","theWildCard:MagicalMight+1"],"relics":["theWildCard:VelvetContract","Bag of Marbles","Nunchaku","Odd Mushroom","Busted Crown","Red Mask","InkBottle","CultistMask","Bird Faced Urn","Ornamental Fan","Toxic Egg 2","Black Star","Anchor","Centennial Puzzle","Vajra","Peace Pipe","Bottled Flame"],"acts_visited":["Exordium","TheCity","TheBeyond"],"potions_floor_usage":[13,23,31,50,50],"damage_taken":[{"damage":0,"enemies":"2 Louse","floor":1,"turns":2},{"damage":0,"enemies":"Small Slimes","floor":2,"turns":3},{"damage":0,"enemies":"Jaw Worm","floor":5,"turns":2},{"damage":3,"enemies":"Looter","floor":7,"turns":2},{"damage":26,"enemies":"3 Sentries","floor":8,"turns":6},{"damage":4,"enemies":"The Mushroom Lair","floor":13,"turns":3},{"damage":2,"enemies":"2 Fungi Beasts","floor":14,"turns":2},{"damage":11,"enemies":"Slime Boss","floor":16,"turns":6},{"damage":14,"enemies":"Chosen","floor":18,"turns":3},{"damage":16,"enemies":"Masked Bandits","floor":20,"turns":3},{"damage":2,"enemies":"Spheric Guardian","floor":22,"turns":3},{"damage":22,"enemies":"Slavers","floor":23,"turns":4},{"damage":4,"enemies":"Centurion and Healer","floor":27,"turns":3},{"damage":9,"enemies":"Book of Stabbing","floor":28,"turns":5},{"damage":27,"enemies":"Gremlin Leader","floor":31,"turns":4},{"damage":23,"enemies":"Collector","floor":33,"turns":6},{"damage":2,"enemies":"Orb Walker","floor":35,"turns":2},{"damage":20,"enemies":"3 Shapes","floor":38,"turns":4},{"damage":10,"enemies":"Maw","floor":39,"turns":5},{"damage":34,"enemies":"3 Darklings","floor":41,"turns":4},{"damage":14,"enemies":"2 Orb Walkers","floor":45,"turns":4},{"damage":4,"enemies":"Jaw Worm Horde","floor":47,"turns":3},{"damage":6,"enemies":"Writhing Mass","floor":48,"turns":3},{"damage":37,"enemies":"Awakened One","floor":50,"turns":6}],"seed_played":"3468446927208639568","potions_obtained":[{"floor":1,"key":"Swift Potion"},{"floor":2,"key":"Explosive Potion"},{"floor":13,"key":"Ancient Potion"},{"floor":16,"key":"Strength Potion"},{"floor":27,"key":"DuplicationPotion"},{"floor":33,"key":"LiquidMemories"}],"is_trial":false,"path_per_floor":["M","M","$","?","M","R","M","E","T","?","R","$","?","M","R","B",null,"M","?","?","?","M","E","R","?","T","M","E","R","$","E","R","B",null,"M","?","$","M","M","R","M","R","T","T","?","T","M","M","R","B",null],"character_chosen":"THE_WILD_CARD","items_purchased":["theWildCard:Providence","Anchor"],"campfire_rested":2,"item_purchase_floors":[3,37],"current_hp_per_floor":[66,66,66,66,66,66,66,44,44,49,49,49,49,49,49,48,71,61,61,53,53,55,37,37,37,37,39,40,40,40,25,46,39,71,71,71,71,53,55,55,33,54,54,54,46,46,54,60,60,47],"gold":520,"neow_bonus":"TEN_PERCENT_HP_BONUS","is_daily":false,"chose_seed":false,"campfire_upgraded":7,"win_rate":0.0,"timestamp":1612298639,"path_taken":["M","M","$","?","M","R","M","E","T","?","R","?","?","M","R","BOSS","M","?","?","?","?","E","R","?","T","M","E","R","$","E","R","BOSS","M","?","$","M","M","R","?","R","T","?","?","?","M","M","R","BOSS"],"items_purchased_type":["Card","Relic"],"build_version":"2020-12-22","purchased_purges":3,"victory":true,"max_hp_per_floor":[66,66,66,66,66,66,66,66,66,71,71,71,71,71,71,71,71,71,71,71,71,71,71,71,71,71,71,71,71,71,71,71,71,71,71,71,71,71,71,71,71,71,71,71,71,71,71,71,71,71],"card_choices":[{"not_picked":["theWildCard:UnendingRitual","theWildCard:ArcaneArts","theWildCard:Patience"],"picked":"SKIP","floor":1},{"not_picked":["theWildCard:StingingStrike","theWildCard:Unburden","theWildCard:ArcaneArts"],"picked":"SKIP","floor":2},{"not_picked":["theWildCard:Scathach","theWildCard:Impatience"],"picked":"theWildCard:Thanatos","floor":5},{"not_picked":["theWildCard:Unburden","theWildCard:Patience"],"picked":"theWildCard:PowerOfTheArcana","floor":7},{"not_picked":["theWildCard:Sakuya","theWildCard:ArchaicAssault","theWildCard:Scathach"],"picked":"SKIP","floor":8},{"not_picked":["theWildCard:Michael","theWildCard:ArchaicAssault","theWildCard:SacrificialStroke"],"picked":"SKIP","floor":14},{"not_picked":["theWildCard:AllOutAttack","theWildCard:Caesar"],"picked":"theWildCard:TheArcanaUnleashed","floor":16},{"not_picked":["theWildCard:Michael"],"picked":"SKIP","floor":18},{"not_picked":["theWildCard:Unburden+1"],"picked":"SKIP","floor":22},{"not_picked":[],"picked":"theWildCard:TheGreatSeal","floor":23},{"not_picked":["theWildCard:EnergizedStroke+1"],"picked":"SKIP","floor":27},{"not_picked":["theWildCard:Sakuya"],"picked":"SKIP","floor":28},{"not_picked":["theWildCard:BladeOfGenerations"],"picked":"SKIP","floor":31},{"not_picked":["theWildCard:Loki+1"],"picked":"SKIP","floor":35},{"not_picked":["theWildCard:SeveringSlash+1"],"picked":"SKIP","floor":38},{"not_picked":["theWildCard:SacrificialStroke+1"],"picked":"SKIP","floor":39},{"not_picked":["theWildCard:Loki+1"],"picked":"SKIP","floor":41},{"not_picked":[],"picked":"theWildCard:MagicalMight","floor":47},{"not_picked":["theWildCard:Scathach+1"],"picked":"SKIP","floor":48}],"player_experience":547161,"relics_obtained":[{"floor":8,"key":"Bag of Marbles"},{"floor":9,"key":"Nunchaku"},{"floor":13,"key":"Odd Mushroom"},{"floor":20,"key":"Red Mask"},{"floor":23,"key":"InkBottle"},{"floor":26,"key":"Bird Faced Urn"},{"floor":28,"key":"Ornamental Fan"},{"floor":31,"key":"Toxic Egg 2"},{"floor":43,"key":"Centennial Puzzle"},{"floor":44,"key":"Vajra"},{"floor":45,"key":"Peace Pipe"},{"floor":46,"key":"Bottled Flame"}],"event_choices":[{"damage_healed":0,"gold_gain":0,"player_choice":"Grow","damage_taken":0,"max_hp_gain":0,"max_hp_loss":0,"event_name":"Living Wall","floor":4,"gold_loss":0,"cards_upgraded":["theWildCard:Providence"]},{"damage_healed":0,"gold_gain":0,"player_choice":"Donut","damage_taken":0,"max_hp_gain":5,"max_hp_loss":0,"event_name":"Big Fish","floor":10,"gold_loss":0},{"damage_healed":0,"gold_gain":0,"player_choice":"Fought Mushrooms","damage_taken":0,"max_hp_gain":0,"max_hp_loss":0,"event_name":"Mushrooms","floor":13,"gold_loss":0},{"damage_healed":0,"gold_gain":0,"player_choice":"Read","damage_taken":0,"max_hp_gain":0,"max_hp_loss":0,"event_name":"The Library","floor":19,"gold_loss":0,"cards_obtained":["theWildCard:Salvation"]},{"damage_healed":0,"gold_gain":0,"player_choice":"Fought Bandits","damage_taken":0,"max_hp_gain":0,"max_hp_loss":0,"event_name":"Masked Bandits","floor":20,"gold_loss":0},{"damage_healed":0,"gold_gain":0,"cards_transformed":["theWildCard:BasicStrike"],"player_choice":"Transformed","damage_taken":0,"max_hp_gain":0,"max_hp_loss":0,"event_name":"Transmorgrifier","floor":21,"gold_loss":0,"cards_obtained":["theWildCard:ArchaicAssault"]},{"damage_healed":0,"gold_gain":0,"player_choice":"Trade","damage_taken":0,"relics_obtained":["CultistMask"],"max_hp_gain":0,"max_hp_loss":0,"event_name":"FaceTrader","floor":25,"gold_loss":0},{"damage_healed":0,"gold_gain":275,"player_choice":"Desecrate","damage_taken":0,"max_hp_gain":0,"max_hp_loss":0,"event_name":"Golden Shrine","floor":36,"gold_loss":0,"cards_obtained":["Regret"]},{"damage_healed":0,"gold_gain":0,"player_choice":"Fight","damage_taken":0,"max_hp_gain":0,"max_hp_loss":0,"event_name":"Mysterious Sphere","floor":45,"gold_loss":0}],"is_beta":false,"boss_relics":[{"not_picked":["Pandora\u0027s Box","Runic Dome"],"picked":"Busted Crown"},{"not_picked":["Calling Bell","Sozu"],"picked":"Black Star"}],"items_purged_floors":[12,30,37],"is_endless":false,"potions_floor_spawned":[1,2,13,16,18,22,27,33,35,41,47,48],"ascension_level":4}}