{"host":"nxma0dbhh74lxenq","time":1612276836,"event":{"mods":["Astrologer","BaseMod","Beaked The Cultist","CapriCore","Colored Map","DeckTracker","Gremlin Mod","HololiveMod","KinomotoSakuraMod(ñÿîVñ{?)","Koishi","Mad Scientist","Minty Spire (QoL Compilation)","Prisma Mod","StSLib","SuperFastMode","The Bladedancer","The Cursed","The Immortal","The Mystic","YoumuÅiç∞ÈÆódöÎÅj"],"gold_per_floor":[118,118,83,96,109,144,144,160,186,10,0,0,27,59,59,59,59],"floor_reached":16,"language":"JPN","playtime":316,"items_purged":["Koishi:BasicStrike"],"score":189,"play_id":"896c802e-1850-4008-9adf-11a77bea4d40","local_time":"20210202234036","is_ascension_mode":true,"campfire_choices":[{"floor":12,"key":"REST"},{"floor":15,"key":"REST"}],"circlet_count":0,"master_deck":["AscendersBane","Koishi:BasicStrike","Koishi:BasicStrike","Koishi:BasicStrike","Koishi:BasicDefend","Koishi:BasicDefend","Koishi:BasicDefend","Koishi:BasicDefend","Koishi:Provoke","Koishi:HauntingSlash","Koishi:SubconsciousSweep","Koishi:BramblyRoseGarden","Koishi:PredatoryInstincts","Koishi:Jaunt","Koishi:CatchAndRose"],"relics":["Koishi:ImaginaryFriend","NeowsBlessing","Juzu Bracelet","Smiling Mask","The Courier","Anchor","Lantern","Boot","Regal Pillow"],"acts_visited":["Exordium"],"potions_floor_usage":[8,16],"damage_taken":[{"damage":0,"enemies":"2 Louse","floor":1,"turns":1},{"damage":0,"enemies":"Jaw Worm","floor":4,"turns":1},{"damage":0,"enemies":"Small Slimes","floor":5,"turns":1},{"damage":35,"enemies":"3 Sentries","floor":6,"turns":7},{"damage":6,"enemies":"Exordium Wildlife","floor":8,"turns":3},{"damage":31,"enemies":"Gremlin Nob","floor":14,"turns":6},{"damage":44,"enemies":"Hexaghost","floor":16,"turns":10}],"seed_played":"1335512103556775136","potions_obtained":[{"floor":1,"key":"Fire Potion"},{"floor":5,"key":"AttackPotion"},{"floor":8,"key":"BlessingOfTheForge"},{"floor":14,"key":"Ancient Potion"}],"is_trial":false,"path_per_floor":["M","?","?","M","M","E","?","M","T","$","?","R","T","E","R","B"],"character_chosen":"KOISHI","items_purchased":["Lantern"],"campfire_rested":2,"item_purchase_floors":[10],"current_hp_per_floor":[51,40,54,54,54,23,23,21,21,21,21,38,38,11,43,0,0],"gold":59,"neow_bonus":"THREE_ENEMY_KILL","is_daily":false,"chose_seed":false,"campfire_upgraded":0,"win_rate":0.0,"timestamp":1612276836,"path_taken":["M","?","?","M","M","E","?","M","T","$","?","R","?","E","R","BOSS"],"items_purchased_type":["Relic"],"build_version":"2020-12-22","purchased_purges":1,"victory":false,"max_hp_per_floor":[57,57,57,57,57,57,57,57,57,57,57,57,57,57,57,57,57],"card_choices":[{"not_picked":["Koishi:RorschachInDanmaku","Koishi:FidgetySnatcher"],"picked":"Koishi:SubconsciousSweep","floor":1},{"not_picked":["Koishi:PhilosophyOfTheDespised","Koishi:ReflexRadar"],"picked":"Koishi:BramblyRoseGarden","floor":4},{"not_picked":["Koishi:TremblingHands","Koishi:ApparitionsStalkTheNight"],"picked":"Koishi:PredatoryInstincts","floor":5},{"not_picked":["Koishi:BloodcurdlingScream","Koishi:FreudianInstinct"],"picked":"Koishi:Jaunt","floor":6},{"not_picked":["Koishi:EmbryosDream","Koishi:Jaunt"],"picked":"Koishi:CatchAndRose","floor":8},{"not_picked":["Koishi:SuperEgo","Koishi:FreudianInstinct","Koishi:Jaunt"],"picked":"SKIP","floor":14}],"player_experience":569308,"relics_obtained":[{"floor":6,"key":"Smiling Mask"},{"floor":9,"key":"Anchor"},{"floor":13,"key":"Boot"},{"floor":14,"key":"Regal Pillow"}],"event_choices":[{"damage_healed":0,"gold_gain":0,"player_choice":"Success","damage_taken":11,"relics_obtained":["Juzu Bracelet"],"max_hp_gain":0,"max_hp_loss":0,"event_name":"Scrap Ooze","floor":2,"gold_loss":0},{"damage_healed":14,"gold_gain":0,"player_choice":"Healed","damage_taken":0,"max_hp_gain":0,"max_hp_loss":0,"event_name":"The Cleric","floor":3,"gold_loss":35},{"damage_healed":0,"gold_gain":0,"player_choice":"Gave Potion","damage_taken":0,"relics_obtained":["The Courier"],"max_hp_gain":0,"max_hp_loss":0,"event_name":"WeMeetAgain","floor":7,"gold_loss":0},{"damage_healed":0,"gold_gain":0,"player_choice":"Left Gold","damage_taken":0,"max_hp_gain":0,"max_hp_loss":0,"event_name":"World of Goop","floor":11,"gold_loss":10}],"is_beta":false,"boss_relics":[],"items_purged_floors":[10],"is_endless":false,"potions_floor_spawned":[1,5,8,14],"killed_by":"Hexaghost","ascension_level":15}}