{"host":"xrk7zhg70ipmpx3n","time":1612238367,"event":{"mods":["BaseMod","Colored Map","Downfall","Highlight Path","Minty Spire (QoL Compilation)","StSLib"],"gold_per_floor":[114,129,129,144,159,159,159,174,174,204,204,54,69,84,84,184,184,199,199,199,214,229,229,229],"floor_reached":23,"language":"ENG","playtime":1015,"items_purged":[],"score":195,"play_id":"47886bd7-c413-4620-9065-3fdf0d5f7b97","local_time":"20210202135927","daily_mods":["SealedDeck","Uncertain Future","Lethality"],"is_ascension_mode":false,"campfire_choices":[{"data":"Perfected Strike","floor":6,"key":"SMITH"},{"floor":11,"key":"REST"},{"data":"Impervious","floor":15,"key":"SMITH"}],"circlet_count":0,"master_deck":["Thunderclap","Body Slam","Pommel Strike","Shrug It Off","Twin Strike","Twin Strike","Wild Strike","Inflame+1","Twin Strike","Armaments","Iron Wave","Battle Trance","Armaments","Perfected Strike+1","Impervious+1","Iron Wave","Thunderclap","Pummel","Barricade","Body Slam+1","Metallicize","Cleave"],"relics":["Burning Blood","Blue Candle","Paper Frog","Ornamental Fan","Guardian:BottledAnomaly","Black Star"],"acts_visited":["Exordium","TheCity"],"potions_floor_usage":[10,23],"damage_taken":[{"damage":0,"enemies":"Cultist","floor":1,"turns":2},{"damage":10,"enemies":"Small Slimes","floor":2,"turns":2},{"damage":0,"enemies":"2 Louse","floor":4,"turns":1},{"damage":10,"enemies":"Blue Slaver","floor":5,"turns":2},{"damage":8,"enemies":"Looter","floor":8,"turns":2},{"damage":21,"enemies":"Lagavulin","floor":10,"turns":4},{"damage":0,"enemies":"Exordium Thugs","floor":13,"turns":2},{"damage":0,"enemies":"Exordium Wildlife","floor":14,"turns":2},{"damage":11,"enemies":"Slime Boss","floor":16,"turns":6},{"damage":11,"enemies":"Chosen","floor":18,"turns":3},{"damage":18,"enemies":"Shell Parasite","floor":21,"turns":3},{"damage":20,"enemies":"Snake Plant","floor":22,"turns":3},{"damage":49,"enemies":"Gremlin Leader","floor":23,"turns":2}],"seed_played":"-9070903199233054170","potions_obtained":[{"floor":1,"key":"Ancient Potion"},{"floor":5,"key":"CultistPotion"},{"floor":10,"key":"BloodPotion"},{"floor":18,"key":"SteroidPotion"}],"is_trial":false,"path_per_floor":["M","M","?","M","M","R","?","M","T","E","R","$","M","M","R","B",null,"M","?","?","M","M","E"],"character_chosen":"IRONCLAD","items_purchased":["Guardian:BottledAnomaly"],"campfire_rested":1,"item_purchase_floors":[12],"current_hp_per_floor":[80,76,76,80,76,76,71,69,69,54,78,78,80,80,80,75,80,75,60,51,39,25,0,0],"gold":229,"neow_bonus":"","is_daily":true,"chose_seed":false,"campfire_upgraded":2,"win_rate":0.0,"timestamp":1612238367,"path_taken":["M","?","?","M","M","R","?","M","T","E","R","$","M","M","R","BOSS","M","?","?","M","M","E"],"items_purchased_type":["Relic"],"build_version":"2020-12-22","purchased_purges":0,"victory":false,"max_hp_per_floor":[80,80,80,80,80,80,80,80,80,80,80,80,80,80,80,80,80,80,85,85,85,85,85,85],"card_choices":[{"not_picked":["Power Through","Carnage"],"picked":"Iron Wave","floor":1},{"not_picked":["Combust","Sever Soul"],"picked":"Battle Trance","floor":2},{"not_picked":["Clothesline","Ghostly Armor"],"picked":"Armaments","floor":4},{"not_picked":["Reckless Charge","Pommel Strike"],"picked":"Perfected Strike","floor":5},{"not_picked":["Pommel Strike","Heavy Blade"],"picked":"Impervious","floor":8},{"not_picked":["Combust","True Grit"],"picked":"Iron Wave","floor":10},{"not_picked":["True Grit","Heavy Blade"],"picked":"Thunderclap","floor":13},{"not_picked":["True Grit","Whirlwind"],"picked":"Pummel","floor":14},{"not_picked":["Feed","Double Tap"],"picked":"Barricade","floor":16},{"not_picked":["Wild Strike+1","Sword Boomerang"],"picked":"Body Slam+1","floor":18},{"not_picked":["Havoc","Blood for Blood"],"picked":"Metallicize","floor":21},{"not_picked":["Pummel","Battle Trance"],"picked":"Cleave","floor":22}],"player_experience":20582,"relics_obtained":[{"floor":9,"key":"Paper Frog"},{"floor":10,"key":"Ornamental Fan"}],"event_choices":[{"damage_healed":0,"gold_gain":0,"player_choice":"Grow","damage_taken":0,"max_hp_gain":0,"max_hp_loss":0,"event_name":"Living Wall","floor":3,"gold_loss":0,"cards_upgraded":["Inflame"]},{"damage_healed":0,"gold_gain":0,"player_choice":"Shed Blood","damage_taken":20,"max_hp_gain":5,"max_hp_loss":0,"event_name":"Forgotten Altar","floor":19,"gold_loss":0},{"damage_healed":0,"gold_gain":0,"player_choice":"Stopped","damage_taken":9,"max_hp_gain":0,"max_hp_loss":0,"event_name":"Cursed Tome","floor":20,"gold_loss":0}],"is_beta":false,"boss_relics":[{"not_picked":["Snecko Eye","bronze:MakeshiftBattery"],"picked":"Black Star"}],"items_purged_floors":[],"is_endless":false,"potions_floor_spawned":[1,5,10,18],"killed_by":"Gremlin Leader","ascension_level":0}}