{"host":"4k1o517shm2ba6vh","time":1612308466,"event":{"mods":["AchievementEnabler","BaseMod","Downfall","Minty Spire (QoL Compilation)","Smile Girya","StSLib","The Poker Player","everything is the same but u backflip on backflip"],"gold_per_floor":[99,117,117,130,142,162,240,232,232,253,253,271,284,284,307,417,417,417,451,451,467,467,497,521,532,532,550,550,578,601,601,601,601],"floor_reached":31,"language":"ENG","playtime":2221,"items_purged":[],"score":235,"play_id":"32baf0d4-54da-4754-b66d-36f0c7f0db8b","local_time":"20210202172746","is_ascension_mode":false,"campfire_choices":[{"data":"hexamod:Sear","floor":1.0,"key":"SMITH"},{"data":"hexamod:Float","floor":9.0,"key":"SMITH"},{"data":"hexamod:VolcanoVisage","floor":18,"key":"SMITH"},{"data":"hexamod:SoulSteal","floor":26,"key":"SMITH"},{"data":"hexamod:RainOfEmbers","floor":28,"key":"SMITH"}],"circlet_count":0,"master_deck":["hexamod:Strike","hexamod:Strike","hexamod:Strike","hexamod:Defend","hexamod:Defend","hexamod:Defend","hexamod:Defend","hexamod:Sear+1","hexamod:Float+1","hexamod:StepThrough","hexamod:HexaLevel","hexamod:FirstSeal","hexamod:SecondSeal","hexamod:ThirdSeal","hexamod:FourthSeal","hexamod:Hexaguard","hexamod:GhostShield","hexamod:ForkedFlame","hexamod:Haunt","hexamod:ParanormalForm","hexamod:SecondSeal","hexamod:VolcanoVisage+1","hexamod:SoulSteal+1","hexamod:Haunt","hexamod:SwordOfDarkness+1","hexamod:RainOfEmbers+1","hexamod:UnleashSpirits","hexamod:FastForward","hexamod:EmpoweredFlame+1"],"relics":["hexamod:UnbrokenSoul","Meat on the Bone","Lantern"],"acts_visited":["Exordium","TheCity"],"potions_floor_usage":[21,27,29,30,30,30,31],"damage_taken":[{"damage":0.0,"enemies":"Cultist","floor":2.0,"turns":3.0},{"damage":1.0,"enemies":"2 Louse","floor":4.0,"turns":4.0},{"damage":0.0,"enemies":"Small Slimes","floor":5.0,"turns":3.0},{"damage":2.0,"enemies":"Blue Slaver","floor":6.0,"turns":4.0},{"damage":0.0,"enemies":"Large Slime","floor":10.0,"turns":7.0},{"damage":6.0,"enemies":"2 Fungi Beasts","floor":12.0,"turns":4.0},{"damage":20.0,"enemies":"Large Slime","floor":13.0,"turns":7.0},{"damage":4.0,"enemies":"3 Louse","floor":15.0,"turns":4.0},{"damage":24.0,"enemies":"WA_ARCHETYPE_RETAIN","floor":16.0,"turns":7.0},{"damage":12,"enemies":"Shell Parasite","floor":19,"turns":6},{"damage":8,"enemies":"3 Byrds","floor":21,"turns":3},{"damage":22,"enemies":"Shelled Parasite and Fungi","floor":23,"turns":6},{"damage":18,"enemies":"3 Cultists","floor":25,"turns":4},{"damage":16,"enemies":"Snake Plant","floor":27,"turns":3},{"damage":35,"enemies":"Cultist and Chosen","floor":29,"turns":6},{"damage":24,"enemies":"Snecko","floor":30,"turns":5},{"damage":33,"enemies":"Sentry and Sphere","floor":31,"turns":5}],"seed_played":"-3781078579033326225","potions_obtained":[{"floor":4.0,"key":"SneckoOil"},{"floor":5.0,"key":"champ:CounterPotion"},{"floor":10.0,"key":"AttackPotion"},{"floor":10.0,"key":"Swift Potion"},{"floor":12.0,"key":"CultistPotion"},{"floor":19,"key":"Dexterity Potion"},{"floor":19,"key":"GamblersBrew"},{"floor":21,"key":"Swift Potion"},{"floor":25,"key":"champ:CounterPotion"},{"floor":29,"key":"Energy Potion"},{"floor":29,"key":"champ:CounterPotion"},{"floor":30,"key":"DistilledChaos"}],"is_trial":false,"path_per_floor":["R","M","?","M","M","M","T","?","R","M","?","M","M","?","M","B",null,"R","M","?","M","?","M","T","M","R","M","R","M","M","M"],"character_chosen":"THE_SPIRIT","items_purchased":[],"campfire_rested":0,"item_purchase_floors":[],"current_hp_per_floor":[77,77,77,76,76,74,74,67,67,74,79,80,67,67,70,53,82,82,77,77,69,69,54,54,55,55,51,51,35,30,0,0,0],"gold":601,"neow_bonus":"TEN_PERCENT_HP_BONUS","is_daily":false,"chose_seed":false,"campfire_upgraded":5,"win_rate":0.0,"timestamp":1612308466,"path_taken":["R","M","?","M","M","?","T","?","R","M","?","M","M","?","M","BOSS","R","M","?","M","?","M","T","M","R","M","R","M","M","M"],"items_purchased_type":[],"build_version":"2020-12-22","purchased_purges":0,"victory":false,"max_hp_per_floor":[77,77,77,77,77,77,77,77,77,77,82,82,82,82,82,82,82,82,82,82,82,82,82,82,82,82,82,82,82,82,82,82,82],"card_choices":[{"not_picked":["hexamod:BurningTouch","hexamod:SpectersWail"],"picked":"hexamod:InspiringFlames","floor":2.0},{"not_picked":["hexamod:ShieldOfDarkness","hexamod:SwordOfDarkness"],"picked":"hexamod:StepThrough","floor":4.0},{"not_picked":["hexamod:SwordOfDarkness","hexamod:RetreatToShadows","hexamod:InspiringFlames"],"picked":"SKIP","floor":5.0},{"not_picked":["hexamod:ThermalTransfer","hexamod:RetreatToShadows"],"picked":"hexamod:HexaLevel","floor":6.0},{"not_picked":["hexamod:ChargedBarrage","hexamod:BacktrackSmack"],"picked":"hexamod:Hexaguard","floor":10.0},{"not_picked":["hexamod:AdvancingGuard","hexamod:Haunt","hexamod:ExtraCrispy"],"picked":"SKIP","floor":10.0},{"not_picked":["hexamod:BurningTouch","hexamod:SwordOfDarkness"],"picked":"hexamod:GhostShield","floor":12.0},{"not_picked":["hexamod:Again","hexamod:NightmareGuise"],"picked":"hexamod:ForkedFlame","floor":12.0},{"not_picked":["hexamod:AdvancingGuard","hexamod:BurningTouch"],"picked":"hexamod:Haunt","floor":13.0},{"not_picked":["hexamod:NightmareStrike","hexamod:GhostLash","hexamod:RecurringNightmare"],"picked":"SKIP","floor":13.0},{"not_picked":["hexamod:NightmareGuise","hexamod:SwordOfDarkness"],"picked":"hexamod:ParanormalForm","floor":15.0},{"not_picked":["hexamod:ChargedBarrage","hexamod:GhostflameBarrier"],"picked":"hexamod:SecondSeal","floor":15.0},{"not_picked":["hexamod:FifthSeal","hexamod:ParanormalForm"],"picked":"hexamod:VolcanoVisage","floor":16.0},{"not_picked":["hexamod:FirstSeal","hexamod:Hexaguard","hexamod:ChargedBarrage"],"picked":"SKIP","floor":19},{"not_picked":["hexamod:Rewind","hexamod:Firestarter","hexamod:NecessarySacrifice"],"picked":"SKIP","floor":19},{"not_picked":["hexamod:HeatShield","hexamod:GhostLash"],"picked":"hexamod:Haunt","floor":21},{"not_picked":["hexamod:CatchUp","hexamod:Firestarter","hexamod:NightmareStrike"],"picked":"SKIP","floor":21},{"not_picked":["hexamod:Haunt","hexamod:FastForward"],"picked":"hexamod:SwordOfDarkness+1","floor":23},{"not_picked":["hexamod:GhostOfSpirePast","hexamod:NightmareStrike"],"picked":"hexamod:RainOfEmbers","floor":23},{"not_picked":["hexamod:BurningTouch+1","hexamod:Firestarter"],"picked":"hexamod:UnleashSpirits","floor":25},{"not_picked":["hexamod:FourthSeal","hexamod:HeatMetal"],"picked":"hexamod:FastForward","floor":27},{"not_picked":["hexamod:ThermalTransfer","hexamod:FourthSeal"],"picked":"hexamod:EmpoweredFlame+1","floor":29},{"not_picked":["hexamod:NightmareGuise+1","hexamod:ThirdSeal","hexamod:NightmareStrike"],"picked":"SKIP","floor":30},{"not_picked":["hexamod:BacktrackSmack","hexamod:HeatMetal","hexamod:HeatShield"],"picked":"SKIP","floor":30}],"player_experience":467309,"relics_obtained":[{"floor":7.0,"key":"Meat on the Bone"},{"floor":24,"key":"Lantern"}],"event_choices":[{"damage_healed":0.0,"max_hp_gain":5.0,"max_hp_loss":0.0,"gold_gain":0.0,"event_name":"Big Fish","player_choice":"Donut","floor":11.0,"gold_loss":0.0,"damage_taken":0.0},{"damage_healed":0,"gold_gain":0,"player_choice":"Read","damage_taken":0,"max_hp_gain":0,"max_hp_loss":0,"event_name":"The Library","floor":20,"gold_loss":0,"cards_obtained":["hexamod:SoulSteal"]}],"is_beta":false,"boss_relics":[{"not_picked":["Philosopher\u0027s Stone","Tiny House"],"picked":"hexamod:UnbrokenSoul"}],"items_purged_floors":[],"is_endless":false,"potions_floor_spawned":[4,5,10,12,19,21,25,29],"killed_by":"Sentry and Sphere","ascension_level":0}}