{"host":"f4xk8spljo3akohx","time":1612245414,"event":{"mods":["Act Like it!","Arknights","BaseMod","Downfall","Gensokyo","GifTheSpireLib","Hallownest","Highlight Path","Marisa£®ÏF”Í°°ƒß¿Ì…≥£©","Minty Spire (QoL Compilation)","Quick Restart","StSLib","The Bug Knight"],"gold_per_floor":[110,110,110,10,27,27,55,70,70,81,81,112,112,112,112,112,112],"floor_reached":16,"language":"ZHS","playtime":357,"items_purged":[],"score":112,"play_id":"e5fe7bfe-7bb1-4a7d-bb41-ba428f496a77","local_time":"20210202135654","is_ascension_mode":true,"campfire_choices":[{"data":"ats:Armor Crushing Shot","floor":6.0,"key":"SMITH"},{"floor":11.0,"key":"REST"},{"data":"ats:Overload","floor":13.0,"key":"SMITH"},{"data":"ats:Emotion Absorption","floor":15.0,"key":"SMITH"}],"circlet_count":0,"master_deck":["ats:Strike C","ats:Strike G","ats:Strike S","ats:Strike V","ats:Armor Crushing Shot+1","ats:Defend","ats:Defend","ats:Defend","ats:Defend","ats:Emotion Absorption+1","ats:Ignite+1","ats:Overload+1"],"relics":["Sozu","Pear","Mercury Hourglass","ats:Originium","Sundial","Frozen Egg 2","InkBottle","Blue Candle"],"acts_visited":["Gensokyo:Gensokyo"],"potions_floor_usage":[],"damage_taken":[{"damage":7.0,"enemies":"Gensokyo:Gryphon","floor":1.0,"turns":3.0},{"damage":0.0,"enemies":"Gensokyo:2_Kodama","floor":5.0,"turns":3.0},{"damage":24.0,"enemies":"Gensokyo:Aya","floor":7.0,"turns":6.0},{"damage":0.0,"enemies":"Gensokyo:3_Fairies","floor":8.0,"turns":2.0},{"damage":15.0,"enemies":"Gensokyo:CorruptedTreant","floor":10.0,"turns":3.0},{"damage":3.0,"enemies":"Gensokyo:Mamizou","floor":12.0,"turns":7.0},{"damage":41,"enemies":"Gensokyo:Yukari","floor":16,"turns":4}],"seed_played":"4444240296177281331","potions_obtained":[],"is_trial":false,"path_per_floor":["M","?","?","?","M","R","E","M","T","M","R","E","R","?","R","B"],"character_chosen":"DOCTOR_CLASS","items_purchased":[],"campfire_rested":1,"item_purchase_floors":[],"current_hp_per_floor":[65,60,60,60,60,60,36,36,36,21,45,42,42,37,37,0,0],"gold":112,"neow_bonus":"BOSS_RELIC","is_daily":false,"chose_seed":false,"campfire_upgraded":3,"win_rate":0.0,"timestamp":1612245414,"path_taken":["M","?","?","?","?","R","E","M","T","M","R","E","R","?","R","BOSS"],"items_purchased_type":[],"build_version":"2020-12-22","purchased_purges":0,"victory":false,"max_hp_per_floor":[72,82,82,82,82,82,82,82,82,82,82,82,82,82,82,82,82],"card_choices":[{"not_picked":["ats:Powerful Strike","ats:Flexible Camouflage"],"picked":"ats:Ignite","floor":1.0},{"not_picked":["ats:Apocalypse","ats:Curse Doll","ats:Shell Defense"],"picked":"SKIP","floor":5.0},{"not_picked":["ats:Encircling Forest","ats:Blood Oath","ats:Explosion Area Strengthen"],"picked":"SKIP","floor":7.0},{"not_picked":["ats:Collapsing Strike","ats:Shadow Raid"],"picked":"ats:Overload","floor":8.0},{"not_picked":["ats:Assault Order","ats:Curse Doll","ats:Explosion Area Strengthen"],"picked":"SKIP","floor":10.0},{"not_picked":["ats:Curse Doll","ats:Directed Diagnosis","ats:Chain Hook"],"picked":"SKIP","floor":12.0}],"player_experience":70151,"relics_obtained":[{"floor":7.0,"key":"ats:Originium"},{"floor":7.0,"key":"Sundial"},{"floor":9.0,"key":"Frozen Egg 2"},{"floor":12.0,"key":"ats:Originium"},{"floor":12.0,"key":"InkBottle"}],"event_choices":[],"is_beta":false,"boss_relics":[],"items_purged_floors":[],"is_endless":false,"potions_floor_spawned":[7],"killed_by":"Gensokyo:Yukari","ascension_level":1}}