{"host":"1hzg86ju9fvxh562","time":1612309880,"event":{"mods":["AchievementEnabler","Act Like it!","AlwaysNeverKeys","BaseMod","Bestiary","Better Altar","Better Match","Better Note","Better Sensory Stone","Better Skull","Better Third Choice","Colored Map","Colored Powertips","Curses Come First","Displayed Cursed Tome","Filter the Spire","Highlight Path","Keyboard Shortcuts","Minty Spire (QoL Compilation)","Rare Cards Sparkle","Relic Sorter","Relic Stats","ShortenTheSpire","Spicy Shops","StSLib","everything is the same but u backflip on backflip","slay the spire mod where everything is the same but ironclad has a cowboy hat"],"gold_per_floor":[110,129,147,167,184,184,219,250,262,274,316,342,372,419,431,516,528,552,373,20,39,54,82,82,115,115,128,128,156,48,60,60,135,135,152,163,163,163,163,191,191,224,224,235,74,1,18,43,43,43,43,43,17,43,43],"floor_reached":56,"language":"ENG","playtime":6055,"items_purged":["Loop","Glacier"],"score":2256,"play_id":"1454b221-8482-49e4-a4d2-b89bd114826b","local_time":"20210202215120","is_ascension_mode":true,"campfire_choices":[{"data":"Sunder","floor":6.0,"key":"SMITH"},{"floor":15,"key":"REST"},{"floor":24,"key":"REST"},{"data":"Reprogram","floor":28,"key":"SMITH"},{"data":"Reprogram","floor":32,"key":"SMITH"},{"data":"Fission","floor":41,"key":"SMITH"},{"floor":49,"key":"RECALL"},{"data":"Metamorphosis","floor":52,"key":"SMITH"}],"circlet_count":0,"master_deck":["AscendersBane","Zap","Dualcast","All For One","FTL+1","Compile Driver","Steam Power","Sunder+1","Tempest","Melter","Hologram","Conserve Battery","Auto Shields","Chill","Scrape","Ball Lightning+1","Go for the Eyes","Reprogram+1","Undo","Fission+1","Go for the Eyes","Beam Cell","Stack","Trip","Genetic Algorithm","Reprogram+1","Echo Form","Hologram","Compile Driver","FTL+1","Sweeping Beam","Seek","Reinforced Body+1","Redo+1","Dark Shackles","Metamorphosis+1","Beam Cell","Fission+1","Sweeping Beam","Beam Cell","Go for the Eyes"],"relics":["Pandora\u0027s Box","MawBank","Pear","Regal Pillow","Shuriken","Black Star","Membership Card","Torii","PreservedInsect","Unceasing Top","Ornamental Fan","Shovel","TungstenRod","Letter Opener","Strawberry","Art of War","Lee\u0027s Waffle","Cursed Key","Vajra","InkBottle","Mummified Hand","Anchor","Whetstone","DollysMirror","Medical Kit","StoneCalendar","Oddly Smooth Stone","StrikeDummy"],"acts_visited":["Exordium","TheCity","TheBeyond","TheEnding"],"potions_floor_usage":[14,16,16,23,25,31,33,36,40,50,55,55],"damage_taken":[{"damage":0.0,"enemies":"Cultist","floor":1.0,"turns":2.0},{"damage":0.0,"enemies":"Small Slimes","floor":2.0,"turns":3.0},{"damage":0.0,"enemies":"2 Louse","floor":3.0,"turns":2.0},{"damage":6.0,"enemies":"2 Fungi Beasts","floor":4.0,"turns":3.0},{"damage":13.0,"enemies":"Blue Slaver","floor":5.0,"turns":3.0},{"damage":15.0,"enemies":"Lagavulin","floor":7.0,"turns":6.0},{"damage":2.0,"enemies":"Looter","floor":8.0,"turns":3.0},{"damage":1.0,"enemies":"3 Sentries","floor":11.0,"turns":6.0},{"damage":6.0,"enemies":"Lots of Slimes","floor":12.0,"turns":4.0},{"damage":0.0,"enemies":"Exordium Thugs","floor":13.0,"turns":3.0},{"damage":15,"enemies":"Lagavulin","floor":14,"turns":4},{"damage":40,"enemies":"Hexaghost","floor":16,"turns":12},{"damage":10,"enemies":"Spheric Guardian","floor":18,"turns":3},{"damage":16,"enemies":"Chosen","floor":21,"turns":6},{"damage":9,"enemies":"Snecko","floor":22,"turns":5},{"damage":21,"enemies":"Slavers","floor":23,"turns":4},{"damage":8,"enemies":"Book of Stabbing","floor":25,"turns":5},{"damage":0,"enemies":"Centurion and Healer","floor":27,"turns":5},{"damage":0,"enemies":"Gremlin Leader","floor":29,"turns":5},{"damage":7,"enemies":"Snake Plant","floor":31,"turns":5},{"damage":29,"enemies":"Collector","floor":33,"turns":7},{"damage":0,"enemies":"Orb Walker","floor":35,"turns":3},{"damage":0,"enemies":"3 Shapes","floor":36,"turns":4},{"damage":35,"enemies":"Nemesis","floor":40,"turns":5},{"damage":0,"enemies":"Giant Head","floor":42,"turns":5},{"damage":11,"enemies":"Writhing Mass","floor":44,"turns":3},{"damage":10,"enemies":"Sphere and 2 Shapes","floor":47,"turns":4},{"damage":0,"enemies":"Mind Bloom Boss Battle","floor":48,"turns":3},{"damage":0,"enemies":"Awakened One","floor":50,"turns":7},{"damage":26,"enemies":"Shield and Spear","floor":54,"turns":4},{"damage":46,"enemies":"The Heart","floor":55,"turns":6}],"seed_played":"2441715972062550185","potions_obtained":[{"floor":1.0,"key":"CultistPotion"},{"floor":2.0,"key":"Energy Potion"},{"floor":10.0,"key":"DuplicationPotion"},{"floor":11.0,"key":"ColorlessPotion"},{"floor":13.0,"key":"PowerPotion"},{"floor":14,"key":"Block Potion"},{"floor":16,"key":"FocusPotion"},{"floor":23,"key":"AttackPotion"},{"floor":25,"key":"FocusPotion"},{"floor":29,"key":"EssenceOfDarkness"},{"floor":31,"key":"SpeedPotion"},{"floor":33,"key":"Energy Potion"},{"floor":36,"key":"Fruit Juice"},{"floor":44,"key":"BlessingOfTheForge"},{"floor":54,"key":"AttackPotion"}],"is_trial":false,"path_per_floor":["M","M","M","M","M","R","E","M","T","?","E","M","M","E","R","B",null,"M","$","$","M","M","E","R","E","T","M","R","E","$","M","R","B",null,"M","M","?","?","?","E","R","E","T","M","$","$","M","?","R","B",null,"R","$","E","B",null],"character_chosen":"DEFECT","items_purchased":["Beam Cell","Stack","Membership Card","Trip","Torii","PreservedInsect","Art of War","Lee\u0027s Waffle","Whetstone","DollysMirror","Medical Kit","Dexterity Potion"],"campfire_rested":2,"item_purchase_floors":[19,19,20,20,20,20,30,30,45,45,46,53],"current_hp_per_floor":[64,64,64,58,45,45,30,28,38,38,37,31,31,16,55,15,65,55,55,55,39,30,9,48,40,40,40,40,47,95,88,88,59,86,86,91,91,91,91,56,56,56,56,45,45,45,35,35,35,35,80,80,80,54,8],"gold":43,"neow_bonus":"BOSS_RELIC","is_daily":false,"chose_seed":false,"campfire_upgraded":5,"win_rate":0.0,"timestamp":1612309880,"path_taken":["M","?","M","?","M","R","E","M","T","?","E","M","M","E","R","BOSS","M","?","$","M","M","E","R","E","T","M","R","E","$","M","R","BOSS","M","M","?","?","?","E","R","E","T","M","?","$","?","?","R","BOSS","R","$","E","BOSS"],"items_purchased_type":["Card","Card","Relic","Card","Relic","Relic","Relic","Relic","Relic","Relic","Relic","Potion"],"build_version":"2020-12-22","purchased_purges":2,"victory":true,"max_hp_per_floor":[71,71,71,71,71,71,71,71,81,81,81,81,81,81,81,81,81,81,81,81,81,81,81,81,81,81,81,81,88,95,95,95,95,95,95,100,100,100,95,95,95,95,95,95,95,95,95,95,95,95,95,95,95,95,95],"relic_stats":{"Regal Pillow":30,"Lee\u0027s Waffle":48,"Torii":12,"counters":[31,140],"StoneCalendar":[0],"PreservedInsect":387,"Letter Opener":[210],"Whetstone":["Ball Lightning","FTL"],"MawBank":144,"Cursed Key":0,"Medical Kit":[7],"Shovel":0,"Shuriken":[82],"Ornamental Fan":[288],"Mummified Hand":[5],"Pandora\u0027s Box":["All For One","FTL","Compile Driver","Loop","Glacier","Steam Power","Sunder","Tempest"],"Black Star":6,"Art of War":[5],"obtain_stats":[{"Regal Pillow":11,"Torii":20,"Vajra":40,"StoneCalendar":48,"Whetstone":45,"Cursed Key":34,"Shovel":25,"Mummified Hand":42,"DollysMirror":45,"Strawberry":29,"Cracked Core":0,"InkBottle":40,"Lee\u0027s Waffle":30,"Pear":9,"Oddly Smooth Stone":54,"PreservedInsect":20,"Letter Opener":29,"MawBank":7,"Medical Kit":46,"Anchor":42,"Shuriken":14,"Ornamental Fan":23,"Pandora\u0027s Box":0,"Black Star":17,"Art of War":30,"Membership Card":20,"StrikeDummy":54,"Unceasing Top":23,"TungstenRod":25},{"Regal Pillow":8,"Torii":13,"Vajra":24,"StoneCalendar":28,"Whetstone":26,"Cursed Key":21,"Shovel":17,"Mummified Hand":25,"DollysMirror":26,"Strawberry":19,"Cracked Core":0,"InkBottle":24,"Lee\u0027s Waffle":19,"Pear":7,"Oddly Smooth Stone":30,"PreservedInsect":13,"Letter Opener":19,"MawBank":6,"Medical Kit":26,"Anchor":25,"Shuriken":11,"Ornamental Fan":16,"Pandora\u0027s Box":0,"Black Star":12,"Art of War":19,"Membership Card":13,"StrikeDummy":30,"Unceasing Top":16,"TungstenRod":17},{"Regal Pillow":28,"Torii":54,"Vajra":108,"StoneCalendar":123,"Whetstone":116,"Cursed Key":96,"Shovel":74,"Mummified Hand":113,"DollysMirror":116,"Strawberry":84,"Cracked Core":0,"InkBottle":108,"Lee\u0027s Waffle":84,"Pear":22,"Oddly Smooth Stone":134,"PreservedInsect":54,"Letter Opener":84,"MawBank":19,"Medical Kit":116,"Anchor":113,"Shuriken":39,"Ornamental Fan":69,"Pandora\u0027s Box":0,"Black Star":51,"Art of War":84,"Membership Card":54,"StrikeDummy":134,"Unceasing Top":69,"TungstenRod":74}],"Unceasing Top":[27],"TungstenRod":32,"InkBottle":[28]},"card_choices":[{"not_picked":["Skim","Barrage"],"picked":"Melter","floor":1.0},{"not_picked":["Rebound","Lockon"],"picked":"Hologram","floor":2.0},{"not_picked":["Double Energy","Doom and Gloom"],"picked":"Conserve Battery","floor":3.0},{"not_picked":["Steam","Compile Driver"],"picked":"Auto Shields","floor":4.0},{"not_picked":["Coolheaded","Steam"],"picked":"Chill","floor":5.0},{"not_picked":["Streamline","Lockon"],"picked":"Scrape","floor":7.0},{"not_picked":["Barrage","Chill"],"picked":"Ball Lightning","floor":8.0},{"not_picked":["Amplify","Hello World"],"picked":"Go for the Eyes","floor":11.0},{"not_picked":["Streamline","Go for the Eyes"],"picked":"Reprogram","floor":12.0},{"not_picked":["Skim","Leap"],"picked":"Hologram","floor":13.0},{"not_picked":["Doom and Gloom","Force Field"],"picked":"Undo","floor":14},{"not_picked":["All For One","Thunder Strike"],"picked":"Fission","floor":16},{"not_picked":["Ball Lightning","Streamline"],"picked":"Go for the Eyes","floor":18},{"not_picked":["Chill","Aggregate"],"picked":"Genetic Algorithm","floor":21},{"not_picked":["Skim","White Noise"],"picked":"Reprogram","floor":22},{"not_picked":["Blizzard","Go for the Eyes"],"picked":"Echo Form","floor":23},{"not_picked":["Cold Snap","Stack"],"picked":"Hologram","floor":25},{"not_picked":["Steam","Streamline+1"],"picked":"Compile Driver","floor":27},{"not_picked":["Rebound","Barrage"],"picked":"FTL+1","floor":29},{"not_picked":["Chill","Compile Driver"],"picked":"Sweeping Beam","floor":31},{"not_picked":["Echo Form","Thunder Strike"],"picked":"Seek","floor":33},{"not_picked":["Ball Lightning","Streamline"],"picked":"Reinforced Body+1","floor":35},{"not_picked":["Capacitor","Force Field"],"picked":"Redo+1","floor":36},{"not_picked":["Discovery","Panacea"],"picked":"Dark Shackles","floor":37},{"not_picked":["Purity","Deep Breath"],"picked":"Metamorphosis","floor":37},{"not_picked":["Steam","Barrage+1","Turbo+1"],"picked":"SKIP","floor":40},{"not_picked":["Reinforced Body","Storm+1","Barrage"],"picked":"SKIP","floor":42},{"not_picked":["Force Field","Static Discharge+1"],"picked":"Beam Cell","floor":44},{"not_picked":["Barrage","Consume"],"picked":"Sweeping Beam","floor":47},{"not_picked":["Rebound","Turbo"],"picked":"Beam Cell","floor":48},{"not_picked":["Hologram","Streamline+1"],"picked":"Go for the Eyes","floor":54}],"player_experience":516948,"relics_obtained":[{"floor":7.0,"key":"MawBank"},{"floor":9.0,"key":"Pear"},{"floor":11.0,"key":"Regal Pillow"},{"floor":14,"key":"Shuriken"},{"floor":23,"key":"Unceasing Top"},{"floor":23,"key":"Ornamental Fan"},{"floor":25,"key":"Shovel"},{"floor":25,"key":"TungstenRod"},{"floor":29,"key":"Letter Opener"},{"floor":29,"key":"Strawberry"},{"floor":40,"key":"Vajra"},{"floor":40,"key":"InkBottle"},{"floor":42,"key":"Mummified Hand"},{"floor":42,"key":"Anchor"},{"floor":48,"key":"StoneCalendar"},{"floor":54,"key":"Oddly Smooth Stone"},{"floor":54,"key":"StrikeDummy"}],"event_choices":[{"damage_healed":0.0,"max_hp_gain":0.0,"max_hp_loss":0.0,"gold_gain":0.0,"event_name":"Lab","player_choice":"Got Potions","floor":10.0,"gold_loss":0.0,"damage_taken":0.0},{"damage_healed":0,"gold_gain":3,"player_choice":"1","damage_taken":0,"max_hp_gain":0,"max_hp_loss":0,"event_name":"betterStone:BetterStone","floor":37,"gold_loss":0},{"cards_removed":["Hologram"],"damage_healed":0,"gold_gain":0,"player_choice":"Removed Skill","damage_taken":0,"max_hp_gain":0,"max_hp_loss":0,"event_name":"Falling","floor":38,"gold_loss":0},{"damage_healed":0,"gold_gain":0,"player_choice":"Max HP","damage_taken":0,"max_hp_gain":0,"max_hp_loss":5,"event_name":"Winding Halls","floor":39,"gold_loss":0},{"damage_healed":0,"gold_gain":0,"player_choice":"Fight","damage_taken":0,"max_hp_gain":0,"max_hp_loss":0,"event_name":"MindBloom","floor":48,"gold_loss":0}],"is_beta":false,"boss_relics":[{"not_picked":["Philosopher\u0027s Stone","Inserter"],"picked":"Black Star"},{"not_picked":["Nuclear Battery","Astrolabe"],"picked":"Cursed Key"}],"items_purged_floors":[19,45],"is_endless":false,"potions_floor_spawned":[1,2,11,12,13,14,16,23,25,29,31,33,35,36,44,54],"ascension_level":15}}