{"host":"zrerxgu8lagrk16e","time":1612234819,"event":{"mods":["AchievementEnabler","BaseMod","Colored Map","Colored Powertips","Minty Spire (QoL Compilation)","Quick Restart","Relic Stats","StSLib","slay the spire mod where everything is the same but ironclad has a cowboy hat"],"gold_per_floor":[117,16,28,28,28,57,57,75,75,119,131,157,196,283,295,410,422,451,474,498,158,158,184,184,284,339,354,354,354],"floor_reached":28,"language":"ENG","playtime":948,"items_purged":[],"score":337,"play_id":"c8380fc2-acae-4d95-b6e1-a2b16dfb4500","local_time":"20210201220019","is_ascension_mode":true,"campfire_choices":[{"floor":7.0,"key":"DIG"},{"data":"Inflame","floor":11.0,"key":"SMITH"},{"data":"Limit Break","floor":15.0,"key":"SMITH"},{"data":"1","floor":24.0,"key":"LIFT"}],"circlet_count":0,"master_deck":["Strike_R","Strike_R","Strike_R","Strike_R","Strike_R","Defend_R","Defend_R","Defend_R","Defend_R","Bash","Clash+1","Pommel Strike+1","Headbutt","Dark Embrace","Pummel","Inflame+1","Infernal Blade","Limit Break+1","Reaper","Heavy Blade","Writhe","Cleave+1"],"relics":["Black Blood","NeowsBlessing","Singing Bowl","Shovel","Nunchaku","MawBank","Dream Catcher","Girya","Sling","Whetstone","Centennial Puzzle","Torii","Bag of Marbles"],"acts_visited":["Exordium","TheCity"],"potions_floor_usage":[27],"damage_taken":[{"damage":0.0,"enemies":"Small Slimes","floor":1.0,"turns":1.0},{"damage":0.0,"enemies":"Jaw Worm","floor":3.0,"turns":1.0},{"damage":0.0,"enemies":"3 Sentries","floor":6.0,"turns":2.0},{"damage":0.0,"enemies":"2 Louse","floor":8.0,"turns":2.0},{"damage":10.0,"enemies":"Lagavulin","floor":10.0,"turns":5.0},{"damage":4.0,"enemies":"Lots of Slimes","floor":12.0,"turns":3.0},{"damage":15.0,"enemies":"3 Sentries","floor":13.0,"turns":6.0},{"damage":69.0,"enemies":"The Guardian","floor":16.0,"turns":8.0},{"damage":18.0,"enemies":"Shell Parasite","floor":18.0,"turns":3.0},{"damage":33.0,"enemies":"Spheric Guardian","floor":19.0,"turns":5.0},{"damage":30.0,"enemies":"Chosen and Byrds","floor":20.0,"turns":4.0},{"damage":49.0,"enemies":"Slavers","floor":23.0,"turns":6.0},{"damage":52,"enemies":"Shelled Parasite and Fungi","floor":27,"turns":4},{"damage":42,"enemies":"Book of Stabbing","floor":28,"turns":3}],"seed_played":"-6075176135500613237","potions_obtained":[{"floor":3.0,"key":"FearPotion"},{"floor":10.0,"key":"Fire Potion"},{"floor":12.0,"key":"Fire Potion"},{"floor":20.0,"key":"SteroidPotion"},{"floor":23.0,"key":"SteroidPotion"}],"is_trial":false,"path_per_floor":["M","$","M","?","?","E","R","M","T","E","R","M","E","T","R","B",null,"M","M","M","$","?","E","R","?","T","M","E"],"character_chosen":"IRONCLAD","items_purchased":["Pommel Strike","Headbutt","Sling","Whetstone","Heavy Blade"],"campfire_rested":0,"item_purchase_floors":[2,2,21,21,21],"current_hp_per_floor":[80,80,80,80,80,82,82,82,82,78,78,80,71,71,71,8,82,78,65,59,59,59,48,48,48,48,34,0,0],"gold":354,"neow_bonus":"THREE_ENEMY_KILL","is_daily":false,"chose_seed":false,"campfire_upgraded":2,"win_rate":0.0,"timestamp":1612234819,"path_taken":["M","$","M","?","?","E","R","M","T","E","R","M","E","?","R","BOSS","M","M","M","$","?","E","R","?","T","?","E"],"items_purchased_type":["Card","Card","Relic","Relic","Card"],"build_version":"2020-12-22","purchased_purges":0,"victory":false,"max_hp_per_floor":[80,80,80,80,80,82,82,82,82,82,82,82,82,82,82,82,82,84,86,88,88,88,90,90,90,90,90,90,90],"relic_stats":{"Nunchaku":[8],"Dream Catcher":0,"Centennial Puzzle":[9],"Shovel":1,"Singing Bowl":10,"Torii":2,"counters":[14,53],"Black Blood":84,"Whetstone":["Pommel Strike","Clash"],"MawBank":144,"obtain_stats":[{"Girya":13,"NeowsBlessing":0,"Singing Bowl":4,"Torii":23,"Black Blood":17,"Whetstone":21,"MawBank":9,"Sling":21,"Burning Blood":0,"Nunchaku":7,"Dream Catcher":10,"Centennial Puzzle":22,"Shovel":6,"Bag of Marbles":26},{"Girya":7,"NeowsBlessing":0,"Singing Bowl":2,"Torii":12,"Black Blood":8,"Whetstone":11,"MawBank":4,"Sling":11,"Burning Blood":0,"Nunchaku":3,"Dream Catcher":5,"Centennial Puzzle":11,"Shovel":3,"Bag of Marbles":12},{"Girya":20,"NeowsBlessing":0,"Singing Bowl":2,"Torii":46,"Black Blood":28,"Whetstone":40,"MawBank":6,"Sling":40,"Burning Blood":0,"Nunchaku":4,"Dream Catcher":11,"Centennial Puzzle":40,"Shovel":4,"Bag of Marbles":46}]},"card_choices":[{"not_picked":["Carnage","Pommel Strike"],"picked":"Clash","floor":1.0},{"not_picked":["Heavy Blade","Flex"],"picked":"Dark Embrace","floor":3.0},{"not_picked":["Headbutt","Dropkick","Flex"],"picked":"Singing Bowl","floor":6.0},{"not_picked":["Whirlwind","Twin Strike"],"picked":"Pummel","floor":8.0},{"not_picked":["Shrug It Off","Power Through"],"picked":"Inflame","floor":10.0},{"not_picked":["Pommel Strike","Heavy Blade"],"picked":"Infernal Blade","floor":12.0},{"not_picked":["Metallicize","Impervious"],"picked":"Limit Break","floor":13.0},{"not_picked":["Double Tap","Corruption"],"picked":"Reaper","floor":16.0},{"not_picked":["Headbutt","Havoc+1","Body Slam+1"],"picked":"Singing Bowl","floor":18.0},{"not_picked":["Body Slam","Juggernaut","Thunderclap+1"],"picked":"Singing Bowl","floor":19.0},{"not_picked":["Bloodletting","Uppercut","Seeing Red"],"picked":"Singing Bowl","floor":20.0},{"not_picked":["Sentinel","Perfected Strike","Battle Trance+1"],"picked":"Singing Bowl","floor":23.0},{"not_picked":["Sword Boomerang","Twin Strike"],"picked":"Cleave+1","floor":27}],"player_experience":190699,"relics_obtained":[{"floor":6.0,"key":"Shovel"},{"floor":7.0,"key":"Nunchaku"},{"floor":9.0,"key":"MawBank"},{"floor":10.0,"key":"Dream Catcher"},{"floor":13.0,"key":"Girya"},{"floor":23.0,"key":"Torii"},{"floor":26.0,"key":"Bag of Marbles"}],"event_choices":[{"damage_healed":0.0,"max_hp_gain":0.0,"max_hp_loss":0.0,"gold_gain":0.0,"event_name":"Big Fish","player_choice":"Box","floor":4.0,"gold_loss":0.0,"damage_taken":0.0,"relics_obtained":["Singing Bowl"],"cards_obtained":["Regret"]},{"cards_removed":["Regret"],"damage_healed":0.0,"max_hp_gain":0.0,"max_hp_loss":0.0,"gold_gain":0.0,"event_name":"Living Wall","player_choice":"Forget","floor":5.0,"gold_loss":0.0,"damage_taken":0.0},{"damage_healed":0.0,"max_hp_gain":0.0,"max_hp_loss":0.0,"gold_gain":0.0,"event_name":"The Mausoleum","player_choice":"Opened","floor":22.0,"gold_loss":0.0,"damage_taken":0.0,"relics_obtained":["Centennial Puzzle"],"cards_obtained":["Writhe"]},{"damage_healed":0.0,"max_hp_gain":0.0,"max_hp_loss":0.0,"gold_gain":100.0,"event_name":"Golden Shrine","player_choice":"Pray","floor":25.0,"gold_loss":0.0,"damage_taken":0.0}],"is_beta":false,"boss_relics":[{"not_picked":["Runic Cube","Astrolabe"],"picked":"Black Blood"}],"items_purged_floors":[],"is_endless":false,"potions_floor_spawned":[3,10,12,20,23],"killed_by":"Book of Stabbing","ascension_level":4}}