{"host":"0ocwgedykyfst4vb","time":1612229300,"event":{"mods":["AchievementEnabler","BaseMod","Colored Map","Colored Powertips","Downfall","Marisa£®ÏF”Í°°ƒß¿Ì…≥£©","Minty Spire (QoL Compilation)","Quick Restart","Reliquary","Remilia£®¿Ÿ√◊¿Ú—«£©","Replay The Spire","Shop Mod","StSLib","The Bug Knight","The Cursed","The Servant 0.9.4"],"gold_per_floor":[116,35,185,185,46,81,4,4,4,17,31,60,76,102,102,177,177,193,193,13,13,25,59,59,87,138,155,210,210,226,151,151,243,243,279,279,29,66,102,45,45,72,72,122,147,216,265,328,328,372],"floor_reached":51,"language":"ZHS","playtime":6021,"items_purged":["ReplayTheSpireMod:Restless Dread"],"score":1818,"play_id":"7b1fabe9-8d73-4fec-a588-03fc34ec44be","local_time":"20210202092820","is_ascension_mode":true,"campfire_choices":[{"data":"EarthLightRay","floor":8.0,"key":"SMITH"},{"data":"MysteriousBeam","floor":15.0,"key":"SMITH"},{"data":"Enlightenment","floor":24.0,"key":"SMITH"},{"data":"BlazeAway","floor":49,"key":"SMITH"}],"circlet_count":0,"master_deck":["AscendersBane","Strike_MRS+1","Strike_MRS","Strike_MRS","Defend_MRS","Defend_MRS","Defend_MRS","Defend_MRS","MasterSpark","UpSweep","ReplayTheSpireMod:Private Reserves","GalacticHalo","IllusionStar","GrandCross","Doubt","Mind Blast","WitchLeyline","EarthLightRay+1","GasGiant","Singularity","DC","MysteriousBeam+1","SprinkleStarSeal","MaximisePower","TheCursedMod:Dregs","downfall:Haunted","DragonMeteor","FinalSpark","Enlightenment+1","CurseOfTheBell","CurseOfTheBell","CollectingQuirk","GravityBeat","BlazeAway+1","IllusionStar","WitchOfGreed","LuminesStrike+1","PropBag+1","FinalSpark","WitchLeyline","BlazeAway+1","Midas Touch+1","Singularity","DoubleSpark+1","BigCrunch+1","MagicAbsorber+1","Acceleration+1","Writhe","ManaConvection+1","Sickly","StarlightTyphoon+1","TheCursedMod:Dregs","ChargingUp+1","MagicChant+1"],"relics":["MiniHakkero","reliquary:SharkskinSheath","Blood Vial","Iron Hammer","Bird Faced Urn","reliquary:PartyBalloon","reliquary:Firecrackers","Replay:Towering Pillar of Hats","downfall:ExtraCursedBell","Replay:Wax Seal","HandmadeGrimoire","FossilizedHelix","Centennial Puzzle","sneckomod:BabySnecko","Toxic Egg 2","SacredBark","MerchantsRug","HandDrill","reliquary:FeatherDuster","Pocketwatch","Ring of Hypnosis","Ring of Greed","Smiling Mask","Replay:Bandana","reliquary:PrincelyHelmet","HollowMod:LifeEnderRelic","reliquary:Aerogel"],"acts_visited":["Exordium","TheCity","TheBeyond"],"potions_floor_usage":[50,50],"damage_taken":[{"damage":1.0,"enemies":"2 Louse","floor":1.0,"turns":2.0},{"damage":22.0,"enemies":"3 Sentries","floor":6.0,"turns":8.0},{"damage":12.0,"enemies":"Jaw Worm","floor":10.0,"turns":2.0},{"damage":2.0,"enemies":"Small Slimes","floor":11.0,"turns":2.0},{"damage":22.0,"enemies":"Lagavulin","floor":12.0,"turns":5.0},{"damage":0.0,"enemies":"2 Fungi Beasts","floor":13.0,"turns":3.0},{"damage":6.0,"enemies":"3 Sentries","floor":14.0,"turns":4.0},{"damage":39.0,"enemies":"Slime Boss","floor":16.0,"turns":11.0},{"damage":13.0,"enemies":"Shell Parasite","floor":18.0,"turns":2.0},{"damage":9.0,"enemies":"Centurion and Healer","floor":22.0,"turns":4.0},{"damage":4.0,"enemies":"HollowMod:Nosk","floor":23.0,"turns":5.0},{"damage":10.0,"enemies":"Gremlin Leader","floor":25.0,"turns":3.0},{"damage":0.0,"enemies":"Snake Plant","floor":27.0,"turns":1.0},{"damage":18.0,"enemies":"Replay:Snechameleon","floor":28.0,"turns":3.0},{"damage":0.0,"enemies":"Cultist and Chosen","floor":30.0,"turns":1.0},{"damage":28.0,"enemies":"Collector","floor":33.0,"turns":4.0},{"damage":0.0,"enemies":"3 Shapes","floor":35.0,"turns":2.0},{"damage":0.0,"enemies":"3 Darklings","floor":38.0,"turns":1.0},{"damage":39.0,"enemies":"Spire Growth","floor":39.0,"turns":3.0},{"damage":20.0,"enemies":"Nemesis","floor":40.0,"turns":3.0},{"damage":0.0,"enemies":"Maw","floor":42.0,"turns":4.0},{"damage":0.0,"enemies":"3 Darklings","floor":45.0,"turns":1.0},{"damage":2,"enemies":"HollowMod:StalkingDevout","floor":46,"turns":3},{"damage":0,"enemies":"Giant Head","floor":48,"turns":3},{"damage":0,"enemies":"Awakened One","floor":50,"turns":3}],"seed_played":"7746680557310846983","potions_obtained":[{"floor":1.0,"key":"SneckoOil"},{"floor":11.0,"key":"SkillPotion"},{"floor":12.0,"key":"BottledSpark"},{"floor":13.0,"key":"EssenceOfSteel"},{"floor":22.0,"key":"Fire Potion"},{"floor":23.0,"key":"Explosive Potion"},{"floor":27.0,"key":"Energy Potion"},{"floor":30.0,"key":"SteroidPotion"},{"floor":35.0,"key":"Swift Potion"},{"floor":38.0,"key":"CultistPotion"},{"floor":39.0,"key":"Fire Potion"},{"floor":46,"key":"SkillPotion"}],"is_trial":false,"path_per_floor":["M","$","?","?","$","E","$","R","T","M","M","E","M","E","R","B",null,"M","?","$","?","M","E","R","E","T","M","E","?","M","$","R_BF","B",null,"M","?","$","M","M","E","?","M","T","?","M","E","?","E","R","B",null],"character_chosen":"MARISA","items_purchased":["IllusionStar","GrandCross","UnstableBomb","Mind Blast","EarthLightRay","FinalSpark","Enlightenment","MerchantsRug","HandDrill","BlazeAway+1","Midas Touch+1"],"campfire_rested":0,"item_purchase_floors":[2,2,5,5,7,20,20,37,37,37,37],"current_hp_per_floor":[62,62,62,62,62,40,40,40,40,36,36,22,30,32,32,3,53,48,48,48,48,47,53,53,47,47,51,45,45,47,47,47,31,60,64,64,64,68,39,25,25,33,33,33,35,37,9,21,21,25],"gold":372,"neow_bonus":"RANDOM_COLORLESS","is_daily":false,"chose_seed":false,"campfire_upgraded":4,"win_rate":0.0,"timestamp":1612229300,"path_taken":["M","$","?","?","$","E","?","R","T","M","M","E","M","E","R","BOSS","M","?","$","?","M","E","R","E","T","M","E","?","M","?","R_BF","BOSS","M","?","$","?","M","E","?","?","T","?","M","E","?","E","R","BOSS"],"items_purchased_type":["Card","Card","Card","Card","Card","Card","Card","Relic","Relic","Card","Card"],"build_version":"2020-12-22","purchased_purges":1,"victory":true,"max_hp_per_floor":[70,70,70,70,70,70,70,70,70,70,70,70,70,70,70,70,70,70,70,70,70,70,70,70,70,70,70,70,70,70,70,70,70,70,70,70,70,70,70,70,70,70,70,70,70,70,70,70,70,70],"card_choices":[{"not_picked":["Survey Options","Purity"],"picked":"ReplayTheSpireMod:Private Reserves","floor":0.0},{"not_picked":["6A","LuminesStrike"],"picked":"GalacticHalo","floor":1.0},{"not_picked":["OneTimeOff","IllusionStar"],"picked":"WitchLeyline","floor":6.0},{"not_picked":["ShootingEcho","EnergyFlow"],"picked":"GasGiant","floor":10.0},{"not_picked":["6A","EnergyFlow"],"picked":"Singularity","floor":11.0},{"not_picked":["MilkyWay","CasketOfStar"],"picked":"DC","floor":12.0},{"not_picked":["NonDirectionalLaser","PowerUp"],"picked":"MysteriousBeam","floor":13.0},{"not_picked":["LuminesStrike","MagicAbsorber"],"picked":"SprinkleStarSeal","floor":14.0},{"not_picked":["MillisecondPulsars","JA"],"picked":"MaximisePower","floor":16.0},{"not_picked":["downfall:Icky","Greed_TH"],"picked":"TheCursedMod:Dregs","floor":17.0},{"not_picked":["AbeCurse","downfall:Malfunctioning"],"picked":"downfall:Haunted","floor":17.0},{"not_picked":["downfall:Malfunctioning","Normality"],"picked":"downfall:Aged","floor":17.0},{"not_picked":["SprinkleStarSeal","Orbital"],"picked":"DragonMeteor","floor":18.0},{"not_picked":["UnstableBomb","ChargeUpSpray"],"picked":"GravityBeat","floor":22.0},{"not_picked":["Acceleration","UnstableBomb"],"picked":"BlazeAway","floor":23.0},{"not_picked":["NonDirectionalLaser","ManaConvection"],"picked":"IllusionStar","floor":25.0},{"not_picked":["SprinkleStarSeal","OrrerysSun+1"],"picked":"WitchOfGreed","floor":27.0},{"not_picked":["EventHorizon","EscapeVelocity"],"picked":"LuminesStrike+1","floor":28.0},{"not_picked":["DC+1","ShootingEcho"],"picked":"PropBag+1","floor":30.0},{"not_picked":["AbsoluteMagnitude","UltimateShortwave+1"],"picked":"FinalSpark","floor":33.0},{"not_picked":["Orbital+1","6A"],"picked":"WitchLeyline","floor":35.0},{"not_picked":["GalacticHalo+1","DC"],"picked":"Singularity","floor":38.0},{"not_picked":["PulseMagic+1","ShootingEcho"],"picked":"DoubleSpark+1","floor":39.0},{"not_picked":["PropBag+1","OortCloud"],"picked":"BigCrunch+1","floor":40.0},{"not_picked":["AsteroidBelt+1","6A"],"picked":"Acceleration+1","floor":42.0},{"not_picked":["OrrerysSun","ChargeUpSpray+1"],"picked":"ManaConvection+1","floor":45.0},{"not_picked":["ManaConvection+1","JA"],"picked":"StarlightTyphoon+1","floor":46},{"not_picked":["WitchOfGreed","SprinkleStarSeal+1"],"picked":"ChargingUp+1","floor":47},{"not_picked":["DC","Acceleration+1"],"picked":"MagicChant+1","floor":48}],"player_experience":212732,"relics_obtained":[{"floor":6.0,"key":"reliquary:SharkskinSheath"},{"floor":9.0,"key":"Blood Vial"},{"floor":12.0,"key":"Iron Hammer"},{"floor":14.0,"key":"Bird Faced Urn"},{"floor":21.0,"key":"Replay:Wax Seal"},{"floor":21.0,"key":"HandmadeGrimoire"},{"floor":21.0,"key":"FossilizedHelix"},{"floor":23.0,"key":"Centennial Puzzle"},{"floor":25.0,"key":"ScarletDevilRocket"},{"floor":26.0,"key":"Omamori"},{"floor":28.0,"key":"Chameleon Ring"},{"floor":40.0,"key":"reliquary:FeatherDuster"},{"floor":43.0,"key":"Pocketwatch"},{"floor":44.0,"key":"Ring of Hypnosis"},{"floor":44.0,"key":"Ring of Greed"},{"floor":44.0,"key":"Smiling Mask"},{"floor":44.0,"key":"Replay:Bandana"},{"floor":46,"key":"reliquary:PrincelyHelmet"},{"floor":47,"key":"HollowMod:LifeEnderRelic"},{"floor":48,"key":"reliquary:Aerogel"}],"event_choices":[{"damage_healed":0.0,"max_hp_gain":0.0,"max_hp_loss":0.0,"gold_gain":150.0,"event_name":"Liars Game","player_choice":"AGREE","floor":3.0,"gold_loss":0.0,"damage_taken":0.0,"cards_obtained":["Doubt"]},{"cards_removed":["downfall:Aged"],"damage_healed":0.0,"max_hp_gain":0.0,"max_hp_loss":0.0,"gold_gain":0.0,"event_name":"Back to Basics","player_choice":"Elegance","floor":19.0,"gold_loss":0.0,"damage_taken":0.0},{"damage_healed":0.0,"max_hp_gain":0.0,"max_hp_loss":0.0,"gold_gain":0.0,"event_name":"Addict","player_choice":"Stole Relic","floor":32.0,"gold_loss":0.0,"damage_taken":0.0,"relics_obtained":["Toxic Egg 2"],"cards_obtained":["Shame"]},{"damage_healed":0.0,"max_hp_gain":0.0,"max_hp_loss":0.0,"gold_gain":0.0,"event_name":"SecretPortal","player_choice":"Ignored","floor":36.0,"gold_loss":0.0,"damage_taken":0.0},{"damage_healed":0.0,"max_hp_gain":0.0,"max_hp_loss":0.0,"gold_gain":0.0,"cards_transformed":["Strike_MRS"],"event_name":"Transmorgrifier","player_choice":"Transformed","floor":41.0,"gold_loss":0.0,"damage_taken":0.0,"cards_obtained":["MagicAbsorber"]}],"is_beta":false,"boss_relics":[{"not_picked":["reliquary:RedPaperclip","Honey Jar"],"picked":"Replay:Ancient Bell"},{"not_picked":["Pet Ghost","reliquary:Knoch"],"picked":"reliquary:PartyBalloon"},{"not_picked":["BreadOfAWashokuLover","reliquary:IridiumChain"],"picked":"reliquary:Firecrackers"},{"not_picked":["WingedGreaves","StoneCalendar"],"picked":"Replay:Towering Pillar of Hats"},{"not_picked":["reliquary:Ember","reliquary:KinkedSpring"],"picked":"SacredBark"}],"items_purged_floors":[31],"is_endless":false,"potions_floor_spawned":[1,11,12,13,22,23,27,30,35,39,42,46],"ascension_level":17}}