{"host":"ftw8honmdnhsve3j","time":1612293131,"event":{"mods":["BaseMod","Colored Powertips","Minty Spire (QoL Compilation)","StSLib","The Wild Card"],"gold_per_floor":[110,120,137,62,79,79,93,93,93,115,115,115,129,29,29,127,127,145,64,64,114,125,125,160,180,180,180,55,55,55,75,75,178,228,238,2,20,20,39,39,74,74,74,74,86,17,17,27,27,27],"floor_reached":51,"language":"ENG","playtime":1314,"items_purged":["theWildCard:Arsene","theWildCard:BasicStrike","theWildCard:CallToAdventure","theWildCard:BasicStrike"],"score":774,"play_id":"22f22511-ad8c-4556-b6ce-2f461f78a705","local_time":"20210202201211","is_ascension_mode":true,"campfire_choices":[{"data":"theWildCard:Desolation","floor":6,"key":"SMITH"},{"data":"theWildCard:CryOfAgony","floor":8,"key":"SMITH"},{"floor":12,"key":"REST"},{"floor":15,"key":"REST"},{"data":"theWildCard:Abstinence","floor":23,"key":"SMITH"},{"data":"theWildCard:Providence","floor":27,"key":"SMITH"},{"data":"theWildCard:Salvation","floor":29,"key":"SMITH"},{"floor":32,"key":"REST"},{"data":"Impatience","floor":40,"key":"SMITH"},{"data":"theWildCard:TheGreatSeal","floor":42,"key":"SMITH"},{"data":"theWildCard:Salvation","floor":44,"key":"SMITH"},{"data":"theWildCard:TheGreatSeal","floor":47,"key":"SMITH"},{"data":"theWildCard:Abstinence","floor":49,"key":"SMITH"}],"circlet_count":0,"master_deck":["theWildCard:BasicDefend","theWildCard:BasicDefend","theWildCard:BasicDefend","theWildCard:BasicDefend+1","theWildCard:Desolation+1","theWildCard:CryOfAgony+1","theWildCard:Salvation+1","theWildCard:Abstinence+1","theWildCard:Providence+1","theWildCard:Salvation+1","Impatience+1","theWildCard:Unburden+1","theWildCard:TheGreatSeal+1","theWildCard:TheGreatSeal+1","theWildCard:Abstinence+1","Parasite"],"relics":["theWildCard:VelvetContract","Pantograph","Odd Mushroom","Philosopher\u0027s Stone","WingedGreaves","theWildCard:MemoriesOfPhantasm","Tiny House","Darkstone Periapt","TungstenRod"],"acts_visited":["Exordium","TheCity","TheBeyond"],"potions_floor_usage":[50,50,50,50],"damage_taken":[{"damage":0,"enemies":"Cultist","floor":1,"turns":3},{"damage":0,"enemies":"Small Slimes","floor":2,"turns":3},{"damage":2,"enemies":"2 Louse","floor":3,"turns":2},{"damage":0,"enemies":"Exordium Thugs","floor":5,"turns":1},{"damage":11,"enemies":"Lots of Slimes","floor":7,"turns":3},{"damage":8,"enemies":"The Mushroom Lair","floor":10,"turns":3},{"damage":0,"enemies":"Gremlin Gang","floor":13,"turns":1},{"damage":16,"enemies":"Hexaghost","floor":16,"turns":6},{"damage":9,"enemies":"3 Byrds","floor":18,"turns":2},{"damage":0,"enemies":"Spheric Guardian","floor":22,"turns":2},{"damage":15,"enemies":"Slavers","floor":24,"turns":2},{"damage":1,"enemies":"Snake Plant","floor":25,"turns":3},{"damage":0,"enemies":"Sentry and Sphere","floor":31,"turns":2},{"damage":9,"enemies":"Champ","floor":33,"turns":8},{"damage":0,"enemies":"3 Darklings","floor":35,"turns":1},{"damage":0,"enemies":"Orb Walker","floor":37,"turns":2},{"damage":4,"enemies":"Sphere and 2 Shapes","floor":39,"turns":3},{"damage":2,"enemies":"Reptomancer","floor":41,"turns":4},{"damage":0,"enemies":"4 Shapes","floor":45,"turns":2},{"damage":0,"enemies":"Writhing Mass","floor":48,"turns":5},{"damage":6,"enemies":"Time Eater","floor":50,"turns":9}],"seed_played":"1664018165444888488","potions_obtained":[{"floor":2,"key":"Regen Potion"},{"floor":10,"key":"Dexterity Potion"},{"floor":16,"key":"EntropicBrew"}],"is_trial":false,"path_per_floor":["M","M","M","$","M","R","M","R","T","?","?","R","M","$","R","B",null,"M","$","?","?","M","R","E","M","T","R","$","R","$","M","R","B",null,"M","$","M","?","M","R","E","R","T","R","M","$","R","M","R","B",null],"character_chosen":"THE_WILD_CARD","items_purchased":["theWildCard:Salvation","Impatience","theWildCard:Abstinence"],"campfire_rested":3,"item_purchase_floors":[19,36,46],"current_hp_per_floor":[42,42,40,40,40,40,29,29,29,21,14,32,32,32,50,44,60,51,51,41,41,41,41,26,25,25,25,25,25,25,25,44,58,70,70,70,70,70,70,70,70,70,70,70,70,70,70,76,76,70],"gold":27,"neow_bonus":"THREE_RARE_CARDS","is_daily":false,"chose_seed":false,"campfire_upgraded":10,"win_rate":0.0,"timestamp":1612293131,"path_taken":["M","M","?","$","M","R","M","R","T","?","?","R","M","$","R","BOSS","M","$","?","?","?","R","E","M","T","R","$","R","?","M","R","BOSS","M","$","M","?","M","R","E","R","T","R","M","?","R","?","R","BOSS"],"items_purchased_type":["Card","Card","Card"],"build_version":"2020-12-22","purchased_purges":4,"victory":true,"max_hp_per_floor":[60,60,60,60,60,60,60,60,60,60,60,60,60,60,60,60,60,60,60,65,65,65,65,65,65,65,65,65,65,65,65,65,65,70,70,70,70,70,70,70,70,70,70,70,70,70,70,76,76,76],"card_choices":[{"not_picked":["theWildCard:Caesar","theWildCard:ChangingDestiny"],"picked":"theWildCard:Desolation","floor":0},{"not_picked":["theWildCard:ArcaneArts","theWildCard:StingingStrike","theWildCard:Loki"],"picked":"SKIP","floor":1},{"not_picked":["theWildCard:UnendingRitual","theWildCard:EnergizedStroke","theWildCard:StalwartBlade"],"picked":"SKIP","floor":2},{"not_picked":["theWildCard:Patience","theWildCard:PaleRider"],"picked":"theWildCard:CryOfAgony","floor":3},{"not_picked":["theWildCard:Polydeuces","theWildCard:BladeOfGenerations","theWildCard:Sakuya"],"picked":"SKIP","floor":5},{"not_picked":["theWildCard:EnergizedStroke","theWildCard:MagicMettle","theWildCard:Michael"],"picked":"SKIP","floor":7},{"not_picked":["theWildCard:Safeguard","theWildCard:Patience","theWildCard:EnergyTheft"],"picked":"SKIP","floor":13},{"not_picked":["theWildCard:BladeOfGenerations","theWildCard:Patience","theWildCard:ShieldOfMany+1"],"picked":"SKIP","floor":18},{"not_picked":["theWildCard:Michael","theWildCard:Impatience"],"picked":"theWildCard:Abstinence","floor":22},{"not_picked":["theWildCard:Michael","theWildCard:ArchaicAssault","theWildCard:Metatron"],"picked":"SKIP","floor":24},{"not_picked":["theWildCard:ArchaicAssault+1","theWildCard:CryOfAgony+1"],"picked":"theWildCard:Providence","floor":25},{"not_picked":["theWildCard:StingingStrike","theWildCard:Michael","theWildCard:Sakuya"],"picked":"SKIP","floor":31},{"not_picked":["theWildCard:SeveringSlash","theWildCard:Michael+1"],"picked":"theWildCard:Salvation","floor":34},{"not_picked":["theWildCard:EnergizedStroke","theWildCard:ArcaneArts+1","theWildCard:MaskChange"],"picked":"SKIP","floor":35},{"not_picked":["theWildCard:MaskChange+1","theWildCard:SacrificialStroke+1","theWildCard:MasterPlan"],"picked":"SKIP","floor":37},{"not_picked":["theWildCard:MagicMettle+1","theWildCard:Polydeuces"],"picked":"theWildCard:Unburden+1","floor":39},{"not_picked":["theWildCard:Scathach","theWildCard:SeveringSlash+1"],"picked":"theWildCard:TheGreatSeal","floor":41},{"not_picked":["theWildCard:SeveringSlash","theWildCard:StalwartBlade"],"picked":"theWildCard:TheGreatSeal","floor":45},{"not_picked":["theWildCard:MasterPlan","theWildCard:Unburden","theWildCard:Providence+1"],"picked":"SKIP","floor":48}],"player_experience":542867,"relics_obtained":[{"floor":9,"key":"Pantograph"},{"floor":10,"key":"Odd Mushroom"},{"floor":24,"key":"WingedGreaves"},{"floor":26,"key":"theWildCard:MemoriesOfPhantasm"},{"floor":41,"key":"Darkstone Periapt"},{"floor":43,"key":"TungstenRod"}],"event_choices":[{"damage_healed":0,"gold_gain":0,"player_choice":"Fought Mushrooms","damage_taken":0,"max_hp_gain":0,"max_hp_loss":0,"event_name":"Mushrooms","floor":10,"gold_loss":0},{"cards_removed":["theWildCard:BasicStrike"],"damage_healed":0,"gold_gain":0,"player_choice":"Card Removal","damage_taken":7,"max_hp_gain":0,"max_hp_loss":0,"event_name":"Golden Wing","floor":11,"gold_loss":0},{"damage_healed":0,"gold_gain":0,"player_choice":"Shed Blood","damage_taken":15,"max_hp_gain":5,"max_hp_loss":0,"event_name":"Forgotten Altar","floor":20,"gold_loss":0},{"damage_healed":0,"gold_gain":100,"player_choice":"Bet on Murderer","damage_taken":0,"max_hp_gain":0,"max_hp_loss":0,"event_name":"The Joust","floor":21,"gold_loss":50},{"cards_removed":["theWildCard:BasicStrike"],"damage_healed":0,"gold_gain":0,"player_choice":"Purged","damage_taken":0,"max_hp_gain":0,"max_hp_loss":0,"event_name":"Purifier","floor":38,"gold_loss":0}],"is_beta":false,"boss_relics":[{"not_picked":["Coffee Dripper","Runic Dome"],"picked":"Philosopher\u0027s Stone"},{"not_picked":["Sozu","Astrolabe"],"picked":"Tiny House"}],"items_purged_floors":[4,14,28,36],"is_endless":false,"potions_floor_spawned":[2,10,16,22,24,37,41,48],"ascension_level":2}}