{"host":"yzy3lyltrgq1sam1","time":1612253518,"event":{"mods":["Act Like it!","BaseMod","CapriCore","Downfall","Gensokyo","Koishi","KomeijiMod","Marisa£®ÏF”Í°°ƒß¿Ì…≥£©","Minty Spire (QoL Compilation)","Quick Restart","Reimu£®≤©¿ˆ¡È√Œ£©","Reliquary","Remilia£®¿Ÿ√◊¿Ú—«£©","StSLib","The Administrix","The Alterego","The Immortal","WarShipGirlsR/’ΩΩ¢…Ÿ≈ÆR mod","Youmu£®ªÍ∆«—˝√Œ£©","°æ“≈ŒÔø®≈∆°øREMEMod"],"gold_per_floor":[99,99,110,110,110,20,69,69,126,126,183,215,289,344,374,374,374],"floor_reached":16,"language":"ZHS","playtime":884,"items_purged":["Defend_MRS"],"score":165,"play_id":"3f3af80e-5bdc-4b64-8e25-0b37b045722a","local_time":"20210202161158","is_ascension_mode":true,"campfire_choices":[{"data":"alterego_mod:Palingenesis","floor":1.0,"key":"SMITH"},{"data":"alterego_mod:Palingenesis+1","floor":8.0,"key":"SMITH"},{"data":"Robbery","floor":10.0,"key":"SMITH"}],"circlet_count":0,"master_deck":["Strike_MRS+1","Strike_MRS","Strike_MRS","Strike_MRS","Defend_MRS","Defend_MRS","Defend_MRS","MasterSpark","UpSweep+1","alterego_mod:Palingenesis+2","GalacticHalo","Robbery+1","PulseMagic","OortCloud","GrandCross"],"relics":["MiniHakkero","REME_ComplimentaryCards","Whetstone","downfall:ShatteredFragment","reliquary:TuningFork","PureWhite:ReiMu","PreservedInsect","Singing Bowl"],"acts_visited":["Exordium"],"potions_floor_usage":[13],"damage_taken":[{"damage":3.0,"enemies":"2 Louse","floor":3.0,"turns":3.0},{"damage":0.0,"enemies":"downfall:FleeingMerchant","floor":6.0,"turns":4.0},{"damage":16.0,"enemies":"Lagavulin","floor":9.0,"turns":7.0},{"damage":9.0,"enemies":"Gremlin Nob","floor":11.0,"turns":3.0},{"damage":0.0,"enemies":"Small Slimes","floor":12.0,"turns":3.0},{"damage":26,"enemies":"Lagavulin","floor":13,"turns":6},{"damage":1,"enemies":"Jaw Worm","floor":14,"turns":3},{"damage":8,"enemies":"Gremlin Gang","floor":15,"turns":4},{"damage":0,"enemies":"SI_SHIV_ARCHETYPE","floor":16,"turns":1}],"seed_played":"3987020792475674370","potions_obtained":[{"floor":12.0,"key":"Swift Potion"},{"floor":15,"key":"StarNLove"}],"is_trial":false,"path_per_floor":["R","?","M","?","?","$","T","R","E","R","E","M","E","M","M","B"],"character_chosen":"MARISA","items_purchased":[],"campfire_rested":0,"item_purchase_floors":[],"current_hp_per_floor":[68,75,72,57,62,62,62,62,46,46,37,37,11,10,4,4,4],"gold":374,"neow_bonus":"RANDOM_COMMON_RELIC","is_daily":false,"chose_seed":false,"campfire_upgraded":3,"win_rate":0.0,"timestamp":1612253518,"path_taken":["R","?","M","?","?","?","T","R","E","R","E","M","E","M","M","BOSS"],"items_purchased_type":[],"build_version":"2020-12-22","purchased_purges":1,"victory":false,"max_hp_per_floor":[75,75,75,75,80,80,80,80,80,80,80,80,80,80,82,82,82],"card_choices":[{"not_picked":["UnstableBomb","DoubleSpark"],"picked":"GalacticHalo","floor":3.0},{"not_picked":["SatelliteIllusion","Acceleration"],"picked":"Robbery","floor":6.0},{"not_picked":["DarkSpark","SprinkleStarSeal"],"picked":"PulseMagic","floor":9.0},{"not_picked":["NonDirectionalLaser","GalacticHalo","UnstableBomb"],"picked":"SKIP","floor":11.0},{"not_picked":["6A","OneTimeOff","NonDirectionalLaser"],"picked":"SKIP","floor":12.0},{"not_picked":["NonDirectionalLaser","AsteroidBelt"],"picked":"OortCloud","floor":13},{"not_picked":["OrrerysSun","DC"],"picked":"GrandCross","floor":14},{"not_picked":["MachineGunSpark","BinaryStars","WitchOfGreed"],"picked":"Singing Bowl","floor":15}],"player_experience":919236,"relics_obtained":[{"floor":7.0,"key":"reliquary:TuningFork"},{"floor":9.0,"key":"PureWhite:ReiMu"},{"floor":11.0,"key":"PreservedInsect"},{"floor":13,"key":"Singing Bowl"}],"event_choices":[{"damage_healed":0.0,"max_hp_gain":5.0,"max_hp_loss":0.0,"gold_gain":0.0,"event_name":"Big Fish","player_choice":"Donut","floor":5.0,"gold_loss":0.0,"damage_taken":0.0}],"is_beta":false,"boss_relics":[],"items_purged_floors":[6],"is_endless":false,"potions_floor_spawned":[12,15],"killed_by":"SI_SHIV_ARCHETYPE","ascension_level":8}}