{"host":"0cnpp25a4xqhnyrs","time":1612255913,"event":{"mods":["BaseMod","BetterRewards","DeckTracker","Downfall","Minty Spire (QoL Compilation)","Quick Restart","StSLib","Transform Curses"],"gold_per_floor":[115,134,60,60,60,89,122,152,199,199,199,209,209,185,185,286,286,298,9,9,9,20,20,20,40,40,68,68,7,7,20,20,115,115,133,30,76,0,15,15,15,15,15,65,65,83,83,22,22,22,22,22],"floor_reached":50,"language":"ENG","playtime":4404,"items_purged":[],"score":545,"play_id":"c1b61ddc-d035-4c53-8d46-870d579b847e","local_time":"20210202025153","daily_mods":["Heirloom","Flight","downfall:Jewelcrafting","Elite Swarm"],"is_ascension_mode":false,"campfire_choices":[{"floor":11,"key":"REST"},{"floor":13,"key":"REST"},{"data":"sneckomod:Cheat","floor":15,"key":"SMITH"},{"data":"RitualDagger","floor":23,"key":"SMITH"},{"floor":24,"key":"REST"},{"floor":40,"key":"REST"},{"floor":41,"key":"REST"},{"floor":42,"key":"REST"},{"floor":47,"key":"REST"},{"floor":49,"key":"REST"}],"circlet_count":0,"master_deck":["sneckomod:Strike","sneckomod:Strike+1","sneckomod:Strike","sneckomod:TailWhip+1","sneckomod:SnekBite","sneckomod:Unknown","sneckomod:Unknown","Guardian:ExploitGems","Guardian:ExploitGems","sneckomod:UnknownStrike","sneckomod:SoulDraw","sneckomod:UnknownUncommonPower","sneckomod:UnknownBoss","sneckomod:Cheat+1","sneckomod:MorePower","sneckomod:Unknown1Cost","sneckomod:SoulExchange","sneckomod:WideSting+1","RitualDagger+1","sneckomod:UnknownRarePower+1","sneckomod:UnknownClassPURPLE","sneckomod:UnknownBlock+1","sneckomod:IronFang","sneckomod:UnknownVulnerable+1","sneckomod:DangerNoodle","Decay","expansioncontent:HyperBeam+1","sneckomod:UnknownRareAttack+1","WindmillStrike+1","Guardian:Gem_Red","sneckomod:UnknownExhaust+1","sneckomod:UnknownBoss","sneckomod:QuickMove+1","sneckomod:Unknown2Cost+1","sneckomod:SlitherStrike+1","sneckomod:DiceCrush","sneckomod:UnknownRareSkill+1","sneckomod:SoulCleanse+1","Guardian:Gem_Red","sneckomod:UnknownBoss+1","sneckomod:DiceCrush+1","Madness","Madness","sneckomod:UnknownRareAttack+1","sneckomod:UnknownStrike+1"],"relics":["sneckomod:SneckoSoul","Guardian:PickAxe","hexamod:Sixitude","sneckomod:ConfusingCodex","Bronze Scales","Peace Pipe","Whetstone","Darkstone Periapt","Membership Card","StoneCalendar","The Courier","Thread and Needle","Lee\u0027s Waffle","Astrolabe","Question Card","Du-Vu Doll","Red Mask","MealTicket","Dead Branch","Bag of Marbles"],"acts_visited":["Exordium","TheCity","TheBeyond"],"potions_floor_usage":[33,37,44,50],"damage_taken":[{"damage":2,"enemies":"Small Slimes","floor":1,"turns":4},{"damage":1,"enemies":"Jaw Worm","floor":2,"turns":4},{"damage":27,"enemies":"Lagavulin","floor":6,"turns":4},{"damage":4,"enemies":"Gremlin Nob","floor":7,"turns":3},{"damage":39,"enemies":"3 Sentries","floor":8,"turns":7},{"damage":4,"enemies":"Cultist","floor":12,"turns":3},{"damage":44,"enemies":"Slime Boss","floor":16,"turns":12},{"damage":17,"enemies":"Spheric Guardian","floor":18,"turns":6},{"damage":16,"enemies":"Chosen","floor":22,"turns":4},{"damage":25,"enemies":"Snecko","floor":25,"turns":4},{"damage":31,"enemies":"Book of Stabbing","floor":27,"turns":5},{"damage":11,"enemies":"Centurion and Healer","floor":31,"turns":3},{"damage":65,"enemies":"Automaton","floor":33,"turns":8},{"damage":13,"enemies":"3 Shapes","floor":35,"turns":2},{"damage":58,"enemies":"2 Orb Walkers","floor":37,"turns":4},{"damage":13,"enemies":"Orb Walker","floor":39,"turns":3},{"damage":26,"enemies":"Mind Bloom Boss Battle","floor":44,"turns":8},{"damage":41,"enemies":"Jaw Worm Horde","floor":46,"turns":6},{"damage":118,"enemies":"Time Eater","floor":50,"turns":5}],"seed_played":"5179615900914034799","potions_obtained":[{"floor":1,"key":"GamblersBrew"},{"floor":6,"key":"SkillPotion"},{"floor":8,"key":"SteroidPotion"},{"floor":22,"key":"DuplicationPotion"},{"floor":35,"key":"Dexterity Potion"},{"floor":37,"key":"LiquidBronze"},{"floor":39,"key":"SteroidPotion"}],"is_trial":true,"path_per_floor":["M","M","$","?","$","E","E","E","T","?","R","M","R","?","R","B",null,"M","$","?","?","M","R","R","M","T","E","?","$","R","M","R","B",null,"M","$","?","?","M","R","R","R","T","?","?","M","R","$","R","B"],"character_chosen":"THE_SNECKO","items_purchased":["sneckomod:UnknownUncommonPower","Membership Card","StoneCalendar","Lee\u0027s Waffle","Question Card","Bag of Marbles"],"campfire_rested":8,"item_purchase_floors":[3,19,19,29,36,48],"current_hp_per_floor":[88,87,87,92,92,65,61,22,22,22,50,46,74,74,74,30,95,78,78,78,72,56,56,84,59,59,28,34,108,108,97,97,32,108,95,95,37,37,24,56,88,108,108,82,68,27,59,74,106,0,0,0],"gold":22,"neow_bonus":"","is_daily":false,"chose_seed":false,"campfire_upgraded":2,"win_rate":0.0,"timestamp":1612255913,"path_taken":["M","M","$","?","$","E","E","E","T","?","R","?","R","?","R","BOSS","M","$","?","?","M","R","R","M","T","E","?","$","R","M","R","BOSS","M","$","?","?","?","R","R","R","T","?","?","M","R","$","R","BOSS"],"items_purchased_type":["Card","Relic","Relic","Relic","Relic","Relic"],"build_version":"2020-12-22","purchased_purges":0,"victory":false,"max_hp_per_floor":[90,90,90,95,95,95,95,95,95,95,95,95,95,95,95,95,95,95,95,95,95,95,95,95,95,95,95,101,108,108,108,108,108,108,108,108,108,108,108,108,108,108,108,108,108,108,108,108,108,108,108,108],"card_choices":[{"not_picked":["sneckomod:DiceCrush","sneckomod:SlitherStrike"],"picked":"sneckomod:UnknownStrike","floor":1},{"not_picked":["sneckomod:Unknown2Cost","sneckomod:UnknownUncommonSkill"],"picked":"sneckomod:SoulDraw","floor":2},{"not_picked":["sneckomod:UnknownRareSkill","sneckomod:UnlimitedRolls"],"picked":"sneckomod:UnknownBoss","floor":6},{"not_picked":["sneckomod:Unknown3Cost","sneckomod:UnknownRareSkill"],"picked":"sneckomod:Cheat","floor":7},{"not_picked":["sneckomod:Cheat","sneckomod:SoulExchange"],"picked":"sneckomod:MorePower","floor":8},{"not_picked":["sneckomod:UnendingSupply","sneckomod:SoulCleanse"],"picked":"sneckomod:Unknown1Cost","floor":12},{"not_picked":["sneckomod:UnknownCommonAttack+1","sneckomod:UnknownVulnerable+1"],"picked":"sneckomod:UnknownBoss+1","floor":16},{"not_picked":["sneckomod:Mudshield","sneckomod:SerpentMind"],"picked":"sneckomod:SoulExchange","floor":16},{"not_picked":["sneckomod:UnknownCommonAttack+1","sneckomod:UnknownUncommonPower+1"],"picked":"sneckomod:UnknownUncommonAttack+1","floor":18},{"not_picked":["sneckomod:SoulDraw+1","sneckomod:UnknownUncommonAttack"],"picked":"sneckomod:WideSting+1","floor":18},{"not_picked":["sneckomod:Unknown1Cost+1","sneckomod:UnknownExhaust+1"],"picked":"sneckomod:UnknownRarePower+1","floor":22},{"not_picked":["sneckomod:UnknownUncommonSkill","sneckomod:IronFang"],"picked":"sneckomod:UnknownClassPURPLE","floor":22},{"not_picked":["sneckomod:UnknownUncommonAttack+1","sneckomod:Unknown2Cost+1"],"picked":"sneckomod:UnknownBlock+1","floor":25},{"not_picked":["sneckomod:UnknownDraw","sneckomod:UnknownClassBLUE"],"picked":"sneckomod:IronFang","floor":25},{"not_picked":["sneckomod:UnknownBlock+1","sneckomod:UnknownCommonSkill+1"],"picked":"sneckomod:UnknownVulnerable+1","floor":27},{"not_picked":["sneckomod:Unknown3Cost","sneckomod:UnlimitedRolls"],"picked":"sneckomod:DangerNoodle","floor":27},{"not_picked":["sneckomod:UnknownUncommonPower+1","sneckomod:Unknown1Cost+1"],"picked":"sneckomod:UnknownRareAttack+1","floor":31},{"not_picked":["sneckomod:SoulDraw","sneckomod:UnknownClassBLUE","sneckomod:UnknownUncommonSkill"],"picked":"SKIP","floor":31},{"not_picked":["Guardian:Gem_Lightblue","Guardian:Gem_Green"],"picked":"Guardian:Gem_Red","floor":33},{"not_picked":["sneckomod:UnknownCommonAttack+1","sneckomod:Unknown0Cost+1"],"picked":"sneckomod:UnknownExhaust+1","floor":33},{"not_picked":["sneckomod:Mudshield","sneckomod:MorePower"],"picked":"sneckomod:UnknownBoss","floor":33},{"not_picked":["sneckomod:DiceBlock+1","sneckomod:SoulCleanse+1"],"picked":"sneckomod:DiceCrush","floor":35},{"not_picked":["sneckomod:UnknownBlock+1","sneckomod:UnknownVulnerable+1"],"picked":"sneckomod:UnknownRareSkill+1","floor":37},{"not_picked":["sneckomod:UnknownUncommonSkill","sneckomod:Unknown1Cost","sneckomod:TrashToTreasure"],"picked":"sneckomod:SoulCleanse+1","floor":39},{"not_picked":["Guardian:Gem_Green","Guardian:Gem_Cyan"],"picked":"Guardian:Gem_Red","floor":44},{"not_picked":["sneckomod:UnknownClassPURPLE+1","sneckomod:Unknown2Cost+1"],"picked":"sneckomod:UnknownBoss+1","floor":44},{"not_picked":["sneckomod:Cheat","sneckomod:CheapStock","sneckomod:SoulRoll"],"picked":"sneckomod:DiceCrush+1","floor":44},{"not_picked":["sneckomod:Unknown2Cost+1","sneckomod:UnknownCommonAttack+1"],"picked":"sneckomod:UnknownRareAttack+1","floor":46},{"not_picked":["sneckomod:IronFang","sneckomod:Unknown2Cost","sneckomod:UnknownClassGUARDIAN"],"picked":"sneckomod:UnknownStrike+1","floor":46}],"player_experience":89581,"relics_obtained":[{"floor":6,"key":"sneckomod:ConfusingCodex"},{"floor":7,"key":"Bronze Scales"},{"floor":8,"key":"Peace Pipe"},{"floor":9,"key":"Whetstone"},{"floor":26,"key":"The Courier"},{"floor":27,"key":"Thread and Needle"},{"floor":37,"key":"Du-Vu Doll"},{"floor":43,"key":"MealTicket"},{"floor":44,"key":"Dead Branch"}],"event_choices":[{"damage_healed":0,"gold_gain":0,"player_choice":"Donut","damage_taken":0,"max_hp_gain":5,"max_hp_loss":0,"event_name":"Big Fish","floor":4,"gold_loss":0},{"damage_healed":0,"gold_gain":0,"player_choice":"Gave Potion","damage_taken":0,"relics_obtained":["Darkstone Periapt"],"max_hp_gain":0,"max_hp_loss":0,"event_name":"WeMeetAgain","floor":10,"gold_loss":0},{"damage_healed":0,"gold_gain":0,"player_choice":"Left Gold","damage_taken":0,"max_hp_gain":0,"max_hp_loss":0,"event_name":"World of Goop","floor":14,"gold_loss":24},{"damage_healed":0,"gold_gain":0,"player_choice":"Ignored","damage_taken":0,"max_hp_gain":0,"max_hp_loss":0,"event_name":"Vampires","floor":20,"gold_loss":0},{"damage_healed":0,"gold_gain":0,"player_choice":"Joined the Cult","damage_taken":6,"max_hp_gain":0,"max_hp_loss":0,"event_name":"Nest","floor":21,"gold_loss":0,"cards_obtained":["RitualDagger"]},{"damage_healed":0,"gold_gain":0,"player_choice":"Cursed","damage_taken":0,"max_hp_gain":0,"max_hp_loss":0,"event_name":"Wheel of Change","floor":28,"gold_loss":0,"cards_obtained":["Decay"]},{"damage_healed":0,"gold_gain":0,"player_choice":"Fight","damage_taken":0,"max_hp_gain":0,"max_hp_loss":0,"event_name":"Mysterious Sphere","floor":37,"gold_loss":0},{"damage_healed":0,"gold_gain":0,"player_choice":"Paid","damage_taken":0,"relics_obtained":["Red Mask"],"max_hp_gain":0,"max_hp_loss":0,"event_name":"Tomb of Lord Red Mask","floor":38,"gold_loss":76},{"damage_healed":0,"gold_gain":0,"player_choice":"Fight","damage_taken":0,"max_hp_gain":0,"max_hp_loss":0,"event_name":"MindBloom","floor":44,"gold_loss":0},{"damage_healed":0,"gold_gain":0,"player_choice":"Embrace Madness","damage_taken":14,"max_hp_gain":0,"max_hp_loss":0,"event_name":"Winding Halls","floor":45,"gold_loss":0,"cards_obtained":["Madness","Madness"]}],"is_beta":false,"boss_relics":[{"not_picked":["Cursed Key","Velvet Choker","Coffee Dripper"]},{"not_picked":["Busted Crown","bronze:MakeshiftBattery"],"picked":"Astrolabe"}],"items_purged_floors":[],"is_endless":false,"potions_floor_spawned":[1,6,8,22,25,27,35,37,39],"killed_by":"Time Eater","ascension_level":0}}