{"host":"5n1fl7z5i1vf7jan","time":1612242752,"event":{"mods":["BaseMod","Minty Spire (QoL Compilation)","Quick Restart","Relic Stats"],"gold_per_floor":[110,120,45,60,5,31,106,131,207,207,220,249,249,276,276,348,348,364,12,102,135,203,203,219,219,219,7,19,48,48,48,48,145,145,160,160,205,255,273,323,64,90,90,90,106,142,178,212,212,212],"floor_reached":51,"language":"ENG","playtime":2603,"items_purged":["Alpha","Fasting2"],"score":1690,"play_id":"3d0ac6a0-6098-4321-95b0-83155e60df87","local_time":"20210201211232","is_ascension_mode":true,"campfire_choices":[{"data":"Tantrum","floor":13.0,"key":"SMITH"},{"data":"TalkToTheHand","floor":15.0,"key":"SMITH"},{"data":"WreathOfFlame","floor":23.0,"key":"SMITH"},{"floor":25.0,"key":"REST"},{"data":"TalkToTheHand","floor":30.0,"key":"SMITH"},{"floor":32.0,"key":"REST"},{"floor":44.0,"key":"REST"},{"floor":49,"key":"REST"}],"circlet_count":0,"master_deck":["AscendersBane","Eruption","Vigilance","EmptyBody","Vault","FlyingSleeves","Halt","ReachHeaven","TalkToTheHand+1","CrushJoints","Prostrate","Tantrum+1","CutThroughFate","Consecrate","TalkToTheHand+1","FearNoEvil","Scrawl","TalkToTheHand+1","HandOfGreed","WreathOfFlame+1","FlurryOfBlows+1","SpiritShield","SashWhip+1","LikeWater+1","CurseOfTheBell","ThirdEye+1","WreathOfFlame","Adaptation+1","LikeWater+1","LikeWater+1"],"relics":["Pandora\u0027s Box","Strawberry","Odd Mushroom","Darkstone Periapt","FaceOfCleric","Mercury Hourglass","Matryoshka","Runic Pyramid","DollysMirror","Oddly Smooth Stone","Molten Egg 2","Smiling Mask","Frozen Egg 2","Bag of Marbles","Calling Bell","Anchor","Shuriken","Turnip","Lizard Tail","Blood Vial","Thread and Needle","White Beast Statue","CeramicFish"],"acts_visited":["Exordium","TheCity","TheBeyond"],"potions_floor_usage":[50],"damage_taken":[{"damage":0.0,"enemies":"Cultist","floor":1.0,"turns":5.0},{"damage":10.0,"enemies":"Jaw Worm","floor":2.0,"turns":2.0},{"damage":5.0,"enemies":"2 Louse","floor":4.0,"turns":3.0},{"damage":0.0,"enemies":"Gremlin Nob","floor":6.0,"turns":3.0},{"damage":3.0,"enemies":"The Mushroom Lair","floor":8.0,"turns":3.0},{"damage":3.0,"enemies":"Exordium Thugs","floor":11.0,"turns":4.0},{"damage":1.0,"enemies":"Lagavulin","floor":12.0,"turns":6.0},{"damage":9.0,"enemies":"3 Sentries","floor":14.0,"turns":4.0},{"damage":28.0,"enemies":"Slime Boss","floor":16.0,"turns":5.0},{"damage":2.0,"enemies":"3 Byrds","floor":18.0,"turns":4.0},{"damage":0.0,"enemies":"Shell Parasite","floor":21.0,"turns":5.0},{"damage":22.0,"enemies":"Sentry and Sphere","floor":24.0,"turns":4.0},{"damage":0.0,"enemies":"Cultist and Chosen","floor":28.0,"turns":4.0},{"damage":8.0,"enemies":"Book of Stabbing","floor":29.0,"turns":4.0},{"damage":27.0,"enemies":"Collector","floor":33.0,"turns":6.0},{"damage":37.0,"enemies":"3 Darklings","floor":35.0,"turns":5.0},{"damage":0.0,"enemies":"Mind Bloom Boss Battle","floor":37.0,"turns":5.0},{"damage":0.0,"enemies":"Orb Walker","floor":39.0,"turns":2.0},{"damage":21.0,"enemies":"Nemesis","floor":40.0,"turns":6.0},{"damage":0.0,"enemies":"Giant Head","floor":42.0,"turns":8.0},{"damage":0.0,"enemies":"Writhing Mass","floor":45.0,"turns":8.0},{"damage":27.0,"enemies":"3 Darklings","floor":46.0,"turns":5.0},{"damage":32,"enemies":"Spire Growth","floor":47,"turns":5},{"damage":0,"enemies":"Nemesis","floor":48,"turns":10},{"damage":0,"enemies":"Time Eater","floor":50,"turns":10}],"seed_played":"-1835411425695664000","potions_obtained":[{"floor":1.0,"key":"StancePotion"},{"floor":8.0,"key":"AttackPotion"},{"floor":14.0,"key":"Explosive Potion"},{"floor":16.0,"key":"Explosive Potion"},{"floor":33.0,"key":"Block Potion"},{"floor":35.0,"key":"Strength Potion"},{"floor":39.0,"key":"Swift Potion"},{"floor":42.0,"key":"Explosive Potion"},{"floor":46.0,"key":"FearPotion"},{"floor":48,"key":"LiquidMemories"}],"is_trial":false,"path_per_floor":["M","M","$","M","$","E","?","?","T","?","M","E","R","E","R","B",null,"M","$","?","M","T","R","M","R","T","$","M","E","R","?","R","B",null,"M","?","?","?","M","E","$","E","T","R","M","M","M","E","R","B",null],"character_chosen":"WATCHER","items_purchased":["Tantrum","Consecrate","DollysMirror","HandOfGreed","SpiritShield","Regen Potion","Block Potion","LikeWater+1"],"campfire_rested":4,"item_purchase_floors":[3,5,19,19,27,41,41,41],"current_hp_per_floor":[61,51,51,46,46,53,53,50,50,50,48,48,48,40,40,13,63,62,62,50,51,51,51,30,54,54,54,55,48,48,48,73,47,82,46,46,47,47,48,28,28,46,46,74,77,53,24,27,57,60],"gold":212,"neow_bonus":"BOSS_RELIC","is_daily":false,"chose_seed":false,"campfire_upgraded":4,"win_rate":0.0,"timestamp":1612242752,"path_taken":["M","?","?","M","$","E","?","?","T","?","?","E","R","E","R","BOSS","M","$","?","?","?","R","M","R","T","?","M","E","R","?","R","BOSS","M","?","?","?","?","E","$","E","T","R","M","M","M","E","R","BOSS"],"items_purchased_type":["Card","Card","Relic","Card","Card","Potion","Potion","Card"],"build_version":"2020-12-22","purchased_purges":2,"victory":true,"max_hp_per_floor":[68,68,68,68,68,75,75,75,75,75,76,77,77,78,78,79,79,80,80,80,81,81,81,82,82,82,82,83,84,84,84,84,85,91,92,92,93,93,94,95,95,96,96,96,97,98,99,100,100,101],"relic_stats":{"Darkstone Periapt":6,"Blood Vial":12,"Lizard Tail":0,"FaceOfCleric":20,"counters":[25,124],"Shuriken":[26],"CeramicFish":0,"Pandora\u0027s Box":["EmptyBody","Vault","Fasting2","FlyingSleeves","Alpha","Halt","ReachHeaven","TalkToTheHand"],"Turnip":[0],"Smiling Mask":75,"obtain_stats":[{"Darkstone Periapt":9,"CeramicFish":48,"Oddly Smooth Stone":22,"Thread and Needle":42,"Odd Mushroom":8,"Frozen Egg 2":26,"Smiling Mask":26,"White Beast Statue":43,"Mercury Hourglass":12,"Calling Bell":34,"Blood Vial":40,"Anchor":34,"Lizard Tail":37,"Matryoshka":14,"FaceOfCleric":10,"DollysMirror":19,"Shuriken":34,"Strawberry":6,"Pandora\u0027s Box":0,"Molten Egg 2":22,"Turnip":34,"Bag of Marbles":29,"PureWater":0,"Runic Pyramid":17},{"Darkstone Periapt":5,"CeramicFish":24,"Oddly Smooth Stone":11,"Thread and Needle":20,"Odd Mushroom":5,"Frozen Egg 2":12,"Smiling Mask":12,"White Beast Statue":20,"Mercury Hourglass":7,"Calling Bell":15,"Blood Vial":19,"Anchor":15,"Lizard Tail":17,"Matryoshka":8,"FaceOfCleric":5,"DollysMirror":10,"Shuriken":15,"Strawberry":4,"Pandora\u0027s Box":0,"Molten Egg 2":11,"Turnip":15,"Bag of Marbles":14,"PureWater":0,"Runic Pyramid":9},{"Darkstone Periapt":16,"CeramicFish":114,"Oddly Smooth Stone":43,"Thread and Needle":87,"Odd Mushroom":16,"Frozen Egg 2":47,"Smiling Mask":47,"White Beast Statue":87,"Mercury Hourglass":26,"Calling Bell":61,"Blood Vial":79,"Anchor":61,"Lizard Tail":71,"Matryoshka":30,"FaceOfCleric":16,"DollysMirror":38,"Shuriken":61,"Strawberry":13,"Pandora\u0027s Box":0,"Molten Egg 2":43,"Turnip":61,"Bag of Marbles":55,"PureWater":0,"Runic Pyramid":34}],"Mercury Hourglass":[340]},"card_choices":[{"not_picked":["Indignation","EmptyFist"],"picked":"CrushJoints","floor":1.0},{"not_picked":["WreathOfFlame","Vengeance"],"picked":"Prostrate","floor":2.0},{"not_picked":["Evaluate","Prostrate"],"picked":"CutThroughFate","floor":4.0},{"not_picked":["PathToVictory","CutThroughFate"],"picked":"TalkToTheHand","floor":6.0},{"not_picked":["Nirvana","JustLucky"],"picked":"FearNoEvil","floor":11.0},{"not_picked":["SandsOfTime","Alpha","SignatureMove"],"picked":"SKIP","floor":12.0},{"not_picked":["BattleHymn","WreathOfFlame","FlyingSleeves"],"picked":"SKIP","floor":14.0},{"not_picked":["Devotion","DevaForm"],"picked":"Scrawl","floor":16.0},{"not_picked":["JustLucky","Crescendo","Vengeance"],"picked":"SKIP","floor":18.0},{"not_picked":["EmptyBody","Tantrum"],"picked":"WreathOfFlame","floor":21.0},{"not_picked":["EmptyFist+1","ReachHeaven+1"],"picked":"FlurryOfBlows+1","floor":24.0},{"not_picked":["Consecrate+1","ThirdEye"],"picked":"SashWhip+1","floor":28.0},{"not_picked":["Scrawl","Study+1"],"picked":"LikeWater+1","floor":29.0},{"not_picked":["PathToVictory","Evaluate+1"],"picked":"ThirdEye+1","floor":35.0},{"not_picked":["ThirdEye","SignatureMove+1"],"picked":"WreathOfFlame","floor":39.0},{"not_picked":["Swivel","SashWhip+1"],"picked":"Adaptation+1","floor":40.0},{"not_picked":["Crescendo","Sanctity","CrushJoints+1"],"picked":"SKIP","floor":42.0},{"not_picked":["Crescendo+1","EmptyBody"],"picked":"LikeWater+1","floor":45.0},{"not_picked":["FlyingSleeves+1","ReachHeaven+1","SashWhip+1"],"picked":"SKIP","floor":46.0},{"not_picked":["BowlingBash+1","WreathOfFlame","Evaluate"],"picked":"SKIP","floor":47},{"not_picked":["WindmillStrike+1","DeusExMachina","Study+1"],"picked":"SKIP","floor":48}],"player_experience":298075,"relics_obtained":[{"floor":6.0,"key":"Strawberry"},{"floor":8.0,"key":"Odd Mushroom"},{"floor":9.0,"key":"Darkstone Periapt"},{"floor":12.0,"key":"Mercury Hourglass"},{"floor":14.0,"key":"Matryoshka"},{"floor":22.0,"key":"Oddly Smooth Stone"},{"floor":22.0,"key":"Molten Egg 2"},{"floor":26.0,"key":"Smiling Mask"},{"floor":26.0,"key":"Frozen Egg 2"},{"floor":29.0,"key":"Bag of Marbles"},{"floor":34.0,"key":"Anchor"},{"floor":34.0,"key":"Shuriken"},{"floor":34.0,"key":"Turnip"},{"floor":37.0,"key":"Lizard Tail"},{"floor":40.0,"key":"Blood Vial"},{"floor":42.0,"key":"Thread and Needle"},{"floor":43.0,"key":"White Beast Statue"},{"floor":48,"key":"CeramicFish"}],"event_choices":[{"damage_healed":0.0,"max_hp_gain":0.0,"max_hp_loss":0.0,"gold_gain":75.0,"event_name":"Golden Wing","player_choice":"Gained Gold","floor":7.0,"gold_loss":0.0,"damage_taken":0.0},{"damage_healed":0.0,"max_hp_gain":0.0,"max_hp_loss":0.0,"gold_gain":0.0,"event_name":"Mushrooms","player_choice":"Fought Mushrooms","floor":8.0,"gold_loss":0.0,"damage_taken":0.0},{"damage_healed":0.0,"max_hp_gain":0.0,"max_hp_loss":0.0,"gold_gain":0.0,"event_name":"FaceTrader","player_choice":"Trade","floor":10.0,"gold_loss":0.0,"damage_taken":0.0,"relics_obtained":["FaceOfCleric"]},{"damage_healed":0.0,"max_hp_gain":0.0,"max_hp_loss":0.0,"gold_gain":90.0,"event_name":"Knowing Skull","player_choice":"GOLD ","floor":20.0,"potions_obtained":[],"gold_loss":0.0,"damage_taken":12.0,"cards_obtained":[]},{"damage_healed":0.0,"max_hp_gain":0.0,"max_hp_loss":0.0,"gold_gain":0.0,"event_name":"Vampires","player_choice":"Ignored","floor":31.0,"gold_loss":0.0,"damage_taken":0.0},{"damage_healed":0.0,"max_hp_gain":0.0,"max_hp_loss":0.0,"gold_gain":0.0,"event_name":"Mysterious Sphere","player_choice":"Ignored","floor":36.0,"gold_loss":0.0,"damage_taken":0.0},{"damage_healed":0.0,"max_hp_gain":0.0,"max_hp_loss":0.0,"gold_gain":0.0,"event_name":"MindBloom","player_choice":"Fight","floor":37.0,"gold_loss":0.0,"damage_taken":0.0},{"damage_healed":0.0,"max_hp_gain":0.0,"max_hp_loss":0.0,"gold_gain":50.0,"event_name":"Golden Shrine","player_choice":"Pray","floor":38.0,"gold_loss":0.0,"damage_taken":0.0}],"is_beta":false,"boss_relics":[{"not_picked":["Runic Dome","Cursed Key"],"picked":"Runic Pyramid"},{"not_picked":["Astrolabe","Sozu"],"picked":"Calling Bell"}],"items_purged_floors":[27,41],"is_endless":false,"potions_floor_spawned":[1,8,14,16,24,33,35,39,42,45,46,47,48],"ascension_level":17}}