{"host":"b9sas8jv6tsy9swm","time":1612229258,"event":{"mods":["AchievementEnabler","BaseMod","Minty Spire (QoL Compilation)","Permanent Neow","Quick Restart","Replay The Spire","StSLib"],"gold_per_floor":[119,119,139,149,41,41,68,68,68,68,80,109,9,340,421,517,517,534,551,279,294,144,170,170,198,270,305,318,336,362,362,374,386,386],"floor_reached":33,"language":"ZHS","playtime":1775,"items_purged":["Replay:Hysterical Blindness","Strike_G","Strike_G","Strike_G"],"score":564,"play_id":"3918e837-85c7-46e7-9ff5-52e0e0b6470f","local_time":"20210202092738","is_ascension_mode":true,"campfire_choices":[{"data":"Neutralize","floor":6.0,"key":"SMITH"},{"data":"Cloak And Dagger","floor":8.0,"key":"SMITH"},{"floor":32.0,"key":"DIG"}],"circlet_count":0,"master_deck":["Strike_G","Defend_G","Defend_G","Defend_G","Defend_G","Defend_G","Survivor","Neutralize+1","Panache","Hidden Blade","Cloak And Dagger+1","Escape Plan","Heel Hook","Neutralize","Poisoned Stab","Adrenaline","Prepared","Unload"],"relics":["Ring of the Snake","Ring of Misfortune","ReplayTheSpireMod:Ring of Exchange","InkBottle","Omamori","Snake Skull","Old Coin","WristBlade","ReplayTheSpireMod:TigerMarble","Replay:Multitool","Blue Candle","Pet Ghost","Ninja Scroll","MawBank","Bag of Marbles"],"acts_visited":["Exordium","TheCity"],"potions_floor_usage":[33,33,33,33],"damage_taken":[{"damage":0.0,"enemies":"Jaw Worm","floor":1.0,"turns":6.0},{"damage":0.0,"enemies":"Small Slimes","floor":3.0,"turns":3.0},{"damage":5.0,"enemies":"Cultist","floor":4.0,"turns":5.0},{"damage":10.0,"enemies":"3 Sentries","floor":7.0,"turns":11.0},{"damage":0.0,"enemies":"Large Slime","floor":11.0,"turns":4.0},{"damage":28.0,"enemies":"Gremlin Nob","floor":12.0,"turns":5.0},{"damage":7.0,"enemies":"Lagavulin","floor":14.0,"turns":5.0},{"damage":0.0,"enemies":"Hexaghost","floor":16.0,"turns":9.0},{"damage":0.0,"enemies":"Spheric Guardian","floor":18.0,"turns":1.0},{"damage":0.0,"enemies":"2 Thieves","floor":19.0,"turns":4.0},{"damage":0.0,"enemies":"Snecko","floor":21.0,"turns":2.0},{"damage":2.0,"enemies":"Slavers","floor":23.0,"turns":3.0},{"damage":0.0,"enemies":"Gremlin Leader","floor":25.0,"turns":4.0},{"damage":4.0,"enemies":"Book of Stabbing","floor":27.0,"turns":4.0},{"damage":1.0,"enemies":"Centurion and Healer","floor":28.0,"turns":3.0},{"damage":0.0,"enemies":"3 Cultists","floor":29.0,"turns":3.0},{"damage":5.0,"enemies":"Gremlin Leader","floor":30.0,"turns":5.0},{"damage":0,"enemies":"Champ","floor":33,"turns":3}],"seed_played":"-1929242223194851638","potions_obtained":[{"floor":7.0,"key":"LiquidMemories"},{"floor":12.0,"key":"ColorlessPotion"},{"floor":16.0,"key":"FearPotion"},{"floor":21.0,"key":"Block Potion"},{"floor":27.0,"key":"EntropicBrew"},{"floor":30.0,"key":"LiquidMemories"}],"is_trial":false,"path_per_floor":["M","?","M","M","$","R","E","R","T","?","M","E","$","E","R","B",null,"M","M","$","M","$","E","R","E","T","E","M","M","E","?","R","B"],"character_chosen":"THE_SILENT","items_purchased":["Escape Plan","ReplayTheSpireMod:TigerMarble"],"campfire_rested":0,"item_purchase_floors":[5,20],"current_hp_per_floor":[63,63,63,58,58,58,48,48,48,48,48,20,20,13,13,13,51,51,51,51,51,51,49,49,49,49,45,44,44,39,39,39,39,39],"gold":386,"neow_bonus":"RANDOM_COLORLESS_2","is_daily":false,"chose_seed":false,"campfire_upgraded":2,"win_rate":0.0,"timestamp":1612229258,"path_taken":["M","?","M","M","$","R","E","R","T","?","M","E","$","E","R","BOSS","M","M","$","M","$","E","R","E","T","E","M","?","E","?","R","BOSS"],"items_purchased_type":["Card","Relic"],"build_version":"2020-12-22","purchased_purges":4,"victory":false,"max_hp_per_floor":[63,63,63,63,63,63,63,63,63,63,63,63,63,63,63,63,63,63,63,63,63,63,63,63,63,63,63,63,63,63,63,63,63,63],"card_choices":[{"not_picked":["Crow Ritual","The Bomb"],"picked":"Panache","floor":0.0},{"not_picked":["ReplayTheSpireMod:Scrap Shanks","Dagger Throw"],"picked":"Hidden Blade","floor":1.0},{"not_picked":["Outmaneuver","Prepared","Backflip"],"picked":"SKIP","floor":3.0},{"not_picked":["PiercingWail","Deadly Poison"],"picked":"Cloak And Dagger","floor":4.0},{"not_picked":["Wraith Form v2","Poisoned Stab"],"picked":"Heel Hook","floor":7.0},{"not_picked":["Quick Slash","Tactician","Replay:Poison Smokescreen"],"picked":"SKIP","floor":11.0},{"not_picked":["Deflect","Calculated Gamble"],"picked":"Poisoned Stab","floor":12.0},{"not_picked":["Distraction","Atom Bomb","Acrobatics"],"picked":"SKIP","floor":14.0},{"not_picked":["A Thousand Cuts","Burst"],"picked":"Adrenaline","floor":16.0},{"not_picked":["Endless Agony","Outmaneuver","Quick Slash"],"picked":"SKIP","floor":18.0},{"not_picked":["Dagger Throw","Wraith Form v2","Underhanded Strike"],"picked":"SKIP","floor":19.0},{"not_picked":["Crippling Poison+1","Deflect"],"picked":"Prepared","floor":21.0},{"not_picked":["Cloak And Dagger","ReplayTheSpireMod:Tripwire+1","Flying Knee"],"picked":"SKIP","floor":23.0},{"not_picked":["Catalyst+1","Flechettes","Malaise"],"picked":"SKIP","floor":25.0},{"not_picked":["Reflex","PiercingWail","Sucker Punch"],"picked":"SKIP","floor":27.0},{"not_picked":["Acrobatics","Dodge and Roll","Hidden Blade"],"picked":"SKIP","floor":28.0},{"not_picked":["Hidden Blade+1","Dagger Spray+1","Outmaneuver"],"picked":"SKIP","floor":29.0},{"not_picked":["Prepared","Envenom","Deflect"],"picked":"SKIP","floor":30.0}],"player_experience":424784,"relics_obtained":[{"floor":2.0,"key":"Ring of Misfortune"},{"floor":2.0,"key":"ReplayTheSpireMod:Ring of Exchange"},{"floor":7.0,"key":"InkBottle"},{"floor":9.0,"key":"Omamori"},{"floor":12.0,"key":"Snake Skull"},{"floor":14.0,"key":"Old Coin"},{"floor":23.0,"key":"Replay:Multitool"},{"floor":25.0,"key":"Blue Candle"},{"floor":27.0,"key":"Pet Ghost"},{"floor":30.0,"key":"Ninja Scroll"},{"floor":32.0,"key":"Bag of Marbles"}],"event_choices":[{"damage_healed":0.0,"max_hp_gain":0.0,"max_hp_loss":0.0,"gold_gain":0.0,"event_name":"Match and Keep!","player_choice":"1 cards matched","floor":10.0,"gold_loss":0.0,"damage_taken":0.0,"cards_obtained":["Neutralize"]}],"is_beta":false,"boss_relics":[{"not_picked":["Frozen Eye","ReplayTheSpireMod:ShopPack"],"picked":"WristBlade"}],"items_purged_floors":[5,13,20,22],"is_endless":false,"potions_floor_spawned":[7,12,16,21,27,28,30],"killed_by":"Champ","ascension_level":7}}