{"host":"m3rs92yjkwi06hli","time":1612230675,"event":{"mods":["Act Like it!","Aspiration","BaseMod","Colored Map","Conspire","Defuse TimeMaze Blight","Energized Spire","Hermit","Hubris","Infinite Spire","Minty Spire (QoL Compilation)","Relic Stats","Replay The Spire","Spicy Shops","StSLib"],"gold_per_floor":[118,68,68,89,113,113,146,146,146,146,166,166,166,200,200,325,325,343,366,366,366,389,389,423,423,423,444,297,321,321,62,62,186,186,211,225,185,185,185],"floor_reached":38,"language":"ENG","playtime":1329,"items_purged":[],"score":607,"play_id":"ea74b82d-b4b2-4afd-a278-a5c7f9a656c4","local_time":"20210201195115","is_ascension_mode":true,"campfire_choices":[{"floor":8,"key":"REST"},{"data":"hermit:GoldenBullet","floor":10,"key":"SMITH"},{"data":"hermit:Quickdraw","floor":12,"key":"SMITH"},{"data":"hermit:HighNoon","floor":15,"key":"SMITH"},{"floor":23,"key":"REST"},{"data":"hermit:Combo","floor":25,"key":"SMITH"},{"data":"hermit:Headshot","floor":32,"key":"SMITH"}],"circlet_count":0,"master_deck":["hermit:Strike_Hermit+1","hermit:Strike_Hermit","hermit:Strike_Hermit","hermit:Defend_Hermit","hermit:Defend_Hermit","hermit:Defend_Hermit","hermit:Defend_Hermit","hermit:Snapshot","hermit:Covet","hermit:PistolWhip","hermit:GoldenBullet+1","hermit:ItchyTrigger+1","hermit:Deadeye","hermit:Quickdraw+1","hermit:Headshot+1","hermit:HighNoon+1","hermit:OverwhelmingPower","hermit:WideOpen","hermit:Combo+1","hermit:TakeAim+1","hermit:WideOpen+1","hermit:OverwhelmingPower","Choke","Blade Dance+1"],"relics":["hermit:Momento","Golden Idol","Anchor","Mummified Hand","Kunai","infinitespire:BottledMercury","Philosopher\u0027s Stone","aspiration:Lifesprig","Omamori","Lee\u0027s Waffle","infinitespire:EmpoweringShard","Membership Card","Blood Vial","ReplayFunnel","aspiration:SilentSkillbook"],"acts_visited":["Exordium","TheCity","TheBeyond"],"potions_floor_usage":[24,33],"damage_taken":[{"damage":7,"enemies":"2 Louse","floor":1,"turns":3},{"damage":8,"enemies":"Jaw Worm","floor":4,"turns":4},{"damage":0,"enemies":"Small Slimes","floor":5,"turns":2},{"damage":16,"enemies":"Lagavulin","floor":7,"turns":7},{"damage":0,"enemies":"Blue Slaver","floor":11,"turns":2},{"damage":11,"enemies":"3 Sentries","floor":14,"turns":6},{"damage":4,"enemies":"Slime Boss","floor":16,"turns":7},{"damage":28,"enemies":"conspire:FuzzyDice","floor":18,"turns":5},{"damage":0,"enemies":"Chosen","floor":19,"turns":3},{"damage":30,"enemies":"Sentry and Sphere","floor":22,"turns":4},{"damage":10,"enemies":"conspire:SneckoGhost","floor":24,"turns":4},{"damage":0,"enemies":"Centurion and Healer","floor":27,"turns":4},{"damage":10,"enemies":"Snake Plant","floor":29,"turns":3},{"damage":36,"enemies":"Pondfish","floor":33,"turns":5},{"damage":47,"enemies":"3 Shapes","floor":35,"turns":4},{"damage":30,"enemies":"3 Darklings","floor":36,"turns":4},{"damage":14,"enemies":"Transient","floor":38,"turns":3}],"seed_played":"423435126389838085","potions_obtained":[{"floor":4,"key":"Strength Potion"},{"floor":5,"key":"GamblersBrew"},{"floor":14,"key":"FearPotion"},{"floor":16,"key":"Adrenaline Potion"},{"floor":24,"key":"Elixir"},{"floor":29,"key":"Explosive Potion"},{"floor":35,"key":"SteroidPotion"}],"is_trial":false,"path_per_floor":["M","?","?","M","M","?","E","R","T","R","M","R","?","E","R","B",null,"M","M","?","?","M","R","E","R","T","M","$","M","T","$","R","B",null,"M","M","?","M"],"character_chosen":"HERMIT","items_purchased":["Lee\u0027s Waffle","Membership Card","Blood Vial","ReplayFunnel"],"campfire_rested":2,"item_purchase_floors":[28,31,31,31],"current_hp_per_floor":[68,68,50,42,42,47,31,55,55,55,55,55,55,44,44,40,80,52,52,78,78,48,72,62,62,62,62,87,77,77,77,77,43,87,40,12,12,0,0],"gold":185,"neow_bonus":"THREE_CARDS","is_daily":false,"chose_seed":false,"campfire_upgraded":5,"win_rate":0.0,"timestamp":1612230675,"path_taken":["M","?","?","?","M","?","E","R","T","R","M","R","?","E","R","BOSS","M","?","?","?","?","R","E","R","T","M","$","M","?","$","R","BOSS","M","M","?","?"],"items_purchased_type":["Relic","Relic","Relic","Relic"],"build_version":"2020-12-22","purchased_purges":0,"victory":false,"max_hp_per_floor":[75,75,75,75,75,80,80,80,80,80,80,80,80,80,80,80,80,80,80,80,80,80,80,80,80,80,80,87,87,87,87,87,87,87,87,87,87,87,87],"relic_stats":{"Blood Vial":6,"Lee\u0027s Waffle":25,"counters":[17,70],"Golden Idol":115,"Mummified Hand":[34],"Kunai":[38],"obtain_stats":[{"ReplayFunnel":31,"infinitespire:BottledMercury":14,"aspiration:Lifesprig":24,"Lee\u0027s Waffle":28,"Golden Idol":3,"Omamori":26,"Blood Vial":31,"Anchor":7,"Mummified Hand":9,"Philosopher\u0027s Stone":17,"aspiration:SilentSkillbook":34,"infinitespire:EmpoweringShard":30,"Kunai":13,"Membership Card":31,"hermit:Momento":0},{"ReplayFunnel":13,"infinitespire:BottledMercury":6,"aspiration:Lifesprig":11,"Lee\u0027s Waffle":12,"Golden Idol":1,"Omamori":11,"Blood Vial":13,"Anchor":4,"Mummified Hand":4,"Philosopher\u0027s Stone":7,"aspiration:SilentSkillbook":14,"infinitespire:EmpoweringShard":13,"Kunai":5,"Membership Card":13,"hermit:Momento":0},{"ReplayFunnel":54,"infinitespire:BottledMercury":24,"aspiration:Lifesprig":47,"Lee\u0027s Waffle":51,"Golden Idol":3,"Omamori":47,"Blood Vial":54,"Anchor":16,"Mummified Hand":16,"Philosopher\u0027s Stone":31,"aspiration:SilentSkillbook":59,"infinitespire:EmpoweringShard":54,"Kunai":18,"Membership Card":54,"hermit:Momento":0}]},"card_choices":[{"not_picked":["hermit:EyeOfTheStorm","hermit:Quickdraw"],"picked":"hermit:PistolWhip","floor":0},{"not_picked":["hermit:Malice","hermit:Vantage"],"picked":"hermit:GoldenBullet","floor":1},{"not_picked":["hermit:Misfire","hermit:Midnight"],"picked":"hermit:ItchyTrigger","floor":4},{"not_picked":["hermit:Showdown","hermit:TakeCover"],"picked":"hermit:Deadeye","floor":5},{"not_picked":["hermit:FromBeyond","hermit:LuckOfTheDraw"],"picked":"hermit:Quickdraw","floor":7},{"not_picked":["hermit:HighCaliber","hermit:GoldenBullet"],"picked":"hermit:Headshot","floor":11},{"not_picked":["hermit:Feint","hermit:GoldenBullet"],"picked":"hermit:HighNoon","floor":14},{"not_picked":["hermit:Reprieve","hermit:BlackWind"],"picked":"hermit:OverwhelmingPower","floor":16},{"not_picked":["hermit:GoldenBullet+1","hermit:Vantage+1","hermit:Ricochet"],"picked":"SKIP","floor":18},{"not_picked":["hermit:CalledShot+1","hermit:ShadowCloak"],"picked":"hermit:WideOpen","floor":19},{"not_picked":["hermit:Snipe","hermit:Roulette","hermit:TrackingShot"],"picked":"SKIP","floor":22},{"not_picked":["hermit:HighCaliber","hermit:RoundhouseKick"],"picked":"hermit:Combo","floor":24},{"not_picked":["hermit:Ricochet+1","hermit:HighCaliber"],"picked":"hermit:TakeAim+1","floor":27},{"not_picked":["hermit:GoldenBullet","hermit:Gestalt"],"picked":"hermit:WideOpen+1","floor":29},{"not_picked":["hermit:Purgatory","hermit:HeroicBravado"],"picked":"hermit:OverwhelmingPower","floor":33},{"not_picked":["conspire:PoisonWeapons","hermit:HoleUp","ReplayTheSpireMod:Exploit Weakness+1"],"picked":"Choke","floor":35},{"not_picked":["Flying Knee","Acrobatics+1","hubris:SlightOfHand"],"picked":"Blade Dance+1","floor":36}],"player_experience":753386,"relics_obtained":[{"floor":7,"key":"Anchor"},{"floor":9,"key":"Mummified Hand"},{"floor":14,"key":"infinitespire:BottledMercury"},{"floor":24,"key":"aspiration:Lifesprig"},{"floor":26,"key":"Omamori"},{"floor":30,"key":"infinitespire:EmpoweringShard"}],"event_choices":[{"cards_removed":["hermit:Strike_Hermit"],"damage_healed":0,"gold_gain":0,"player_choice":"Card Removal","damage_taken":0,"max_hp_gain":0,"max_hp_loss":0,"event_name":"The Cleric","floor":2,"gold_loss":50},{"damage_healed":0,"gold_gain":0,"player_choice":"Take Damage","damage_taken":18,"relics_obtained":["Golden Idol"],"max_hp_gain":0,"max_hp_loss":0,"event_name":"Golden Idol","floor":3,"gold_loss":0},{"damage_healed":0,"gold_gain":0,"player_choice":"Donut","damage_taken":0,"max_hp_gain":5,"max_hp_loss":0,"event_name":"Big Fish","floor":6,"gold_loss":0},{"damage_healed":0,"gold_gain":0,"player_choice":"Gave Potion","damage_taken":0,"relics_obtained":["Kunai"],"max_hp_gain":0,"max_hp_loss":0,"event_name":"WeMeetAgain","floor":13,"gold_loss":0},{"damage_healed":26,"gold_gain":0,"player_choice":"Heal","damage_taken":0,"max_hp_gain":0,"max_hp_loss":0,"event_name":"The Library","floor":20,"gold_loss":0},{"damage_healed":0,"gold_gain":0,"player_choice":"Bought 0 Potions","damage_taken":0,"max_hp_gain":0,"max_hp_loss":0,"event_name":"The Woman in Blue","floor":21,"gold_loss":0},{"damage_healed":0,"gold_gain":0,"player_choice":"Upgraded Two","damage_taken":0,"max_hp_gain":0,"max_hp_loss":0,"event_name":"Designer","floor":37,"gold_loss":40,"cards_upgraded":["hermit:ItchyTrigger","hermit:Strike_Hermit"]}],"is_beta":false,"boss_relics":[{"not_picked":["Replay:Wanted Poster","hubris:RunicObelisk"],"picked":"Philosopher\u0027s Stone"},{"not_picked":["Runic Pyramid","hermit:BartenderGlass"],"picked":"aspiration:SilentSkillbook"}],"items_purged_floors":[],"is_endless":false,"potions_floor_spawned":[4,5,14,16,18,24,29,35],"killed_by":"Transient","ascension_level":2}}