{"host":"p62uqwu04pp7leh9","time":1612230320,"event":{"mods":["BaseMod","Block Reminder","Colored Map","Colored Powertips","Minty Spire (QoL Compilation)","Relic Stats"],"gold_per_floor":[119,134,146,71,89,89,119,119,119,119,119],"floor_reached":10,"language":"ENG","playtime":529,"items_purged":["Strike_R"],"score":85,"play_id":"4986349d-49af-4a52-a903-d79d5141c52c","local_time":"20210201204520","is_ascension_mode":true,"campfire_choices":[{"data":"Disarm","floor":6,"key":"SMITH"},{"data":"Reaper","floor":8,"key":"SMITH"}],"circlet_count":0,"master_deck":["Strike_R","Strike_R","Strike_R","Strike_R","Defend_R","Defend_R","Defend_R","Defend_R","Bash","Infernal Blade","Disarm+1","Cleave","Pommel Strike","Reaper+1"],"relics":["Burning Blood","Omamori","Gremlin Horn"],"acts_visited":["Exordium"],"potions_floor_usage":[7,10],"damage_taken":[{"damage":6,"enemies":"Cultist","floor":1,"turns":3},{"damage":8,"enemies":"2 Louse","floor":2,"turns":2},{"damage":2,"enemies":"Jaw Worm","floor":3,"turns":5},{"damage":14,"enemies":"Gremlin Gang","floor":5,"turns":4},{"damage":50,"enemies":"3 Sentries","floor":7,"turns":7},{"damage":55,"enemies":"Lagavulin","floor":10,"turns":5}],"seed_played":"5740339759061870264","potions_obtained":[{"floor":1,"key":"SteroidPotion"},{"floor":2,"key":"SneckoOil"}],"is_trial":false,"path_per_floor":["M","M","M","$","M","R","E","R","T","E"],"character_chosen":"IRONCLAD","items_purchased":[],"campfire_rested":0,"item_purchase_floors":[],"current_hp_per_floor":[88,86,88,88,80,80,36,36,36,0,0],"gold":119,"neow_bonus":"TEN_PERCENT_HP_BONUS","is_daily":false,"chose_seed":false,"campfire_upgraded":2,"win_rate":0.0,"timestamp":1612230320,"path_taken":["M","?","M","$","?","R","E","R","T","E"],"items_purchased_type":[],"build_version":"2020-12-22","purchased_purges":1,"victory":false,"max_hp_per_floor":[88,88,88,88,88,88,88,88,88,88,88],"relic_stats":{"Gremlin Horn":[0,0],"counters":[6,26],"obtain_stats":[{"Gremlin Horn":9,"Omamori":7,"Burning Blood":0},{"Gremlin Horn":5,"Omamori":5,"Burning Blood":0},{"Gremlin Horn":21,"Omamori":21,"Burning Blood":0}],"Burning Blood":28},"card_choices":[{"not_picked":["Sword Boomerang","Ghostly Armor"],"picked":"Infernal Blade","floor":1},{"not_picked":["Cleave","Flex"],"picked":"Disarm","floor":2},{"not_picked":["Warcry","Twin Strike"],"picked":"Cleave","floor":3},{"not_picked":["Clash","Twin Strike"],"picked":"Pommel Strike","floor":5},{"not_picked":["Body Slam","Perfected Strike"],"picked":"Reaper","floor":7}],"player_experience":395446,"relics_obtained":[{"floor":7,"key":"Omamori"},{"floor":9,"key":"Gremlin Horn"}],"event_choices":[],"is_beta":false,"boss_relics":[],"items_purged_floors":[4],"is_endless":false,"potions_floor_spawned":[1,2],"killed_by":"Lagavulin","ascension_level":5}}