{"host":"kgj3hkp928synzkd","time":1612309218,"event":{"mods":["2.2 Compatiblity","A Magickal Journey","AchievementEnabler","Act Like it!","AlwaysNeverKeys","Aspiration","BaseMod","Better Altar","Better Match","Better Note","Better Sensory Stone","Better Synergies","Better Third Choice","Better Vampires","Block Reminder","Colored Map","Colored Powertips","Conspire","Curses Come First","Disable Question Mark Monsters","Downfall","GifTheSpireLib","Gremlin Skip","GungeonMod","Hallownest","Infinite Spire","Luminous","Marisa????????","Marked Mod","Minty Spire (QoL Compilation)","Permanent Neow","Quick Restart","Random Character Button","Rare Cards Sparkle","Replay The Spire","Spicy Shops","StSLib","SuperFastMode","The Bug Knight","The Exalted","Uncapped"],"gold_per_floor":[112,112,129,129,141,141,173,173,245,261,261,275,294,311,311,407,407,427,377,396,408,427,427,444,454,480,493,137,117,117,130,130,235,235,247,132,150,205,205,205,205,205],"floor_reached":41,"language":"ENG","playtime":1995,"items_purged":["Defend_MRS","Strike_MRS"],"score":399,"play_id":"a90289b3-cb1c-4bf2-b19f-79c7e6b5d831","local_time":"20210202184018","is_ascension_mode":false,"campfire_choices":[{"data":"OrrerysSun","floor":6,"key":"SMITH"},{"floor":15,"key":"REST"},{"floor":23,"key":"REST"},{"floor":30,"key":"REST"},{"floor":32,"key":"REST"},{"floor":40,"key":"REST"}],"circlet_count":0,"master_deck":["Strike_MRS","Strike_MRS","Strike_MRS","Defend_MRS","Defend_MRS","Defend_MRS","MasterSpark","UpSweep","OrrerysSun+1","6A","NonDirectionalLaser","MysteriousBeam","IllusionStar+1","Orbital+1","ChargingUp+1","UnstableBomb+1","OortCloud","MillisecondPulsars","ShootTheMoon+1","PowerUp","WitchLeyline+1"],"relics":["MiniHakkero","DemoMod:ClearGuonStone","Bromod:ArcaneVictory","ExperimentalFamiliar","Strawberry","Membership Card","Calipers","Bromod:ArcanePistoleer"],"acts_visited":["Exordium","TheCity","TheBeyond"],"potions_floor_usage":[16,33,38],"damage_taken":[{"damage":0,"enemies":"Small Slimes","floor":1,"turns":3},{"damage":2,"enemies":"2 Louse","floor":3,"turns":3},{"damage":0,"enemies":"Cultist","floor":5,"turns":3},{"damage":32,"enemies":"Lagavulin","floor":7,"turns":9},{"damage":9,"enemies":"3 Louse","floor":10,"turns":3},{"damage":5,"enemies":"Exordium Thugs","floor":12,"turns":4},{"damage":23,"enemies":"Lots of Slimes","floor":13,"turns":3},{"damage":0,"enemies":"Blue Slaver","floor":14,"turns":4},{"damage":32,"enemies":"Hexaghost","floor":16,"turns":14},{"damage":13,"enemies":"Shell Parasite","floor":18,"turns":4},{"damage":0,"enemies":"3 Byrds","floor":20,"turns":6},{"damage":22,"enemies":"conspire:HollyBat","floor":21,"turns":5},{"damage":17,"enemies":"3 Cultists","floor":22,"turns":5},{"damage":4,"enemies":"Snecko","floor":24,"turns":4},{"damage":13,"enemies":"Snake Plant","floor":25,"turns":6},{"damage":25,"enemies":"Shelled Parasite and Fungi","floor":27,"turns":4},{"damage":4,"enemies":"Centurion and Healer","floor":31,"turns":2},{"damage":55,"enemies":"Champ","floor":33,"turns":15},{"damage":1,"enemies":"Orb Walker","floor":35,"turns":3},{"damage":20,"enemies":"3 Shapes","floor":37,"turns":4},{"damage":46,"enemies":"conspire:MimicChest","floor":38,"turns":15},{"damage":73,"enemies":"Transient","floor":41,"turns":4}],"seed_played":"322685445585199580","potions_obtained":[{"floor":3,"key":"sneckomod:MuddlingPotion"},{"floor":5,"key":"LiquidMemories"},{"floor":12,"key":"Dexterity Potion"},{"floor":18,"key":"Block Potion"},{"floor":29,"key":"Weak Potion"},{"floor":33,"key":"Explosive Potion"}],"is_trial":false,"path_per_floor":["M","$","M","$","M","R","E","?","T","M","$","M","M","M","R","B",null,"M","?","M","M","M","R","M","M","T","M","$","?","R","M","R_BF","B",null,"M","$","M","?","T","R","M"],"character_chosen":"MARISA","items_purchased":["Membership Card","Calipers","OortCloud","PowerUp"],"campfire_rested":5,"item_purchase_floors":[28,28,28,36],"current_hp_per_floor":[75,75,73,73,73,73,41,46,46,40,40,37,19,20,44,13,80,68,68,71,50,36,60,57,45,52,29,29,29,55,53,79,25,87,87,87,70,25,25,51,0,0],"gold":205,"neow_bonus":"RANDOM_COLORLESS","is_daily":false,"chose_seed":false,"campfire_upgraded":1,"win_rate":0.0,"timestamp":1612309218,"path_taken":["M","$","M","$","M","R","E","?","T","M","$","M","M","M","R","BOSS","M","?","M","M","M","R","M","?","T","?","$","?","R","M","R_BF","BOSS","M","$","?","?","?","R","M"],"items_purchased_type":["Relic","Relic","Card","Card"],"build_version":"2020-12-22","purchased_purges":2,"victory":false,"max_hp_per_floor":[75,75,75,75,75,75,75,80,80,80,80,80,80,80,80,80,80,80,80,80,80,80,80,80,80,87,87,87,87,87,87,87,87,87,87,87,87,87,87,87,87,87],"card_choices":[{"not_picked":["GalacticHalo","IllusionStar"],"picked":"OrrerysSun","floor":1},{"not_picked":["MilkyWay","ShootingEcho"],"picked":"6A","floor":3},{"not_picked":["FairyDestructionRay","MysteriousBeam","CollectingQuirk"],"picked":"SKIP","floor":5},{"not_picked":["LuminesStrike","Acceleration","GravityBeat"],"picked":"SKIP","floor":7},{"not_picked":["WitchOfGreed","AsteroidBelt"],"picked":"NonDirectionalLaser","floor":10},{"not_picked":["ShootingEcho","UnstableBomb","StarlightTyphoon"],"picked":"SKIP","floor":12},{"not_picked":["Acceleration","AlicesGift","PropBag"],"picked":"SKIP","floor":13},{"not_picked":["FinalSpark","SporeBomb","StarlightTyphoon"],"picked":"SKIP","floor":14},{"not_picked":["ShootingEcho","Acceleration","SporeBomb"],"picked":"SKIP","floor":18},{"not_picked":["6A","EventHorizon+1","RefractionSpark+1"],"picked":"SKIP","floor":20},{"not_picked":["ShootingEcho","RefractionSpark+1"],"picked":"MysteriousBeam","floor":21},{"not_picked":["GrandCross","Occultation+1"],"picked":"IllusionStar+1","floor":22},{"not_picked":["GravityBeat","SatelliteIllusion"],"picked":"Orbital+1","floor":24},{"not_picked":["ChargeUpSpray","Occultation+1"],"picked":"ChargingUp+1","floor":25},{"not_picked":["6A","MagicChant"],"picked":"UnstableBomb+1","floor":27},{"not_picked":["Acceleration","AbsoluteMagnitude","GravityBeat+1"],"picked":"SKIP","floor":31},{"not_picked":["BigCrunch","FinalSpark"],"picked":"MillisecondPulsars","floor":33},{"not_picked":["SporeBomb","GrandCross"],"picked":"ShootTheMoon+1","floor":35},{"not_picked":["SporeBomb+1","EventHorizon","ShootTheMoon+1"],"picked":"SKIP","floor":37},{"not_picked":["SporeBomb+1","DragonMeteor"],"picked":"WitchLeyline+1","floor":38}],"player_experience":330661,"relics_obtained":[{"floor":7,"key":"DemoMod:ClearGuonStone"},{"floor":9,"key":"Bromod:ArcaneVictory"},{"floor":26,"key":"Strawberry"},{"floor":38,"key":"Bromod:ArcanePistoleer"}],"event_choices":[{"damage_healed":0,"gold_gain":0,"player_choice":"Donut","damage_taken":0,"max_hp_gain":5,"max_hp_loss":0,"event_name":"Big Fish","floor":8,"gold_loss":0},{"damage_healed":0,"gold_gain":0,"player_choice":"Bet on Murderer","damage_taken":0,"max_hp_gain":0,"max_hp_loss":0,"event_name":"The Joust","floor":19,"gold_loss":50},{"damage_healed":0,"gold_gain":0,"player_choice":"Bought 1 Potion","damage_taken":0,"max_hp_gain":0,"max_hp_loss":0,"event_name":"The Woman in Blue","floor":29,"gold_loss":0}],"is_beta":false,"boss_relics":[{"not_picked":["Astrolabe","Painkiller Herb"],"picked":"ExperimentalFamiliar"},{"not_picked":["Runic Dome","RampagingMagicTools","Replay:Drink Me"]}],"items_purged_floors":[36,36],"is_endless":false,"potions_floor_spawned":[3,5,12,13,18,22,31,33],"killed_by":"Transient","ascension_level":0}}