{"host":"l2dnabsh5e0fsksb","time":1612233449,"event":{"mods":["2.2 Compatiblity","BaseMod","Downfall","Minty Spire (QoL Compilation)","Quick Restart","StSLib"],"gold_per_floor":[99,115,115,127,127,27,27,54,70,80,80,97,130,40,50,50,50,50],"floor_reached":16,"language":"ENG","playtime":560,"items_purged":["Normality"],"score":226,"play_id":"91bb1de0-8efa-45da-bd69-c5ad4bd7631e","local_time":"20210202130729","is_ascension_mode":true,"campfire_choices":[{"floor":1.0,"key":"RECALL"},{"floor":6.0,"key":"REST"},{"data":"bronze:Repulsor","floor":11.0,"key":"SMITH"}],"circlet_count":0,"master_deck":["AscendersBane","bronze:Strike","bronze:Strike","bronze:Strike","bronze:Defend","bronze:Defend","bronze:Defend","bronze:Replicate","bronze:Constructor","bronze:DelayedSlice","bronze:DelayedGuard","bronze:Branch","bronze:Repulsor+1","bronze:CutThrough","bronze:Separator","bronze:BitShift","bronze:BronzeArmor"],"relics":["bronze:BronzeCore","PreservedInsect","Thread and Needle","downfall:HeartBlessingRed","Eternal Feather","Orichalcum","bronze:SilverBullet"],"acts_visited":["Exordium"],"potions_floor_usage":[13,16],"damage_taken":[{"damage":2.0,"enemies":"Jaw Worm","floor":2.0,"turns":3.0},{"damage":0.0,"enemies":"2 Louse","floor":4.0,"turns":3.0},{"damage":18.0,"enemies":"Gremlin Nob","floor":8.0,"turns":4.0},{"damage":0.0,"enemies":"Cultist","floor":9.0,"turns":4.0},{"damage":0.0,"enemies":"Large Slime","floor":10.0,"turns":6.0},{"damage":0.0,"enemies":"Exordium Wildlife","floor":12.0,"turns":4.0},{"damage":0,"enemies":"Lagavulin","floor":13,"turns":4},{"damage":0,"enemies":"downfall:FleeingMerchant","floor":14,"turns":4},{"damage":0,"enemies":"Exordium Thugs","floor":15,"turns":2},{"damage":43,"enemies":"DF_ARCHETYPE_STREAMLINE","floor":16,"turns":12}],"seed_played":"-840385685426534918","potions_obtained":[{"floor":8.0,"key":"Ancient Potion"},{"floor":10.0,"key":"Fire Potion"},{"floor":15,"key":"Explosive Potion"}],"is_trial":false,"path_per_floor":["R","M","?","M","?","R","T","E","M","M","R","M","E","$","M","B"],"character_chosen":"THE_AUTOMATON","items_purchased":[],"campfire_rested":1,"item_purchase_floors":[],"current_hp_per_floor":[63,61,28,28,28,49,49,31,31,31,37,37,37,37,37,0,0,0],"gold":50,"neow_bonus":"RANDOM_COMMON_RELIC","is_daily":false,"chose_seed":false,"campfire_upgraded":1,"win_rate":0.0,"timestamp":1612233449,"path_taken":["R","M","?","M","?","R","T","E","M","?","R","M","E","$","M","BOSS"],"items_purchased_type":[],"build_version":"2020-12-22","purchased_purges":1,"victory":false,"max_hp_per_floor":[70,70,70,70,70,70,70,70,70,70,70,70,70,70,70,70,70,70],"card_choices":[{"not_picked":["bronze:Frontload","bronze:CloningBeam"],"picked":"bronze:Constructor","floor":2.0},{"not_picked":["bronze:Deprecate","bronze:Constructor"],"picked":"bronze:DelayedSlice","floor":4.0},{"not_picked":["bronze:Constructor","bronze:InfiniteBeams"],"picked":"bronze:DelayedGuard","floor":8.0},{"not_picked":["bronze:Constructor","bronze:GetLatest"],"picked":"bronze:Branch","floor":9.0},{"not_picked":["bronze:Backtrace","bronze:Safeguard"],"picked":"bronze:Repulsor","floor":10.0},{"not_picked":["bronze:ForLoop","bronze:DelayedGuard"],"picked":"bronze:CutThrough","floor":12.0},{"not_picked":["bronze:MaxOutput","bronze:Shield"],"picked":"bronze:Separator","floor":13},{"not_picked":["bronze:NullPointer","bronze:Format"],"picked":"bronze:BitShift","floor":14},{"not_picked":["bronze:Branch","bronze:Allocate"],"picked":"bronze:BronzeArmor","floor":15}],"player_experience":1889268,"relics_obtained":[{"floor":7.0,"key":"Eternal Feather"},{"floor":8.0,"key":"Orichalcum"},{"floor":13,"key":"bronze:SilverBullet"}],"event_choices":[{"damage_healed":0.0,"max_hp_gain":0.0,"max_hp_loss":0.0,"gold_gain":0.0,"event_name":"Scrap Ooze","player_choice":"Success","floor":3.0,"gold_loss":0.0,"damage_taken":33.0,"relics_obtained":["Thread and Needle"]}],"is_beta":false,"boss_relics":[],"items_purged_floors":[14],"is_endless":false,"potions_floor_spawned":[8,10,15],"killed_by":"DF_ARCHETYPE_STREAMLINE","ascension_level":13}}