{"host":"am0cr9xwekqmrere","time":1612292020,"event":{"mods":["AchievementEnabler","Act Like it!","BaseMod","Better Altar","Better Match","Better Note","Better Sensory Stone","Better Skull","Better Third Choice","BetterRewards","Conspire","Downfall","Hubris","Infinite Spire","Minty Spire (QoL Compilation)","Rare Cards Sparkle","Spicy Shops","StSLib","Unceasing Turn Reminder"],"gold_per_floor":[0,17,35,47,32,32,82,110,126,126,161,61,46,46,60,60,60,60],"floor_reached":16,"language":"ENG","playtime":682,"items_purged":[],"score":135,"play_id":"e72dfb6d-8313-4d83-ae7e-4cb835d55093","local_time":"20210202125340","is_ascension_mode":false,"campfire_choices":[{"data":"champ:Taunt","floor":1,"key":"SMITH"},{"floor":10,"key":"REST"},{"data":"champ:Shatter","floor":12,"key":"SMITH"}],"circlet_count":0,"master_deck":["champ:Strike","champ:Strike","champ:Strike","champ:Strike","champ:Defend","champ:Defend","champ:Defend","champ:Defend","champ:Execute","champ:Taunt+1","champ:SetATrap+1","champ:FanOfKnives+1","champ:FaceSlap","champ:Endure","hubris:Disease","champ:AdrenalArmor","champ:PreciseThrust","champ:Shatter+1","champ:FlashCut"],"relics":["champ:ChampionCrown","Bronze Scales","infinitespire:PuzzleCube","Ancient Tea Set","downfall:HeartBlessingGreen"],"acts_visited":["Exordium"],"potions_floor_usage":[5,11,11,16],"damage_taken":[{"damage":14,"enemies":"conspire:RoseBush","floor":2,"turns":4},{"damage":23,"enemies":"Jaw Worm","floor":3,"turns":3},{"damage":0,"enemies":"2 Louse","floor":4,"turns":2},{"damage":30,"enemies":"downfall:FleeingMerchant","floor":5,"turns":4},{"damage":65,"enemies":"Lagavulin","floor":8,"turns":7},{"damage":20,"enemies":"Large Slime","floor":9,"turns":4},{"damage":32,"enemies":"Gremlin Nob","floor":11,"turns":4},{"damage":40,"enemies":"downfall:FleeingMerchant","floor":13,"turns":4},{"damage":22,"enemies":"Blue Slaver","floor":15,"turns":2},{"damage":55,"enemies":"WA_ARCHETYPE_RETAIN","floor":16,"turns":6}],"seed_played":"-5509102638482480309","potions_obtained":[{"floor":3,"key":"PowerPotion"},{"floor":4,"key":"Dexterity Potion"},{"floor":8,"key":"Energy Potion"},{"floor":11,"key":"PowerPotion"}],"is_trial":false,"path_per_floor":["R","M","M","M","$","?","T","E","M","R","E","R","$","?","M","B"],"character_chosen":"THE_CHAMP","items_purchased":[],"campfire_rested":1,"item_purchase_floors":[],"current_hp_per_floor":[108,104,101,101,91,91,91,46,46,78,71,71,56,56,44,0,0,0],"gold":60,"neow_bonus":"TWENTY_PERCENT_HP_BONUS","is_daily":false,"chose_seed":false,"campfire_upgraded":2,"win_rate":0.0,"timestamp":1612292020,"path_taken":["R","M","M","M","$","?","T","E","M","R","E","R","?","?","M","BOSS"],"items_purchased_type":[],"build_version":"2020-12-22","purchased_purges":0,"victory":false,"max_hp_per_floor":[108,108,108,108,108,108,108,108,108,108,108,108,108,108,108,108,108,108],"card_choices":[{"not_picked":["champ:FancyFootwork","champ:Haymaker"],"picked":"champ:SetATrap","floor":2},{"not_picked":["champ:Shatter","champ:PreemptiveStrike"],"picked":"champ:FanOfKnives","floor":3},{"not_picked":["champ:PreciseThrust","champ:PerfectedStrike"],"picked":"champ:FaceSlap","floor":4},{"not_picked":["champ:BringItOn","champ:StanceDance"],"picked":"champ:Endure","floor":5},{"not_picked":["champ:Circumvent","champ:BerserkersShout"],"picked":"champ:AdrenalArmor","floor":8},{"not_picked":["champ:Lariat","champ:EnGarde"],"picked":"champ:PreciseThrust","floor":9},{"not_picked":["champ:CrookedStrike","champ:GutPunch"],"picked":"champ:Shatter","floor":11},{"not_picked":["champ:EndlessRage","champ:TornadoPunch"],"picked":"champ:FlashCut","floor":13},{"not_picked":["champ:SetATrap","champ:Shatter","champ:FanOfKnives"],"picked":"SKIP","floor":15}],"player_experience":2709423,"relics_obtained":[{"floor":7,"key":"Bronze Scales"},{"floor":8,"key":"infinitespire:PuzzleCube"},{"floor":11,"key":"Ancient Tea Set"}],"event_choices":[],"is_beta":false,"boss_relics":[],"items_purged_floors":[],"is_endless":false,"potions_floor_spawned":[3,4,8,11],"killed_by":"WA_ARCHETYPE_RETAIN","ascension_level":0}}