{"host":"o1umn66c6cmsknp2","time":1612267360,"event":{"mods":["BaseMod","Colored Map","DeckTracker","Highlight Path","Keyboard Shortcuts","Minty Spire (QoL Compilation)","Permanent Neow","SuperFastMode","Unceasing Turn Reminder","everything is the same but u backflip on backflip"],"gold_per_floor":[116,130,145,125,50,50,62,137,137,148,148,112,140,140,140,140,140],"floor_reached":16,"language":"KOR","playtime":676,"items_purged":["Clumsy"],"score":158,"play_id":"9259d2e7-cbb0-40b9-aad2-3c415c602211","local_time":"20210202210240","is_ascension_mode":true,"campfire_choices":[{"data":"Neutralize","floor":6.0,"key":"SMITH"},{"floor":15.0,"key":"REST"}],"circlet_count":0,"master_deck":["AscendersBane","Strike_G","Strike_G","Strike_G","Strike_G","Defend_G","Defend_G","Defend_G","Defend_G","Survivor","Neutralize+1","Caltrops","Bullet Time","Slice","Caltrops","Reflex","Dash","Blur","Finisher","Dagger Spray"],"relics":["Ring of the Snake","MealTicket","Orichalcum"],"acts_visited":[],"potions_floor_usage":[],"damage_taken":[{"damage":0.0,"enemies":"2 Louse","floor":1.0,"turns":4.0},{"damage":8.0,"enemies":"Jaw Worm","floor":2.0,"turns":5.0},{"damage":0.0,"enemies":"Small Slimes","floor":3.0,"turns":5.0},{"damage":15.0,"enemies":"Exordium Thugs","floor":4.0,"turns":6.0},{"damage":2.0,"enemies":"2 Fungi Beasts","floor":7.0,"turns":4.0},{"damage":13.0,"enemies":"Lots of Slimes","floor":10.0,"turns":5.0},{"damage":28.0,"enemies":"Lagavulin","floor":13.0,"turns":11.0},{"damage":0,"enemies":"Slime Boss","floor":16,"turns":1}],"seed_played":"-6040401634855883737","potions_obtained":[{"floor":1.0,"key":"SteroidPotion"},{"floor":3.0,"key":"SteroidPotion"}],"is_trial":false,"path_per_floor":["M","M","M","M","$","R","M","?","T","M","?","$","E","?","R","B"],"character_chosen":"THE_SILENT","items_purchased":["Finisher"],"campfire_rested":1,"item_purchase_floors":[12],"current_hp_per_floor":[63,55,55,40,40,40,38,27,27,14,14,29,1,1,22,22,22],"gold":140,"neow_bonus":"TRANSFORM_TWO_CARDS","is_daily":false,"chose_seed":false,"campfire_upgraded":1,"win_rate":0.0,"timestamp":1612267360,"path_taken":["M","M","M","M","$","R","M","?","T","M","?","$","E","?","R","BOSS"],"items_purchased_type":["Card"],"build_version":"2020-12-22","purchased_purges":1,"victory":false,"max_hp_per_floor":[70,70,70,70,70,70,70,70,70,70,70,70,70,70,70,70,70],"card_choices":[{"not_picked":["Terror","Backflip"],"picked":"Slice","floor":1.0},{"not_picked":["Deflect","Quick Slash"],"picked":"Caltrops","floor":2.0},{"not_picked":["Bouncing Flask","Sucker Punch"],"picked":"Reflex","floor":3.0},{"not_picked":["Poisoned Stab","Masterful Stab"],"picked":"Dash","floor":4.0},{"not_picked":["Eviscerate","Deflect"],"picked":"Blur","floor":7.0},{"not_picked":["Flying Knee","Bane","Infinite Blades"],"picked":"SKIP","floor":10.0},{"not_picked":["Finisher","Heel Hook"],"picked":"Dagger Spray","floor":13.0}],"player_experience":381265,"relics_obtained":[{"floor":9.0,"key":"MealTicket"},{"floor":13.0,"key":"Orichalcum"}],"event_choices":[{"damage_healed":0.0,"max_hp_gain":0.0,"max_hp_loss":0.0,"gold_gain":75.0,"event_name":"World of Goop","player_choice":"Gather Gold","floor":8.0,"gold_loss":0.0,"damage_taken":11.0},{"damage_healed":0.0,"max_hp_gain":0.0,"max_hp_loss":0.0,"gold_gain":0.0,"event_name":"Scrap Ooze","player_choice":"Fled","floor":11.0,"gold_loss":0.0,"damage_taken":0.0},{"damage_healed":0.0,"max_hp_gain":0.0,"max_hp_loss":0.0,"gold_gain":0.0,"event_name":"Lab","player_choice":"Got Potions","floor":14.0,"gold_loss":0.0,"damage_taken":0.0}],"is_beta":false,"boss_relics":[],"items_purged_floors":[5],"is_endless":false,"potions_floor_spawned":[1,3,4,13],"killed_by":"Slime Boss","ascension_level":11}}