{"host":"bg0cyinkrjnqf173","time":1612240691,"event":{"mods":["2.2 Compatiblity","Aspiration","BaseMod","Beaked The Cultist","Better Third Choice","BetterRewards","Colored Map","Conspire","Curses Come First","Defuse TimeMaze Blight","Displayed Cursed Tome","Googly Eyes","Halation","Hubris","Infinite Spire","Jedi Mod","Minty Spire (QoL Compilation)","Permanent Neow","Quick Restart","Rare Cards Sparkle","Relic Sorter","Replay The Spire","Shop Mod","Spicy Shops","Spikes Relics","StSLib","The Bladedancer","The Construct","The Valiant"],"gold_per_floor":[117,117,136,149,168,168,197,197,224,177,177,177],"floor_reached":11,"language":"ENG","playtime":496,"items_purged":[],"score":77,"play_id":"6b3390ec-0b1a-4d38-97cd-41a7a2a6273a","local_time":"20210201233811","is_ascension_mode":true,"campfire_choices":[{"data":"blademaster:RagingBlow","floor":6.0,"key":"SMITH"},{"data":"blademaster:Overcharge","floor":8.0,"key":"SMITH"}],"circlet_count":0,"master_deck":["blademaster:Strike","blademaster:Strike","blademaster:Strike","blademaster:Strike","blademaster:Defend","blademaster:Defend","blademaster:Defend","blademaster:Defend","blademaster:RagingBlow+1","blademaster:HighVoltage","blademaster:Flurry","blademaster:Blockade","blademaster:Gust","blademaster:Overcharge+1","blademaster:AwakeningDefend","blademaster:Flurry"],"relics":["blademaster:DancersAmulet","NeowsBlessing","GremlinMask","Pet Ghost","Juzu Bracelet"],"acts_visited":["Exordium"],"potions_floor_usage":[],"damage_taken":[{"damage":0.0,"enemies":"Cultist","floor":1.0,"turns":1.0},{"damage":0.0,"enemies":"Jaw Worm","floor":3.0,"turns":1.0},{"damage":0.0,"enemies":"Small Slimes","floor":4.0,"turns":1.0},{"damage":12.0,"enemies":"Exordium Thugs","floor":5.0,"turns":4.0},{"damage":23.0,"enemies":"Lagavulin","floor":7.0,"turns":6.0},{"damage":40,"enemies":"Gremlin Nob","floor":11,"turns":4}],"seed_played":"-7508462068974939835","potions_obtained":[{"floor":5.0,"key":"FearPotion"},{"floor":7.0,"key":"SneckoOil"}],"is_trial":false,"path_per_floor":["M","?","M","M","M","R","E","R","T","$","E"],"character_chosen":"THE_BLADEMASTER","items_purchased":["blademaster:Flurry"],"campfire_rested":0,"item_purchase_floors":[10],"current_hp_per_floor":[75,75,75,75,63,63,40,40,40,40,0,0],"gold":177,"neow_bonus":"THREE_ENEMY_KILL","is_daily":false,"chose_seed":false,"campfire_upgraded":2,"win_rate":0.0,"timestamp":1612240691,"path_taken":["M","?","M","?","?","R","E","R","T","$","E"],"items_purchased_type":["Card"],"build_version":"2020-12-22","purchased_purges":0,"victory":false,"max_hp_per_floor":[75,75,75,75,75,75,75,75,75,75,75,75],"card_choices":[{"not_picked":["blademaster:Quickness","blademaster:Blockade"],"picked":"blademaster:Flurry","floor":1.0},{"not_picked":["blademaster:AwakeningStrike","blademaster:Quickstep"],"picked":"blademaster:Blockade","floor":3.0},{"not_picked":["blademaster:AwakeningStrike","blademaster:DragonStrike"],"picked":"blademaster:Gust","floor":4.0},{"not_picked":["blademaster:OneTrickPony","blademaster:Rupture"],"picked":"blademaster:Overcharge","floor":5.0},{"not_picked":["blademaster:AncestralHealing","blademaster:Rupture"],"picked":"blademaster:AwakeningDefend","floor":7.0}],"player_experience":759125,"relics_obtained":[{"floor":7.0,"key":"Pet Ghost"},{"floor":7.0,"key":"blademaster:FinisherDrawCardPerk"},{"floor":9.0,"key":"Juzu Bracelet"}],"event_choices":[{"damage_healed":0.0,"max_hp_gain":0.0,"max_hp_loss":0.0,"gold_gain":0.0,"event_name":"FaceTrader","player_choice":"Trade","floor":2.0,"gold_loss":0.0,"damage_taken":0.0,"relics_obtained":["GremlinMask"]}],"is_beta":false,"boss_relics":[],"items_purged_floors":[],"is_endless":false,"potions_floor_spawned":[5,7],"killed_by":"Gremlin Nob","ascension_level":1}}