{"host":"bf5upntvbdompq33","time":1612284845,"event":{"mods":["BaseMod","Colored Map","Colored Powertips","Curses Come First","Minty Spire (QoL Compilation)","StSLib","The Hierophant","The Mystic"],"gold_per_floor":[115,115,110,121,46,71,107,28,28,28,67,92,55,92,92,92,92],"floor_reached":16,"language":"ENG","playtime":1385,"items_purged":["hierophant:Strike_Hierophant"],"score":104,"play_id":"d3ead1c1-b4e5-433a-984f-acff5d105bf8","local_time":"20210202095405","is_ascension_mode":false,"campfire_choices":[{"data":"hierophant:FlamingChariot","floor":10,"key":"SMITH"},{"floor":15,"key":"REST"}],"circlet_count":0,"master_deck":["hierophant:Strike_Hierophant","hierophant:Strike_Hierophant","hierophant:Strike_Hierophant","hierophant:Punish","hierophant:Defend_Hierophant","hierophant:Defend_Hierophant","hierophant:Defend_Hierophant","hierophant:Defend_Hierophant","hierophant:ChurchCoffers","hierophant:Endure","hierophant:RepressedViolence","hierophant:Smite","hierophant:RustyCrate","hierophant:Doubloon","hierophant:Doubloon","hierophant:FlamingChariot+1","hierophant:ArchangelShield","hierophant:MirrorShield","hierophant:MorningPrayer","hierophant:Chorus"],"relics":["hierophant:PropheticMaskRelic","Blue Candle","White Beast Statue"],"acts_visited":["Exordium"],"potions_floor_usage":[11,16],"damage_taken":[{"damage":5,"enemies":"2 Louse","floor":1,"turns":2},{"damage":1,"enemies":"Cultist","floor":3,"turns":4},{"damage":3,"enemies":"Jaw Worm","floor":4,"turns":5},{"damage":32,"enemies":"3 Sentries","floor":6,"turns":9},{"damage":0,"enemies":"2 Fungi Beasts","floor":7,"turns":4},{"damage":0,"enemies":"3 Louse","floor":11,"turns":3},{"damage":4,"enemies":"Gremlin Gang","floor":12,"turns":4},{"damage":7,"enemies":"2 Fungi Beasts","floor":14,"turns":6},{"damage":46,"enemies":"Hexaghost","floor":16,"turns":11}],"seed_played":"-5445475028700903956","potions_obtained":[{"floor":1,"key":"Fire Potion"},{"floor":4,"key":"Dexterity Potion"},{"floor":7,"key":"ColorlessPotion"},{"floor":11,"key":"Energy Potion"}],"is_trial":true,"path_per_floor":["M","?","M","M","$","E","M","$","T","R","M","M","$","M","R","B"],"character_chosen":"HIEROPHANT","items_purchased":["hierophant:ArchangelShield","hierophant:Chorus"],"campfire_rested":1,"item_purchase_floors":[8,13],"current_hp_per_floor":[70,70,69,66,66,34,34,34,34,34,34,30,30,23,45,0,0],"gold":92,"neow_bonus":"","is_daily":false,"chose_seed":false,"campfire_upgraded":1,"win_rate":0.0,"timestamp":1612284845,"path_taken":["M","?","M","M","$","E","M","$","T","R","M","M","?","M","R","BOSS"],"items_purchased_type":["Card","Card"],"build_version":"2020-12-22","purchased_purges":1,"victory":false,"max_hp_per_floor":[75,75,75,75,75,75,75,75,75,75,75,75,75,75,75,75,75],"card_choices":[{"not_picked":["hierophant:Blessing","hierophant:Patience"],"picked":"hierophant:Endure","floor":1},{"not_picked":["hierophant:OrnateBuckler","hierophant:PristineSoul"],"picked":"hierophant:RepressedViolence","floor":3},{"not_picked":["hierophant:CursedGold","hierophant:OrnateBuckler"],"picked":"hierophant:Smite","floor":4},{"not_picked":["hierophant:RepressedViolence","hierophant:AuricBeam"],"picked":"hierophant:RustyCrate","floor":6},{"not_picked":["hierophant:RustyCrate","hierophant:Anathema"],"picked":"hierophant:FlamingChariot","floor":7},{"not_picked":["hierophant:EyeForCoin","hierophant:OrnateBuckler"],"picked":"hierophant:MirrorShield","floor":11},{"not_picked":["hierophant:FaithHealing","hierophant:Sermon"],"picked":"hierophant:MorningPrayer","floor":12},{"not_picked":["hierophant:Remorse","hierophant:ArchangelShield","hierophant:Doubloon"],"picked":"SKIP","floor":14}],"player_experience":1336172,"relics_obtained":[{"floor":6,"key":"Blue Candle"},{"floor":9,"key":"White Beast Statue"}],"event_choices":[{"damage_healed":0,"gold_gain":0,"player_choice":"Ignored","damage_taken":0,"max_hp_gain":0,"max_hp_loss":0,"event_name":"NoteForYourself","floor":2,"gold_loss":0}],"is_beta":false,"boss_relics":[],"items_purged_floors":[5],"is_endless":false,"potions_floor_spawned":[1,4,7,11,12,14],"killed_by":"Hexaghost","ascension_level":0}}