{"host":"facnppb4175fcpe2","time":1612261460,"event":{"mods":["AchievementEnabler","BaseMod","Colored Map","Colored Powertips","Highlight Path","Minty Spire (QoL Compilation)","Quick Restart","Rare Cards Sparkle","Relic Stats","StSLib","SuperFastMode"],"gold_per_floor":[118,138,138,153,153,153,165,196,219,219,234,246,246,280,292,304,304],"floor_reached":16,"language":"ZHS","playtime":435,"items_purged":[],"score":137,"play_id":"ea56ffd1-9e2a-46fc-957c-c4d715cbae80","local_time":"20210202182420","is_ascension_mode":false,"campfire_choices":[{"floor":6.0,"key":"RECALL"},{"data":"Defend_B","floor":10,"key":"SMITH"},{"data":"Tempest","floor":13,"key":"SMITH"},{"data":"Dualcast","floor":15,"key":"SMITH"}],"circlet_count":0,"master_deck":["Strike_B","Strike_B","Strike_B","Defend_B+1","Defend_B","Defend_B","Defend_B+1","Zap","Dualcast+1","FTL","Tempest+1"],"relics":["Cracked Core","PreservedInsect","Oddly Smooth Stone","MawBank"],"acts_visited":["Exordium"],"potions_floor_usage":[14,16],"damage_taken":[{"damage":0.0,"enemies":"Small Slimes","floor":1.0,"turns":3.0},{"damage":0.0,"enemies":"Cultist","floor":2.0,"turns":3.0},{"damage":6.0,"enemies":"Jaw Worm","floor":4.0,"turns":4.0},{"damage":10,"enemies":"Exordium Thugs","floor":7,"turns":5},{"damage":28,"enemies":"Gremlin Nob","floor":8,"turns":4},{"damage":5,"enemies":"3 Louse","floor":11,"turns":3},{"damage":0,"enemies":"Gremlin Gang","floor":12,"turns":5},{"damage":0,"enemies":"3 Sentries","floor":14,"turns":4},{"damage":31,"enemies":"Hexaghost","floor":16,"turns":10}],"seed_played":"-6061378364624716680","potions_obtained":[{"floor":2.0,"key":"Explosive Potion"},{"floor":4.0,"key":"Energy Potion"},{"floor":12,"key":"Swift Potion"},{"floor":14,"key":"FocusPotion"}],"is_trial":false,"path_per_floor":["M","M","?","M","?","R","M","E","T","R","M","M","R","E","R","B"],"character_chosen":"DEFECT","items_purchased":[],"campfire_rested":0,"item_purchase_floors":[],"current_hp_per_floor":[75,75,80,74,74,74,64,36,36,36,31,31,31,31,31,0,0],"gold":304,"neow_bonus":"UPGRADE_CARD","is_daily":false,"chose_seed":false,"campfire_upgraded":3,"win_rate":0.0,"timestamp":1612261460,"path_taken":["M","M","?","M","?","R","M","E","T","R","M","M","R","E","R","BOSS"],"items_purchased_type":[],"build_version":"2020-12-22","purchased_purges":0,"victory":false,"max_hp_per_floor":[75,75,80,80,80,80,80,80,80,80,80,80,80,80,80,80,80],"relic_stats":{"counters":[9,41],"PreservedInsect":31,"MawBank":24,"obtain_stats":[{"Oddly Smooth Stone":9,"PreservedInsect":8,"Cracked Core":0,"MawBank":14},{"Oddly Smooth Stone":5,"PreservedInsect":5,"Cracked Core":0,"MawBank":8},{"Oddly Smooth Stone":19,"PreservedInsect":19,"Cracked Core":0,"MawBank":31}]},"card_choices":[{"not_picked":["Hologram","Consume","Cold Snap"],"picked":"SKIP","floor":1.0},{"not_picked":["Beam Cell","Rebound","Streamline"],"picked":"SKIP","floor":2.0},{"not_picked":["Heatsinks","Streamline"],"picked":"FTL","floor":4.0},{"not_picked":["Beam Cell","Compile Driver","Aggregate"],"picked":"SKIP","floor":7},{"not_picked":["Force Field","Aggregate","Barrage"],"picked":"SKIP","floor":8},{"not_picked":["Gash","Turbo"],"picked":"Tempest","floor":11},{"not_picked":["Conserve Battery","Beam Cell","Loop"],"picked":"SKIP","floor":12},{"not_picked":["Conserve Battery","Beam Cell","Loop"],"picked":"SKIP","floor":12},{"not_picked":["Conserve Battery","Beam Cell","Loop"],"picked":"SKIP","floor":12},{"not_picked":["Coolheaded","Go for the Eyes","Reprogram"],"picked":"SKIP","floor":14}],"player_experience":110226,"relics_obtained":[{"floor":8,"key":"PreservedInsect"},{"floor":9,"key":"Oddly Smooth Stone"},{"floor":14,"key":"MawBank"}],"event_choices":[{"damage_healed":0.0,"max_hp_gain":5.0,"max_hp_loss":0.0,"gold_gain":0.0,"event_name":"Big Fish","player_choice":"Donut","floor":3.0,"gold_loss":0.0,"damage_taken":0.0},{"cards_removed":["Strike_B"],"damage_healed":0.0,"max_hp_gain":0.0,"max_hp_loss":0.0,"gold_gain":0.0,"event_name":"Purifier","player_choice":"Purged","floor":5.0,"gold_loss":0.0,"damage_taken":0.0}],"is_beta":false,"boss_relics":[],"items_purged_floors":[],"is_endless":false,"potions_floor_spawned":[2,4,12,14],"killed_by":"Hexaghost","ascension_level":0}}