{"host":"yd6hhqps9de4qmof","time":1612278563,"event":{"mods":["BaseMod","Downfall","Hermit","Highlight Path","Minty Spire (QoL Compilation)","Relic Stats","Robot Space Explorer","StSLib"],"gold_per_floor":[216,231,248,267,267,296,296,16,61,61,81,91,102,135,135,233,233,233,233,233,233,233,233,233,233,233,233,233,233,233,233,233,233,233,233,233,233,233,44,44,44,44,44,44,44,44,44,44,44,44],"floor_reached":51,"language":"ENG","playtime":2488,"items_purged":[],"score":1408,"play_id":"c470b59d-5c2a-4fdf-8006-cc7d0f38a135","local_time":"20210202160923","is_ascension_mode":true,"campfire_choices":[{"data":"RobotSpaceExplorer:Fix","floor":7,"key":"SMITH"},{"data":"RobotSpaceExplorer:DoubleFind","floor":10,"key":"SMITH"},{"floor":15,"key":"REST"},{"data":"RobotSpaceExplorer:Explosion","floor":23,"key":"SMITH"},{"data":"RobotSpaceExplorer:PowerCollector","floor":25,"key":"SMITH"},{"data":"RobotSpaceExplorer:DroneSwarm","floor":28,"key":"SMITH"},{"data":"RobotSpaceExplorer:Jetpack","floor":32,"key":"SMITH"},{"data":"RobotSpaceExplorer:MiniBoosters","floor":41,"key":"SMITH"},{"data":"RobotSpaceExplorer:MiniBoosters","floor":49,"key":"SMITH"}],"circlet_count":0,"master_deck":["RobotSpaceExplorer:Strike","RobotSpaceExplorer:Strike","RobotSpaceExplorer:Defend","RobotSpaceExplorer:Defend","RobotSpaceExplorer:Defend","RobotSpaceExplorer:Defend","RobotSpaceExplorer:Scan","RobotSpaceExplorer:MiniLasers","RobotSpaceExplorer:ShovelStrike","RobotSpaceExplorer:DoubleFind+1","RobotSpaceExplorer:Probe","RobotSpaceExplorer:Fix+1","RobotSpaceExplorer:FrostMissile","RobotSpaceExplorer:LuckyStrike+1","RobotSpaceExplorer:DroneSwarm+1","RobotSpaceExplorer:PowerCollector+1","RobotSpaceExplorer:Scanner","RobotSpaceExplorer:StunGrenade+1","RobotSpaceExplorer:Counterblock","RobotSpaceExplorer:Explosion+1","RobotSpaceExplorer:SwiftStep+1","RobotSpaceExplorer:PowerCollector","Writhe","RobotSpaceExplorer:FreezingShield","RobotSpaceExplorer:StunGrenade+1","RobotSpaceExplorer:Smokescreen+1","RobotSpaceExplorer:Jetpack+1","RobotSpaceExplorer:Calculate","RobotSpaceExplorer:Autoloader","RobotSpaceExplorer:GearShield","RobotSpaceExplorer:Pulsar+1","RobotSpaceExplorer:MiniDrones","RobotSpaceExplorer:MiniBoosters+1","RobotSpaceExplorer:Calculate+1","RobotSpaceExplorer:SwiftStep+1","RobotSpaceExplorer:FrostMissile+1","RobotSpaceExplorer:MiniBoosters+1","RobotSpaceExplorer:GearShield+1","RobotSpaceExplorer:Probe+1","RobotSpaceExplorer:Asteroid+1"],"relics":["RobotSpaceExplorer:RoboCore","Slimebound:PreparedRelic","Happy Flower","Juzu Bracelet","Ectoplasm","Turnip","Vajra","Darkstone Periapt","Lantern","RobotSpaceExplorer:SearchSpecs","Regal Pillow","Molten Egg 2","Unceasing Top","Shuriken","FossilizedHelix","PreservedInsect","Mango","Whetstone"],"acts_visited":["Exordium","TheCity","TheBeyond"],"potions_floor_usage":[6,12,22,22,27,27,27,33,35,40,40,44,44,50,50],"damage_taken":[{"damage":2,"enemies":"Jaw Worm","floor":1,"turns":7},{"damage":0,"enemies":"Cultist","floor":2,"turns":3},{"damage":8,"enemies":"2 Louse","floor":3,"turns":2},{"damage":0,"enemies":"2 Fungi Beasts","floor":4,"turns":4},{"damage":16,"enemies":"3 Sentries","floor":6,"turns":10},{"damage":0,"enemies":"Blue Slaver","floor":11,"turns":3},{"damage":10,"enemies":"Gremlin Gang","floor":12,"turns":4},{"damage":11,"enemies":"2 Fungi Beasts","floor":13,"turns":3},{"damage":15,"enemies":"Gremlin Nob","floor":14,"turns":4},{"damage":0,"enemies":"Hexaghost","floor":16,"turns":6},{"damage":0,"enemies":"Shell Parasite","floor":18,"turns":6},{"damage":5,"enemies":"Spheric Guardian","floor":19,"turns":4},{"damage":29,"enemies":"Snake Plant","floor":21,"turns":5},{"damage":7,"enemies":"Cultist and Chosen","floor":22,"turns":6},{"damage":1,"enemies":"Book of Stabbing","floor":24,"turns":5},{"damage":12,"enemies":"Gremlin Leader","floor":27,"turns":4},{"damage":0,"enemies":"Snecko","floor":29,"turns":4},{"damage":0,"enemies":"3 Cultists","floor":30,"turns":4},{"damage":0,"enemies":"Centurion and Healer","floor":31,"turns":4},{"damage":10,"enemies":"Champ","floor":33,"turns":8},{"damage":0,"enemies":"Orb Walker","floor":35,"turns":4},{"damage":7,"enemies":"3 Shapes","floor":36,"turns":3},{"damage":12,"enemies":"3 Darklings","floor":37,"turns":3},{"damage":5,"enemies":"Giant Head","floor":40,"turns":8},{"damage":3,"enemies":"Nemesis","floor":42,"turns":7},{"damage":7,"enemies":"2 Orb Walkers","floor":44,"turns":3},{"damage":0,"enemies":"Giant Head","floor":45,"turns":6},{"damage":0,"enemies":"Mind Bloom Boss Battle","floor":46,"turns":5},{"damage":0,"enemies":"Reptomancer","floor":47,"turns":5},{"damage":0,"enemies":"Time Eater","floor":50,"turns":7}],"seed_played":"-6969290368857875430","potions_obtained":[{"floor":1,"key":"SpeedPotion"},{"floor":2,"key":"Strength Potion"},{"floor":6,"key":"Weak Potion"},{"floor":12,"key":"Dexterity Potion"},{"floor":16,"key":"EntropicBrew"},{"floor":27,"key":"LiquidMemories"},{"floor":33,"key":"Dexterity Potion"},{"floor":37,"key":"Energy Potion"},{"floor":42,"key":"DistilledChaos"},{"floor":45,"key":"CultistPotion"},{"floor":47,"key":"Swift Potion"}],"is_trial":false,"path_per_floor":["M","M","M","M","?","E","R","$","T","R","M","M","M","E","R","B",null,"M","M","?","M","M","R","E","R","T","E","R","M","M","M","R","B",null,"M","M","M","?","$","E","R","E","T","?","E","?","E","?","R","B",null],"character_chosen":"RobotSpaceExplorer","items_purchased":["RobotSpaceExplorer:LuckyStrike","RobotSpaceExplorer:DroneSwarm","SkillPotion","RobotSpaceExplorer:MiniBoosters","Regal Pillow"],"campfire_rested":1,"item_purchase_floors":[8,8,8,39,39],"current_hp_per_floor":[66,66,58,58,58,46,46,46,46,46,52,42,31,16,38,44,67,73,70,70,47,46,46,51,51,51,45,45,51,57,63,63,59,71,75,68,56,56,56,57,57,60,60,59,65,79,85,85,85,89],"gold":44,"neow_bonus":"HUNDRED_GOLD","is_daily":false,"chose_seed":false,"campfire_upgraded":8,"win_rate":0.0,"timestamp":1612278563,"path_taken":["M","M","M","M","?","E","R","$","T","R","M","M","?","E","R","BOSS","M","M","?","M","M","R","E","R","T","E","R","M","M","M","R","BOSS","M","M","M","?","$","E","R","E","T","?","E","?","E","?","R","BOSS"],"items_purchased_type":["Card","Card","Potion","Card","Relic"],"build_version":"2020-12-22","purchased_purges":0,"victory":true,"max_hp_per_floor":[75,75,75,75,75,75,75,75,75,75,75,75,75,75,75,75,75,75,75,75,75,75,75,75,75,75,75,75,75,75,75,75,75,75,75,75,75,75,75,75,75,75,75,75,75,89,89,89,89,89],"relic_stats":{"Darkstone Periapt":0,"Regal Pillow":0,"Happy Flower":[40],"counters":[30,147],"Shuriken":[20],"Ectoplasm":539,"Turnip":[6],"PreservedInsect":61,"Juzu Bracelet":0,"Whetstone":["RobotSpaceExplorer:StunGrenade","RobotSpaceExplorer:LuckyStrike"],"obtain_stats":[{"Darkstone Periapt":26,"Lantern":27,"Regal Pillow":39,"Happy Flower":9,"Vajra":24,"RobotSpaceExplorer:RoboCore":0,"Mango":46,"PreservedInsect":45,"Juzu Bracelet":14,"Whetstone":47,"Shuriken":43,"Molten Egg 2":40,"Slimebound:PreparedRelic":6,"Ectoplasm":17,"Turnip":20,"RobotSpaceExplorer:SearchSpecs":34,"Unceasing Top":42,"FossilizedHelix":44},{"Darkstone Periapt":15,"Lantern":16,"Regal Pillow":23,"Happy Flower":5,"Vajra":15,"RobotSpaceExplorer:RoboCore":0,"Mango":28,"PreservedInsect":27,"Juzu Bracelet":9,"Whetstone":29,"Shuriken":25,"Molten Egg 2":24,"Slimebound:PreparedRelic":5,"Ectoplasm":10,"Turnip":12,"RobotSpaceExplorer:SearchSpecs":20,"Unceasing Top":25,"FossilizedHelix":26},{"Darkstone Periapt":72,"Lantern":76,"Regal Pillow":106,"Happy Flower":26,"Vajra":72,"RobotSpaceExplorer:RoboCore":0,"Mango":135,"PreservedInsect":130,"Juzu Bracelet":40,"Whetstone":140,"Shuriken":121,"Molten Egg 2":114,"Slimebound:PreparedRelic":26,"Ectoplasm":46,"Turnip":56,"RobotSpaceExplorer:SearchSpecs":96,"Unceasing Top":121,"FossilizedHelix":124}],"Unceasing Top":[3]},"card_choices":[{"not_picked":["RobotSpaceExplorer:ScrapMissile","RobotSpaceExplorer:MiniDrones"],"picked":"RobotSpaceExplorer:ShovelStrike","floor":1},{"not_picked":["RobotSpaceExplorer:SwiftStep","RobotSpaceExplorer:FrostMissile"],"picked":"RobotSpaceExplorer:DoubleFind","floor":2},{"not_picked":["RobotSpaceExplorer:Reload","RobotSpaceExplorer:ShockKick"],"picked":"RobotSpaceExplorer:Probe","floor":3},{"not_picked":["RobotSpaceExplorer:Ammunition","RobotSpaceExplorer:PowerCollector"],"picked":"RobotSpaceExplorer:Fix","floor":4},{"not_picked":["RobotSpaceExplorer:FreezeRay","RobotSpaceExplorer:FranticSearch"],"picked":"RobotSpaceExplorer:FrostMissile","floor":6},{"not_picked":["RobotSpaceExplorer:ShockKick","RobotSpaceExplorer:LaserBurst"],"picked":"RobotSpaceExplorer:PowerCollector","floor":11},{"not_picked":["RobotSpaceExplorer:ScrapMissile","RobotSpaceExplorer:Electroshield"],"picked":"RobotSpaceExplorer:Scanner","floor":12},{"not_picked":["RobotSpaceExplorer:MakeshiftVolley","RobotSpaceExplorer:ShovelStrike"],"picked":"RobotSpaceExplorer:StunGrenade","floor":13},{"not_picked":["RobotSpaceExplorer:SurgingStrike","RobotSpaceExplorer:Exploration"],"picked":"RobotSpaceExplorer:Counterblock","floor":14},{"not_picked":["RobotSpaceExplorer:BlastShield","RobotSpaceExplorer:Exploration"],"picked":"RobotSpaceExplorer:Explosion","floor":16},{"not_picked":["RobotSpaceExplorer:Probe","RobotSpaceExplorer:MetalStrike"],"picked":"RobotSpaceExplorer:SwiftStep+1","floor":18},{"not_picked":["RobotSpaceExplorer:MetalStrike","RobotSpaceExplorer:BigMissile"],"picked":"RobotSpaceExplorer:PowerCollector","floor":19},{"not_picked":["RobotSpaceExplorer:PowerCollector","RobotSpaceExplorer:StunGrenade"],"picked":"RobotSpaceExplorer:FreezingShield","floor":21},{"not_picked":["RobotSpaceExplorer:BigMissile","RobotSpaceExplorer:ScrapMissile"],"picked":"RobotSpaceExplorer:StunGrenade+1","floor":22},{"not_picked":["RobotSpaceExplorer:ScrapShield","RobotSpaceExplorer:SurgingShield"],"picked":"RobotSpaceExplorer:Smokescreen+1","floor":24},{"not_picked":["RobotSpaceExplorer:SurgingStrike","RobotSpaceExplorer:FranticSearch"],"picked":"RobotSpaceExplorer:PlasmaMissile","floor":27},{"not_picked":["RobotSpaceExplorer:MakeshiftVolley","RobotSpaceExplorer:PowerCollector+1"],"picked":"RobotSpaceExplorer:Jetpack","floor":29},{"not_picked":["RobotSpaceExplorer:Probe","RobotSpaceExplorer:SurgingStrike+1"],"picked":"RobotSpaceExplorer:Calculate","floor":30},{"not_picked":["RobotSpaceExplorer:ScrapShield","RobotSpaceExplorer:GlueSpray+1","RobotSpaceExplorer:Counterblock"],"picked":"SKIP","floor":31},{"not_picked":["RobotSpaceExplorer:HighVoltage","RobotSpaceExplorer:DroneSwarm"],"picked":"RobotSpaceExplorer:Autoloader","floor":33},{"not_picked":["RobotSpaceExplorer:FranticSearch","RobotSpaceExplorer:GlueShot+1"],"picked":"RobotSpaceExplorer:GearShield","floor":35},{"not_picked":["RobotSpaceExplorer:MakeshiftVolley","RobotSpaceExplorer:Reload"],"picked":"RobotSpaceExplorer:Pulsar+1","floor":36},{"not_picked":["RobotSpaceExplorer:Smokescreen","RobotSpaceExplorer:SlimeMissile+1"],"picked":"RobotSpaceExplorer:MiniDrones","floor":37},{"not_picked":["RobotSpaceExplorer:FrostMissile+1","RobotSpaceExplorer:Pulsar+1"],"picked":"RobotSpaceExplorer:Calculate+1","floor":40},{"not_picked":["RobotSpaceExplorer:Ammunition","RobotSpaceExplorer:ShockKick+1"],"picked":"RobotSpaceExplorer:SwiftStep+1","floor":42},{"not_picked":["RobotSpaceExplorer:Electropulse+1","RobotSpaceExplorer:FranticSearch"],"picked":"RobotSpaceExplorer:FrostMissile+1","floor":44},{"not_picked":["RobotSpaceExplorer:IronShell","RobotSpaceExplorer:Wormhole"],"picked":"RobotSpaceExplorer:MiniBoosters","floor":45},{"not_picked":["RobotSpaceExplorer:Probe+1","RobotSpaceExplorer:FranticSearch"],"picked":"RobotSpaceExplorer:GearShield+1","floor":46},{"not_picked":["RobotSpaceExplorer:MetalStrike+1","RobotSpaceExplorer:SurgingShield+1"],"picked":"RobotSpaceExplorer:Probe+1","floor":47}],"player_experience":1179942,"relics_obtained":[{"floor":6,"key":"Slimebound:PreparedRelic"},{"floor":9,"key":"Happy Flower"},{"floor":14,"key":"Juzu Bracelet"},{"floor":24,"key":"Vajra"},{"floor":26,"key":"Darkstone Periapt"},{"floor":27,"key":"Lantern"},{"floor":40,"key":"Molten Egg 2"},{"floor":42,"key":"Unceasing Top"},{"floor":43,"key":"Shuriken"},{"floor":44,"key":"FossilizedHelix"},{"floor":45,"key":"PreservedInsect"},{"floor":46,"key":"Mango"},{"floor":47,"key":"Whetstone"}],"event_choices":[{"cards_removed":["RobotSpaceExplorer:Strike"],"damage_healed":0,"gold_gain":0,"player_choice":"Purged","damage_taken":0,"max_hp_gain":0,"max_hp_loss":0,"event_name":"Purifier","floor":5,"gold_loss":0},{"damage_healed":0,"gold_gain":0,"player_choice":"Opened","damage_taken":0,"relics_obtained":["Turnip"],"max_hp_gain":0,"max_hp_loss":0,"event_name":"The Mausoleum","floor":20,"gold_loss":0,"cards_obtained":["Writhe"]},{"cards_removed":["RobotSpaceExplorer:PlasmaMissile"],"damage_healed":0,"gold_gain":0,"player_choice":"Removed Attack","damage_taken":0,"max_hp_gain":0,"max_hp_loss":0,"event_name":"Falling","floor":38,"gold_loss":0},{"damage_healed":0,"gold_gain":0,"player_choice":"Fight","damage_taken":0,"max_hp_gain":0,"max_hp_loss":0,"event_name":"Mysterious Sphere","floor":44,"gold_loss":0},{"damage_healed":0,"gold_gain":0,"player_choice":"Fight","damage_taken":0,"max_hp_gain":0,"max_hp_loss":0,"event_name":"MindBloom","floor":46,"gold_loss":0},{"damage_healed":0,"gold_gain":0,"cards_transformed":["RobotSpaceExplorer:Strike"],"player_choice":"Transformed","damage_taken":0,"max_hp_gain":0,"max_hp_loss":0,"event_name":"Transmorgrifier","floor":48,"gold_loss":0,"cards_obtained":["RobotSpaceExplorer:Asteroid"]}],"is_beta":false,"boss_relics":[{"not_picked":["RobotSpaceExplorer:TurboCore","Runic Pyramid"],"picked":"Ectoplasm"},{"not_picked":["Snecko Eye","RobotSpaceExplorer:Reprocessor"],"picked":"RobotSpaceExplorer:SearchSpecs"}],"items_purged_floors":[],"is_endless":false,"potions_floor_spawned":[1,2,6,12,16,18,19,21,27,30,33,37,42,45,47],"ascension_level":9}}