{"host":"rq7gz685gkaokql0","time":1612236214,"event":{"mods":["BaseMod","Hubris","Infinite Spire","Minty Spire (QoL Compilation)","Replay The Spire","StSLib"],"gold_per_floor":[113,113,113,113,113,140,140,166,219,259,259,259,269,269,269,343,343,354,371,371,390,401,420,439,468,468,468,483,511,538,74,74,145,145,162,162,173,173,173,193,178,202,220,247,272,301,27,27,27,27],"floor_reached":50,"language":"ENG","playtime":4312,"items_purged":[],"score":1402,"play_id":"7831ddfd-b849-48d1-8683-91e446124c16","local_time":"20210201172334","is_ascension_mode":true,"campfire_choices":[{"data":"infinitespire:SevenWalls","floor":7.0,"key":"SMITH"},{"data":"Metallicize","floor":11.0,"key":"SMITH"},{"data":"Infernal Blade","floor":15.0,"key":"SMITH"},{"data":"Double Tap","floor":27.0,"key":"SMITH"},{"floor":32.0,"key":"REST"},{"data":"hubris:Fate","floor":49,"key":"SMITH"}],"circlet_count":0,"master_deck":["AscendersBane","Strike_R","Strike_R","Strike_R","Strike_R","Strike_R","Defend_R","Defend_R","Defend_R","Defend_R","Infernal Blade+1","infinitespire:SevenWalls+1","Survivor","Fiend Fire+1","Metallicize+1","Wild Strike","Replay:Undeath\u0027s Touch","Clash","Double Tap+1","Flex+1","ReplayTheSpireMod:Strike From Hell+1","infinitespire:FinalStrike","Bludgeon+1","Pommel Strike","Twin Strike","Spot Weakness","hubris:ReadiedAction","Shrug It Off","Hemokinesis","ReplayTheSpireMod:Corrosion Curse+1","Pummel+1","Ghostly Armor","Impervious","Delirium","Exhume","ReplayTheSpireMod:Private Reserves","ReplayTheSpireMod:Chaos Vortex","Run Through","hubris:Fate+1","Metallicize+1","Metallicize","Defy Death+1","Perfected Strike","Power Through+1","Body Slam","Armaments"],"relics":["Burning Blood","NeowsBlessing","TungstenRod","Boot","Lantern","ReplayFunnel","Smiling Mask","FaceOfCleric","Snecko Heart","Replay:Bottled Flurry","infinitespire:ShieldingShard","hubris:Teleporter","Red Mask","Blood Vial","Orichalcum","Guide Book","ReplayTheSpireMod:SealedPack","hubris:Icosahedron","ReplayTheSpireMod:Lightbulb","hubris:ToyBattleship","Vajra","Pocketwatch","Snack Pack","hubris:SphereOfDissonance"],"acts_visited":["Exordium","TheCity","TheBeyond"],"potions_floor_usage":[50,50],"damage_taken":[{"damage":0.0,"enemies":"Cultist","floor":1.0,"turns":1.0},{"damage":0.0,"enemies":"Replay:BlueRogue","floor":6.0,"turns":1.0},{"damage":0.0,"enemies":"Lagavulin","floor":8.0,"turns":2.0},{"damage":7.0,"enemies":"Small Slimes","floor":13.0,"turns":3.0},{"damage":9.0,"enemies":"Hexaghost","floor":16.0,"turns":11.0},{"damage":5.0,"enemies":"2 Thieves","floor":18.0,"turns":4.0},{"damage":0.0,"enemies":"3 Byrds","floor":19.0,"turns":6.0},{"damage":22.0,"enemies":"Sentry and Sphere","floor":21.0,"turns":6.0},{"damage":11.0,"enemies":"3 Cultists","floor":22.0,"turns":5.0},{"damage":19.0,"enemies":"Centurion and Healer","floor":23.0,"turns":5.0},{"damage":0.0,"enemies":"Snake Plant","floor":24.0,"turns":2.0},{"damage":19.0,"enemies":"Slavers","floor":25.0,"turns":4.0},{"damage":32.0,"enemies":"Shelled Parasite and Fungi","floor":28.0,"turns":5.0},{"damage":0.0,"enemies":"Masked Bandits","floor":29.0,"turns":4.0},{"damage":45.0,"enemies":"Book of Stabbing","floor":30.0,"turns":5.0},{"damage":37.0,"enemies":"Champ","floor":33.0,"turns":11.0},{"damage":14.0,"enemies":"3 Darklings","floor":35.0,"turns":10.0},{"damage":0.0,"enemies":"3 Shapes","floor":37.0,"turns":5.0},{"damage":0.0,"enemies":"Sphere and 2 Shapes","floor":41.0,"turns":3.0},{"damage":36.0,"enemies":"Reptomancer","floor":42.0,"turns":4.0},{"damage":11.0,"enemies":"Spire Growth","floor":44.0,"turns":3.0},{"damage":0.0,"enemies":"R_Hoarder","floor":45.0,"turns":8.0},{"damage":0.0,"enemies":"Mind Bloom Boss Battle","floor":46.0,"turns":4.0},{"damage":4.0,"enemies":"Giant Head","floor":47.0,"turns":5.0},{"damage":116,"enemies":"hubris:GrandSnecko","floor":50,"turns":16}],"seed_played":"-3723885452237104521","potions_obtained":[{"floor":1.0,"key":"LifebloodPotion"},{"floor":8.0,"key":"SpeedPotion"},{"floor":10.0,"key":"LiquidBronze"},{"floor":16.0,"key":"FearPotion"},{"floor":18.0,"key":"Block Potion"},{"floor":23.0,"key":"FairyPotion"},{"floor":24.0,"key":"Block Potion"},{"floor":42.0,"key":"BlessingOfTheForge"},{"floor":45.0,"key":"SpeedPotion"}],"is_trial":false,"path_per_floor":["M","?","?","$","?","E","R","E","T","?","R","?","M","?","R","B",null,"M","M","AVR","M","M","M","M","E","T","R","M","?","E","$","R","B",null,"M","AVR","M","?","?","M","E","T","M","E","?","E","$","R","B"],"character_chosen":"IRONCLAD","items_purchased":["Orichalcum","Guide Book","Pummel+1","Ghostly Armor","hubris:SphereOfDissonance"],"campfire_rested":1,"item_purchase_floors":[31,31,31,31,48],"current_hp_per_floor":[74,55,55,55,55,61,61,67,67,67,67,67,66,66,66,64,73,75,78,78,63,59,47,54,42,42,42,17,24,14,14,39,11,68,63,63,72,72,72,81,54,54,52,61,70,75,75,75,0,0],"gold":27,"neow_bonus":"THREE_ENEMY_KILL","is_daily":false,"chose_seed":false,"campfire_upgraded":5,"win_rate":0.0,"timestamp":1612236214,"path_taken":["M","?","?","?","?","E","R","E","T","?","R","?","?","?","R","BOSS","M","M","AVR","M","M","M","M","E","T","R","M","?","E","$","R","BOSS","M","AVR","M","?","?","M","E","T","M","E","?","E","$","R","BOSS"],"items_purchased_type":["Relic","Relic","Card","Card","Relic"],"build_version":"2020-12-22","purchased_purges":0,"victory":false,"max_hp_per_floor":[75,75,75,75,75,75,75,75,75,75,75,75,75,75,75,76,76,77,78,78,79,80,81,82,83,83,83,84,85,86,86,86,87,87,88,88,89,89,89,90,91,91,92,93,94,95,95,95,95,95],"card_choices":[{"not_picked":["Anger","Massacre"],"picked":"Infernal Blade","floor":1.0},{"not_picked":["infinitespire:Fortify","infinitespire:Menacing"],"picked":"infinitespire:SevenWalls","floor":2.0},{"not_picked":["Dark Embrace","Warcry"],"picked":"Fiend Fire","floor":6.0},{"not_picked":["Run Through","Abandon"],"picked":"Metallicize","floor":8.0},{"not_picked":["ReplayTheSpireMod:Strike From Hell","Anger"],"picked":"Wild Strike","floor":10.0},{"not_picked":["Pommel Strike","Body Slam"],"picked":"Replay:Undeath\u0027s Touch","floor":10.0},{"not_picked":["Rage","Run Through"],"picked":"Clash","floor":13.0},{"not_picked":["Feed","Limit Break"],"picked":"Double Tap","floor":16.0},{"not_picked":["Havoc","Second Wind"],"picked":"Flex+1","floor":18.0},{"not_picked":["Shrug It Off","Pommel Strike"],"picked":"ReplayTheSpireMod:Strike From Hell+1","floor":19.0},{"not_picked":["ReplayTheSpireMod:Corrosion Curse","Iron Wave"],"picked":"Bludgeon","floor":21.0},{"not_picked":["Entrench","Dropkick"],"picked":"Pommel Strike","floor":22.0},{"not_picked":["Havoc","ReplayReversal"],"picked":"Twin Strike","floor":23.0},{"not_picked":["Warcry","Life Link"],"picked":"Spot Weakness","floor":24.0},{"not_picked":["Entrench","Warcry"],"picked":"hubris:ReadiedAction","floor":25.0},{"not_picked":["Headbutt","Heavy Blade"],"picked":"Shrug It Off","floor":28.0},{"not_picked":["Replay:Undeath\u0027s Touch","Rampage"],"picked":"Hemokinesis","floor":29.0},{"not_picked":["Searing Blow","Carnage"],"picked":"ReplayTheSpireMod:Corrosion Curse+1","floor":30.0},{"not_picked":["Fiend Fire","Immolate"],"picked":"Impervious","floor":33.0},{"not_picked":["hubris:StunningStrike","Brutality"],"picked":"Exhume","floor":34.0},{"not_picked":["Survey Options","PanicButton"],"picked":"ReplayTheSpireMod:Private Reserves","floor":34.0},{"not_picked":["infinitespire:TheBestDefense","infinitespire:Oblivion"],"picked":"ReplayTheSpireMod:Chaos Vortex","floor":34.0},{"not_picked":["Rampage","Rupture"],"picked":"Run Through","floor":35.0},{"not_picked":["Ghostly Armor+1","Iron Wave"],"picked":"Metallicize+1","floor":37.0},{"not_picked":["Clothesline","Body Slam"],"picked":"Metallicize","floor":41.0},{"not_picked":["hubris:CleavingFinish","Replay:Undeath\u0027s Touch"],"picked":"Defy Death+1","floor":42.0},{"not_picked":["Warcry","Abandon+1"],"picked":"Perfected Strike","floor":44.0},{"not_picked":["Uppercut","Rampage"],"picked":"Power Through+1","floor":45.0},{"not_picked":["Shrug It Off+1","ReplayTheSpireMod:Strike From Hell"],"picked":"Body Slam","floor":46.0},{"not_picked":["ReplayTheSpireMod:Strike From Hell","hubris:SharpeningStone"],"picked":"Armaments","floor":47.0}],"player_experience":1230446,"relics_obtained":[{"floor":5.0,"key":"TungstenRod"},{"floor":6.0,"key":"Boot"},{"floor":8.0,"key":"Lantern"},{"floor":9.0,"key":"ReplayFunnel"},{"floor":10.0,"key":"Smiling Mask"},{"floor":25.0,"key":"infinitespire:ShieldingShard"},{"floor":26.0,"key":"hubris:Teleporter"},{"floor":29.0,"key":"Red Mask"},{"floor":30.0,"key":"Blood Vial"},{"floor":42.0,"key":"ReplayTheSpireMod:Lightbulb"},{"floor":43.0,"key":"hubris:ToyBattleship"},{"floor":45.0,"key":"Vajra"},{"floor":46.0,"key":"Pocketwatch"},{"floor":47.0,"key":"Snack Pack"}],"event_choices":[{"cards_removed":["Pain"],"damage_healed":0.0,"max_hp_gain":0.0,"max_hp_loss":0.0,"gold_gain":0.0,"event_name":"Living Wall","player_choice":"Forget","floor":12.0,"gold_loss":0.0,"damage_taken":0.0},{"damage_healed":0.0,"max_hp_gain":0.0,"max_hp_loss":0.0,"gold_gain":0.0,"event_name":"FaceTrader","player_choice":"Trade","floor":14.0,"gold_loss":0.0,"damage_taken":0.0,"relics_obtained":["FaceOfCleric"]},{"damage_healed":0.0,"max_hp_gain":0.0,"max_hp_loss":0.0,"gold_gain":0.0,"event_name":"Masked Bandits","player_choice":"Fought Bandits","floor":29.0,"gold_loss":0.0,"damage_taken":0.0},{"cards_removed":["Neutralize"],"damage_healed":0.0,"max_hp_gain":0.0,"max_hp_loss":0.0,"gold_gain":0.0,"event_name":"Falling","player_choice":"Removed Attack","floor":38.0,"gold_loss":0.0,"damage_taken":0.0},{"damage_healed":0.0,"max_hp_gain":0.0,"max_hp_loss":0.0,"gold_gain":0.0,"event_name":"MindBloom","player_choice":"Fight","floor":46.0,"gold_loss":0.0,"damage_taken":0.0}],"is_beta":false,"boss_relics":[{"not_picked":["Velvet Choker","hubris:BlackHole"],"picked":"Snecko Heart"},{"not_picked":["Coffee Dripper","hubris:ScarierMask"],"picked":"ReplayTheSpireMod:SealedPack"}],"items_purged_floors":[],"is_endless":false,"potions_floor_spawned":[1,8,16,18,21,23,24,42,45],"killed_by":"hubris:GrandSnecko","ascension_level":20}}