{"host":"gndxudri6ebovps6","time":1612228184,"event":{"mods":["AchievementEnabler","Act Like it!","Aspiration","BaseMod","Better Altar","Better Match","Better Note","Better Sensory Stone","Better Skull","Better Vampires","BetterRewards","Block Reminder","Conspire","GifTheSpireLib","Hubris","Infinite Spire","Marked Mod","Minty Spire (QoL Compilation)","Pale of the Ancients","Quick Restart","Replay The Spire","Shop Mod","Spicy Shops","Spikes Relics","StSLib","Stuff the Spire","The Cursed","The Disciple","The Judge","The Mystic","The Necromancer","everything is the same but u backflip on backflip"],"gold_per_floor":[111,121,121,121,21,21,21,31,79,4,4,21,21,34,34,129,129,139,139,7,27,37,149,149,149,149,289,136,152,152,163,163,258,258,276,288,288,132,132,132,151,151,151,151,279,149,149,149,149,149,169,183,183,39,39,55,55,108,108,108,108],"floor_reached":60,"language":"ENG","playtime":1799,"items_purged":["hubris:Greed"],"score":1808,"play_id":"3397508e-d6a9-42e5-9c69-8b331261093e","local_time":"20210201230944","is_ascension_mode":true,"campfire_choices":[{"data":"hubris:InfiniteBlow","floor":6,"key":"SMITH"},{"data":"StuffTheSpire:Innocence","floor":15,"key":"SMITH"},{"data":"hubris:InfiniteBlow+1","floor":24,"key":"SMITH"},{"data":"hubris:InfiniteBlow+2","floor":30,"key":"SMITH"},{"data":"hubris:InfiniteBlow+3","floor":32,"key":"SMITH"},{"data":"hubris:DuctTapeCard","floor":40,"key":"SMITH"},{"data":"hubris:InfiniteBlow+4","floor":42,"key":"SMITH"},{"data":"Fire Breathing","floor":44,"key":"SMITH"},{"data":"hubris:InfiniteBlow+5","floor":57,"key":"SMITH"}],"circlet_count":0,"master_deck":["AscendersBane","Strike_R","Strike_R","Strike_R+1","Strike_R","Strike_R+1","Defend_R","Defend_R","Defend_R","Defend_R","Bash","Shrug It Off+1","Bandage Up+1","Perfected Strike","hubris:InfiniteBlow+6","Ghostly+1","Rampage+1","Infernal Blade+1","StuffTheSpire:Innocence+1","Clash+1","hubris:StunningStrike","CurseOfTheBell","Carnage","Necronomicurse","Fire Breathing+1","ReplayTheSpireMod:Limb From Limb","StuffTheSpire:RagingBull","Headbutt","hubris:DuctTapeCard+2","Shockwave+1","Clash+1","Flex+1","Double Tap+1","Sword Boomerang","Headbutt","BarbarianYell+1","Carnage","Clash+1","Flame Barrier+1"],"relics":["Burning Blood","Thread and Needle","StuffTheSpire:Wildfire","Akabeko","Membership Card","Oddly Smooth Stone","StuffTheSpire:TintedRock","RetroEgg","Whetstone","Toxic Egg 2","Lee\u0027s Waffle","ReplayFunnel","Pen Nib","StuffTheSpire:Mouthbags","HandDrill","Calling Bell","betterAltar:BloodRelic","Replay:Bottled Steam","Counterbalance","Necronomicon","Sling","hubris:FunFungus","Bloody Idol","hubris:DuctTape","PreservedInsect","Bag of Marbles","RollingBoulder","SacredBark","Replay:Baseball","Medical Kit","Golden Egg","Turnip","aspiration:ArtOfWarUpgrade","Letter Opener","StuffTheSpire:Gunfinga","ReplayTheSpireMod:CursedCoin","hubris:Towel","paleoftheancients:Timepiece","Ice Cream","Bronze Scales","paleoftheancients:SoulOfTheIroncluck","aspiration:AnachronicSnailShell","hubris:ToyBattleship"],"acts_visited":["Exordium","TheCity","TheBeyond","paleoftheancients:PaleOfTheAncients"],"potions_floor_usage":[27,50],"damage_taken":[{"damage":9,"enemies":"conspire:RoseBush","floor":1,"turns":3},{"damage":0,"enemies":"Small Slimes","floor":2,"turns":2},{"damage":0,"enemies":"2 Louse","floor":8,"turns":2},{"damage":0,"enemies":"2 Fungi Beasts","floor":12,"turns":3},{"damage":0,"enemies":"Exordium Wildlife","floor":14,"turns":3},{"damage":0,"enemies":"Slime Boss","floor":16,"turns":9},{"damage":18,"enemies":"2 Thieves","floor":18,"turns":4},{"damage":8,"enemies":"Chosen","floor":21,"turns":2},{"damage":14,"enemies":"Snecko","floor":22,"turns":3},{"damage":6,"enemies":"conspire:SneckoGhost","floor":23,"turns":5},{"damage":2,"enemies":"conspire:Head Lice","floor":27,"turns":4},{"damage":14,"enemies":"Chosen and Byrds","floor":29,"turns":4},{"damage":0,"enemies":"Snake Plant","floor":31,"turns":3},{"damage":34,"enemies":"Automaton","floor":33,"turns":6},{"damage":0,"enemies":"3 Shapes","floor":35,"turns":4},{"damage":20,"enemies":"3 Darklings","floor":36,"turns":7},{"damage":58,"enemies":"Sphere and 2 Shapes","floor":41,"turns":3},{"damage":20,"enemies":"R_Hoarder","floor":45,"turns":6},{"damage":16,"enemies":"hubris:GrandSnecko","floor":50,"turns":8},{"damage":63,"enemies":"hubris:GrandSnecko","floor":51,"turns":6},{"damage":20,"enemies":"hubris:GrandSnecko","floor":52,"turns":6},{"damage":81,"enemies":"hubris:GrandSnecko","floor":56,"turns":10},{"damage":292,"enemies":"paleoftheancients:N","floor":60,"turns":17}],"seed_played":"-5038133558752159522","potions_obtained":[{"floor":2,"key":"Elixir"},{"floor":16,"key":"ElixirPotion"},{"floor":21,"key":"Elixir"},{"floor":22,"key":"HeartOfIron"},{"floor":23,"key":"PowerPotion"},{"floor":27,"key":"Venom Potion"},{"floor":41,"key":"CultistPotion"},{"floor":51,"key":"BlessingOfTheForge"},{"floor":53,"key":"FairyPotion"}],"is_trial":false,"path_per_floor":["M","M","?","?","?","R","$","M","T","$","?","M","?","M","R","B",null,"M","?","$","M","M","E","R","?","T","E","$","M","R","M","R","B",null,"M","M","?","$","?","R","M","R","T","R","E","$","?","?","R","B","M","M","?","$","R","M","R","T","?","B"],"character_chosen":"IRONCLAD","items_purchased":["Thread and Needle","StuffTheSpire:Wildfire","Akabeko","Membership Card","Oddly Smooth Stone","StuffTheSpire:TintedRock","RetroEgg","Whetstone","Toxic Egg 2","Lee\u0027s Waffle","ReplayFunnel","Pen Nib","Shrug It Off+1","Bandage Up+1","HandDrill","Sling","Fire Breathing","Bag of Marbles","RollingBoulder","Replay:Baseball","Medical Kit","Art of War","Letter Opener","StuffTheSpire:Gunfinga","ReplayTheSpireMod:CursedCoin","aspiration:AnachronicSnailShell"],"campfire_rested":0,"item_purchase_floors":[0,0,0,0,0,0,0,0,0,0,0,0,0,0,10,20,20,28,28,38,38,46,46,46,46,54],"current_hp_per_floor":[87,87,87,66,66,66,66,78,78,78,78,87,80,87,87,87,87,75,59,59,65,65,73,73,25,25,45,45,54,54,77,77,65,82,87,85,85,85,85,85,46,46,46,46,50,55,55,55,55,80,68,85,85,85,85,59,59,64,64,0,0],"gold":108,"neow_bonus":"","is_daily":false,"chose_seed":false,"campfire_upgraded":9,"win_rate":0.0,"timestamp":1612228184,"path_taken":["M","M","?","?","?","R","$","M","T","$","?","?","?","M","R","BOSS","M","?","$","M","M","E","R","?","T","E","?","M","R","M","R","BOSS","M","M","?","$","?","R","M","R","T","R","E","?","?","?","R","BOSS","M","M","?","$","R","M","R","T","?","BOSS"],"items_purchased_type":["Relic","Relic","Relic","Relic","Relic","Relic","Relic","Relic","Relic","Relic","Relic","Relic","Card","Card","Relic","Relic","Card","Relic","Relic","Relic","Relic","Relic","Relic","Relic","Relic","Relic"],"build_version":"2020-12-22","purchased_purges":1,"victory":false,"max_hp_per_floor":[87,87,87,87,87,87,87,87,87,87,87,87,87,87,87,87,87,87,87,87,87,87,87,87,87,87,87,87,87,87,87,87,87,87,87,87,87,87,87,87,87,87,87,87,87,87,87,87,87,87,87,87,87,87,87,87,87,87,87,87,87],"card_choices":[{"not_picked":["Sever Soul","Perfected Strike"],"picked":"Rampage","floor":1},{"not_picked":["ReplayTheSpireMod:Corrosion Curse+1","Headbutt"],"picked":"Perfected Strike","floor":2},{"not_picked":["infinitespire:FutureSight","infinitespire:SealOfDarkness+"],"picked":"hubris:InfiniteBlow","floor":4},{"not_picked":["hubris:CleavingFinish","Rupture"],"picked":"Twin Strike","floor":8},{"not_picked":["StuffTheSpire:PlasmaPulse+1","Survey Options+1"],"picked":"ReplayTheSpireMod:Trickstab","floor":11},{"not_picked":["Bloodletting+1","Pommel Strike"],"picked":"Infernal Blade+1","floor":12},{"not_picked":["Clothesline","Shrug It Off+1"],"picked":"Clash","floor":14},{"not_picked":["Bludgeon","Brutality"],"picked":"hubris:StunningStrike","floor":16},{"not_picked":["Havoc+1","Massacre"],"picked":"Carnage","floor":18},{"not_picked":["StuffTheSpire:Resist","Thunderclap+1"],"picked":"ReplayTheSpireMod:Limb From Limb","floor":21},{"not_picked":["Dropkick","Iron Wave+1"],"picked":"StuffTheSpire:RagingBull","floor":22},{"not_picked":["Cleave","Feel No Pain"],"picked":"Headbutt","floor":23},{"not_picked":["Heavy Blade","Carnage"],"picked":"Shockwave+1","floor":27},{"not_picked":["ReplayTheSpireMod:Strike From Hell","Cleave"],"picked":"Clash+1","floor":29},{"not_picked":["conspire:Purge+1","ReplayTheSpireMod:Stacked+1"],"picked":"Flex+1","floor":31},{"not_picked":["Replay:Many Hands+1","Immolate"],"picked":"Double Tap+1","floor":33},{"not_picked":["Flex+1","Clash"],"picked":"Sword Boomerang","floor":35},{"not_picked":["Warcry+1","Life Link+1"],"picked":"Headbutt","floor":36},{"not_picked":["Power Through+1","Perfected Strike"],"picked":"BarbarianYell+1","floor":41},{"not_picked":["Body Slam","Combust","Reckless Charge"],"picked":"SKIP","floor":45},{"not_picked":["Sever Soul+1","ReplayTheSpireMod:Stacked+1"],"picked":"Carnage","floor":51},{"not_picked":["Defy Death+1","Anger+1"],"picked":"Clash","floor":52},{"not_picked":["Clash+1","Headbutt"],"picked":"Flame Barrier+1","floor":56}],"player_experience":524905,"relics_obtained":[{"floor":9,"key":"StuffTheSpire:Mouthbags"},{"floor":17,"key":"Blood Vial"},{"floor":17,"key":"Replay:Bottled Steam"},{"floor":17,"key":"Counterbalance"},{"floor":19,"key":"Necronomicon"},{"floor":23,"key":"hubris:FunFungus"},{"floor":26,"key":"hubris:DuctTape"},{"floor":27,"key":"PreservedInsect"},{"floor":43,"key":"Golden Egg"},{"floor":45,"key":"Turnip"},{"floor":51,"key":"paleoftheancients:SoulOfTheIroncluck"},{"floor":52,"key":"paleoftheancients:SoulOfTheShapes"},{"floor":56,"key":"paleoftheancients:SoulOfTheHexaghost"},{"floor":58,"key":"hubris:ToyBattleship"}],"event_choices":[{"damage_healed":0,"gold_gain":0,"player_choice":"Grow","damage_taken":0,"max_hp_gain":0,"max_hp_loss":0,"event_name":"Living Wall","floor":3,"gold_loss":0,"cards_upgraded":["Rampage"]},{"damage_healed":0,"gold_gain":0,"player_choice":"Argue","damage_taken":0,"max_hp_gain":0,"max_hp_loss":0,"event_name":"conspire:LoneGhost","floor":5,"gold_loss":0},{"damage_healed":0,"gold_gain":1,"player_choice":"1","damage_taken":0,"max_hp_gain":0,"max_hp_loss":0,"event_name":"betterStone:BetterStone","floor":11,"gold_loss":0},{"damage_healed":0,"gold_gain":0,"player_choice":"Obtained Book","damage_taken":16,"max_hp_gain":0,"max_hp_loss":0,"event_name":"Cursed Tome","floor":19,"gold_loss":0},{"damage_healed":0,"gold_gain":0,"player_choice":" RottenVial Idol ","damage_taken":48,"relics_obtained":["betterAltar:BloodRelic","Bloody Idol"],"max_hp_gain":73,"max_hp_loss":25,"event_name":"betterAltar:BetterAltar","floor":25,"potions_obtained":[],"relics_lost":["Blood Vial"],"gold_loss":0},{"damage_healed":0,"gold_gain":0,"player_choice":"Got Potions","damage_taken":0,"max_hp_gain":0,"max_hp_loss":0,"event_name":"Lab","floor":53,"gold_loss":0}],"is_beta":false,"boss_relics":[{"not_picked":["Philosopher\u0027s Stone","StuffTheSpire:RunicHypercube"],"picked":"Calling Bell"},{"not_picked":["Empty Cage","hubris:VirtuousBlindfold"],"picked":"SacredBark"}],"items_purged_floors":[46],"is_endless":false,"potions_floor_spawned":[2,8,14,16,21,22,23,27,33,41,45,51,52,56],"killed_by":"paleoftheancients:N","ascension_level":12}}