{"host":"15dd7v8o90xso62x","time":1612279799,"event":{"mods":["BaseMod","Minty Spire (QoL Compilation)","Quick Restart","StSLib","SuperFastMode"],"gold_per_floor":[119,131,131,150,150,150,21,44,44,44,67,67,67],"floor_reached":12,"language":"KOR","playtime":306,"items_purged":["Strike_G"],"score":140,"play_id":"8ae375b2-f720-4dc4-8d70-62405547eca8","local_time":"20210203002959","is_ascension_mode":true,"campfire_choices":[{"data":"Skewer","floor":6,"key":"SMITH"}],"circlet_count":0,"master_deck":["AscendersBane","Strike_G","Strike_G","Strike_G","Defend_G","Defend_G","Defend_G","Defend_G","Defend_G","Survivor","Neutralize","Skewer+1","Acrobatics","Dagger Throw","Tactician"],"relics":["Ring of the Snake","Golden Idol","TungstenRod","WingedGreaves"],"acts_visited":["Exordium"],"potions_floor_usage":[12],"damage_taken":[{"damage":0,"enemies":"Jaw Worm","floor":1,"turns":5},{"damage":0,"enemies":"2 Louse","floor":2,"turns":2},{"damage":0,"enemies":"Small Slimes","floor":4,"turns":4},{"damage":3,"enemies":"Looter","floor":8,"turns":4},{"damage":5,"enemies":"2 Fungi Beasts","floor":11,"turns":3},{"damage":15,"enemies":"Lagavulin","floor":12,"turns":5}],"seed_played":"-4896580119567873918","potions_obtained":[{"floor":1,"key":"Swift Potion"},{"floor":8,"key":"Strength Potion"}],"is_trial":false,"path_per_floor":["M","M","?","M","?","R","$","M","T","?","M","E"],"character_chosen":"THE_SILENT","items_purchased":["Dagger Throw"],"campfire_rested":0,"item_purchase_floors":[7],"current_hp_per_floor":[59,59,64,64,40,40,40,37,37,22,17,2,2],"gold":67,"neow_bonus":"TRANSFORM_CARD","is_daily":false,"chose_seed":false,"campfire_upgraded":1,"win_rate":0.0,"timestamp":1612279799,"path_taken":["M","M","?","M","?","R","?","M","T","?","M","E"],"items_purchased_type":["Card"],"build_version":"2020-12-22","purchased_purges":1,"victory":false,"max_hp_per_floor":[66,66,71,71,71,71,71,71,71,71,71,71,71],"card_choices":[{"not_picked":["Bouncing Flask","Distraction","Cloak And Dagger"],"picked":"SKIP","floor":1},{"not_picked":["Infinite Blades","All Out Attack"],"picked":"Acrobatics","floor":2},{"not_picked":["Accuracy","Riddle With Holes","Skewer"],"picked":"SKIP","floor":4},{"not_picked":["PiercingWail","Underhanded Strike","Choke"],"picked":"SKIP","floor":8},{"not_picked":["Riddle With Holes","Predator"],"picked":"Tactician","floor":11}],"player_experience":931906,"relics_obtained":[{"floor":9,"key":"TungstenRod"}],"event_choices":[{"damage_healed":0,"gold_gain":0,"player_choice":"Donut","damage_taken":0,"max_hp_gain":5,"max_hp_loss":0,"event_name":"Big Fish","floor":3,"gold_loss":0},{"damage_healed":0,"gold_gain":0,"player_choice":"Take Damage","damage_taken":24,"relics_obtained":["Golden Idol"],"max_hp_gain":0,"max_hp_loss":0,"event_name":"Golden Idol","floor":5,"gold_loss":0},{"damage_healed":0,"gold_gain":0,"player_choice":"Success","damage_taken":18,"relics_obtained":["WingedGreaves"],"max_hp_gain":0,"max_hp_loss":0,"event_name":"Scrap Ooze","floor":10,"gold_loss":0}],"is_beta":false,"boss_relics":[],"items_purged_floors":[7],"is_endless":false,"potions_floor_spawned":[1,8],"killed_by":"Lagavulin","ascension_level":20}}