{"host":"684z1xpuwaoqmmh1","time":1612284422,"event":{"mods":["A Magickal Journey","BaseMod","Dio Mod","Downfall","Hermit","Jorbs\u0027s Wanderer Trilogy","Marisa????????","Minty Spire (QoL Compilation)","Robot Space Explorer","Shade Mod","StSLib","The Dragon Tamer","The Elementalist","The Hayseed","The Hierophant","The Marked","The Mystic","The Runesmith","The Saiyan","The Vixen","TheBandit","TheFirefly"],"gold_per_floor":[119,44,94,44,44,73,87,129,129,98,121,150,150,150,150,262,289,314,323,344,41,68,68,68,68,68],"floor_reached":24,"language":"ENG","playtime":1892,"items_purged":["wariomod:Strike"],"score":229,"play_id":"c40bfc4f-b78c-4e1d-8b7b-cb00108f84fa","local_time":"20210202184702","is_ascension_mode":false,"campfire_choices":[{"data":"wariomod:Step","floor":13,"key":"SMITH"},{"data":"wariomod:DeepDig","floor":15,"key":"SMITH"},{"data":"wariomod:WipeClean","floor":23,"key":"SMITH"}],"circlet_count":0,"master_deck":["wariomod:Strike","wariomod:Defend","wariomod:Defend","wariomod:Step+1","wariomod:Leap","wariomod:Smackflip","wariomod:DanceDash","wariomod:WhirlwindBurst","wariomod:EmptyMind","wariomod:DeepDig+1","wariomod:TempestBlasts","wariomod:TempestBlasts","wariomod:WipeClean+1","wariomod:AwfulLook+1","wariomod:Bombtime+1","wariomod:Goblast+1","wariomod:SmallSprint","wariomod:SimpleShield","wariomod:BodyBlock","wariomod:SimpleShield+1"],"relics":["wariomod:TheHat","NeowsBlessing","Akabeko","CeramicFish","Letter Opener","Astrolabe","ClockworkSouvenir","Strawberry"],"acts_visited":["Exordium","TheCity"],"potions_floor_usage":[24],"damage_taken":[{"damage":0,"enemies":"2 Louse","floor":1,"turns":1},{"damage":0,"enemies":"Gremlin Nob","floor":6,"turns":1},{"damage":0,"enemies":"Jaw Worm","floor":7,"turns":1},{"damage":18,"enemies":"3 Sentries","floor":8,"turns":10},{"damage":1,"enemies":"Cultist","floor":11,"turns":3},{"damage":0,"enemies":"3 Louse","floor":12,"turns":3},{"damage":44,"enemies":"Hexaghost","floor":16,"turns":11},{"damage":20,"enemies":"Spheric Guardian","floor":18,"turns":5},{"damage":1,"enemies":"3 Byrds","floor":20,"turns":3},{"damage":22,"enemies":"Snake Plant","floor":22,"turns":6},{"damage":49,"enemies":"Book of Stabbing","floor":24,"turns":6}],"seed_played":"7648396398472408342","potions_obtained":[{"floor":7,"key":"Strength Potion"},{"floor":8,"key":"SpeedPotion"},{"floor":16,"key":"bronze:BurnAndBuffPotion"},{"floor":18,"key":"FearPotion"}],"is_trial":false,"path_per_floor":["M","$","?","?","?","E","M","E","T","$","M","M","R","?","R","B",null,"M","?","M","$","M","R","E"],"character_chosen":"THE_BANDIT","items_purchased":["wariomod:DeepDig","ClockworkSouvenir","Strawberry"],"campfire_rested":0,"item_purchase_floors":[10,21,21],"current_hp_per_floor":[80,80,80,80,80,80,80,62,62,62,61,61,61,66,66,22,85,65,65,64,71,49,49,0,0,0],"gold":68,"neow_bonus":"THREE_ENEMY_KILL","is_daily":false,"chose_seed":false,"campfire_upgraded":3,"win_rate":0.0,"timestamp":1612284422,"path_taken":["M","$","?","?","?","E","?","E","T","?","M","M","R","?","R","BOSS","M","?","M","$","M","R","E"],"items_purchased_type":["Card","Relic","Relic"],"build_version":"2020-12-22","purchased_purges":1,"victory":false,"max_hp_per_floor":[80,80,80,80,80,80,80,80,80,80,80,80,80,85,85,85,85,85,85,85,92,92,92,92,92,92],"card_choices":[{"not_picked":["wariomod:ChargeForth","wariomod:BoomBoom"],"picked":"wariomod:Smackflip","floor":1},{"not_picked":["wariomod:SelfImprison","wariomod:SpikeSlash"],"picked":"wariomod:DanceDash","floor":6},{"not_picked":["wariomod:Leapslam","wariomod:DoubleDash"],"picked":"wariomod:WhirlwindBurst","floor":7},{"not_picked":["wariomod:DeepDig","wariomod:SilenceBombs"],"picked":"wariomod:EmptyMind","floor":8},{"not_picked":["wariomod:ThatsNotAll","wariomod:DisarmingMoves"],"picked":"wariomod:TempestBlasts","floor":11},{"not_picked":["wariomod:Game","wariomod:NullJump"],"picked":"wariomod:TempestBlasts","floor":12},{"not_picked":["wariomod:GodlyGift","wariomod:BoomAndDoom"],"picked":"wariomod:WipeClean","floor":16},{"not_picked":["wariomod:DiceyMove","wariomod:Goblast"],"picked":"wariomod:SmallSprint","floor":18},{"not_picked":["wariomod:SmallSprint+1","wariomod:Goblast"],"picked":"wariomod:BodyBlock","floor":20},{"not_picked":["wariomod:TrekTime","wariomod:AwfulLook+1"],"picked":"wariomod:SimpleShield+1","floor":22}],"player_experience":2963837,"relics_obtained":[{"floor":6,"key":"Akabeko"},{"floor":8,"key":"CeramicFish"},{"floor":9,"key":"Letter Opener"}],"event_choices":[{"cards_removed":["wariomod:Strike"],"damage_healed":0,"gold_gain":0,"player_choice":"Card Removal","damage_taken":0,"max_hp_gain":0,"max_hp_loss":0,"event_name":"The Cleric","floor":4,"gold_loss":50},{"damage_healed":0,"gold_gain":0,"player_choice":"Ignored","damage_taken":0,"max_hp_gain":0,"max_hp_loss":0,"event_name":"Liars Game","floor":5,"gold_loss":0},{"damage_healed":0,"gold_gain":0,"player_choice":"Donut","damage_taken":0,"max_hp_gain":5,"max_hp_loss":0,"event_name":"Big Fish","floor":14,"gold_loss":0},{"damage_healed":0,"gold_gain":0,"player_choice":"Read","damage_taken":0,"max_hp_gain":0,"max_hp_loss":0,"event_name":"The Library","floor":19,"gold_loss":0,"cards_obtained":["wariomod:SimpleShield"]}],"is_beta":false,"boss_relics":[{"not_picked":["Pandora\u0027s Box","Snecko Eye"],"picked":"Astrolabe"}],"items_purged_floors":[2],"is_endless":false,"potions_floor_spawned":[7,8,16,18],"killed_by":"Book of Stabbing","ascension_level":0}}