{"host":"wn5psrz55l2vtftw","time":1612252022,"event":{"mods":["BaseMod","Colored Powertips","Good Game Mod","Minty Spire (QoL Compilation)","Relic Filter Mod","Spicy Shops","StSLib","UnlockEverythingMod"],"gold_per_floor":[114,129,144,144,144,144,163,163,163,163,51,70,89,108,108,233,233,252,252,33,52,52,52,71,71,371,390,390,428,90,109,109,234,234,253,586,601,601,173,173,173,173],"floor_reached":41,"language":"ZHS","playtime":2941,"items_purged":["Zap","Limit Break","Defend_G+1"],"score":453,"play_id":"b5274322-1552-48f6-8f4a-aa509572b414","local_time":"20210202154702","daily_mods":["Chimera","Blue Cards","Binary"],"is_ascension_mode":false,"campfire_choices":[{"data":"Sweeping Beam","floor":6.0,"key":"SMITH"},{"data":"Survivor","floor":8.0,"key":"SMITH"},{"data":"Go for the Eyes","floor":15.0,"key":"SMITH"},{"data":"Bite","floor":23,"key":"SMITH"},{"data":"Bite","floor":28,"key":"SMITH"},{"data":"Double Tap","floor":32,"key":"SMITH"},{"data":"Entrench","floor":40,"key":"SMITH"}],"circlet_count":0,"master_deck":["Survivor+1","Eruption+1","Defend_R+1","Defend_P+1","Sweeping Beam+1","Intimidate","Ghostly Armor","Go for the Eyes+1","Double Tap+1","Rupture","Bite+1","Bite+1","Bite","Bite","Bite","Skim","CurseOfTheBell","Entrench+1","Reinforced Body+1"],"relics":["Burning Blood","REME:ComplimentaryCards","Kunai","Gambling Chip","Busted Crown","Nilry\u0027s Codex","Membership Card","Old Coin","Matryoshka","CaptainsWheel","Lee\u0027s Waffle","Calling Bell","Pen Nib","Pantograph","Calipers","Orichalcum","Singing Bowl","Toxic Egg 2"],"acts_visited":["Exordium","TheCity","TheBeyond"],"potions_floor_usage":[33,33],"damage_taken":[{"damage":12.0,"enemies":"Cultist","floor":1.0,"turns":3.0},{"damage":6.0,"enemies":"Small Slimes","floor":2.0,"turns":4.0},{"damage":0.0,"enemies":"2 Louse","floor":3.0,"turns":3.0},{"damage":9.0,"enemies":"Blue Slaver","floor":7.0,"turns":5.0},{"damage":0.0,"enemies":"Looter","floor":12.0,"turns":3.0},{"damage":0.0,"enemies":"Exordium Thugs","floor":13.0,"turns":2.0},{"damage":16.0,"enemies":"Exordium Wildlife","floor":14.0,"turns":3.0},{"damage":50.0,"enemies":"Slime Boss","floor":16.0,"turns":8.0},{"damage":4.0,"enemies":"Chosen","floor":18.0,"turns":3.0},{"damage":25,"enemies":"Shell Parasite","floor":21,"turns":9},{"damage":37,"enemies":"Snake Plant","floor":24,"turns":5},{"damage":2,"enemies":"Snecko","floor":27,"turns":5},{"damage":22,"enemies":"Gremlin Leader","floor":29,"turns":5},{"damage":0,"enemies":"Cultist and Chosen","floor":31,"turns":3},{"damage":68,"enemies":"Automaton","floor":33,"turns":6},{"damage":4,"enemies":"Orb Walker","floor":35,"turns":2},{"damage":1,"enemies":"3 Shapes","floor":37,"turns":4},{"damage":71,"enemies":"Giant Head","floor":41,"turns":7}],"seed_played":"-9070903199233054170","potions_obtained":[{"floor":1.0,"key":"GamblersBrew"},{"floor":2.0,"key":"SmokeBomb"},{"floor":7.0,"key":"FearPotion"},{"floor":21,"key":"Strength Potion"},{"floor":29,"key":"PowerPotion"},{"floor":33,"key":"FearPotion"}],"is_trial":false,"path_per_floor":["M","M","M","?","?","R","M","R","T","T","$","M","M","M","R","B",null,"M","?","$","M","?","R","M","?","T","M","R","E","$","M","R","B",null,"M","?","M","?","$","R","E"],"character_chosen":"IRONCLAD","items_purchased":["Ghostly Armor","Rupture","Membership Card","Skim","CaptainsWheel","Lee\u0027s Waffle","Orichalcum","Singing Bowl","Toxic Egg 2","Reinforced Body+1"],"campfire_rested":0,"item_purchase_floors":[11,20,20,30,30,30,39,39,39,39],"current_hp_per_floor":[74,74,80,80,60,60,57,57,57,57,57,63,69,59,59,15,80,80,64,64,45,45,45,32,32,32,52,52,42,63,63,63,26,63,63,63,63,63,63,63,0,0],"gold":173,"neow_bonus":"","is_daily":true,"chose_seed":false,"campfire_upgraded":7,"win_rate":0.0,"timestamp":1612252022,"path_taken":["M","M","?","?","?","R","M","R","T","?","?","M","M","?","R","BOSS","M","?","$","M","?","R","M","?","T","M","R","E","$","?","R","BOSS","M","?","M","?","$","R","E"],"items_purchased_type":["Card","Card","Relic","Card","Relic","Relic","Relic","Relic","Relic","Card"],"build_version":"2020-12-22","purchased_purges":3,"victory":false,"max_hp_per_floor":[80,80,80,80,80,80,80,80,80,80,80,80,80,80,80,80,80,80,80,80,80,56,56,56,56,56,56,56,56,63,63,63,63,63,63,63,63,63,63,63,63,63],"card_choices":[{"not_picked":["Coolheaded"],"picked":"Sweeping Beam","floor":1.0},{"not_picked":["Dark Embrace","Darkness"],"picked":"SKIP","floor":2.0},{"not_picked":["Armaments","Sweeping Beam"],"picked":"SKIP","floor":3.0},{"not_picked":["Turbo"],"picked":"Intimidate","floor":7.0},{"not_picked":["Cleave","Sentinel"],"picked":"SKIP","floor":12.0},{"not_picked":["Heatsinks"],"picked":"Go for the Eyes","floor":13.0},{"not_picked":["Steam Power","Iron Wave"],"picked":"SKIP","floor":14.0},{"not_picked":["Core Surge"],"picked":"Double Tap","floor":16.0}],"player_experience":91261,"relics_obtained":[{"floor":9.0,"key":"Kunai"},{"floor":10.0,"key":"Gambling Chip"},{"floor":19.0,"key":"Nilry\u0027s Codex"},{"floor":26,"key":"Old Coin"},{"floor":29,"key":"Matryoshka"},{"floor":34,"key":"Pen Nib"},{"floor":34,"key":"Pantograph"},{"floor":34,"key":"Calipers"}],"event_choices":[{"damage_healed":0.0,"max_hp_gain":0.0,"max_hp_loss":0.0,"gold_gain":0.0,"event_name":"Living Wall","player_choice":"Grow","floor":4.0,"gold_loss":0.0,"damage_taken":0.0,"cards_upgraded":["Eruption"]},{"damage_healed":0.0,"max_hp_gain":0.0,"max_hp_loss":0.0,"gold_gain":0.0,"event_name":"Golden Idol","player_choice":"Take Damage","floor":5.0,"gold_loss":0.0,"damage_taken":20.0,"relics_obtained":["Golden Idol"]},{"damage_healed":0.0,"max_hp_gain":0.0,"max_hp_loss":0.0,"gold_gain":0.0,"event_name":"Cursed Tome","player_choice":"Obtained Book","floor":19.0,"gold_loss":0.0,"damage_taken":16.0},{"damage_healed":0,"gold_gain":0,"player_choice":"Became a vampire","damage_taken":0,"max_hp_gain":0,"max_hp_loss":24,"event_name":"Vampires","floor":22,"gold_loss":0,"cards_obtained":["Bite","Bite","Bite","Bite","Bite"]},{"damage_healed":0,"gold_gain":0,"player_choice":"Simplicity","damage_taken":0,"max_hp_gain":0,"max_hp_loss":0,"event_name":"Back to Basics","floor":25,"gold_loss":0,"cards_upgraded":["Defend_R","Defend_G","Defend_P"]},{"damage_healed":0,"gold_gain":333,"player_choice":"Gave Idol","damage_taken":0,"max_hp_gain":0,"max_hp_loss":0,"event_name":"The Moai Head","floor":36,"relics_lost":["Golden Idol"],"gold_loss":0},{"damage_healed":0,"gold_gain":0,"cards_transformed":["Bash"],"player_choice":"Transformed","damage_taken":0,"max_hp_gain":0,"max_hp_loss":0,"event_name":"Transmorgrifier","floor":38,"gold_loss":0,"cards_obtained":["Entrench"]}],"is_beta":false,"boss_relics":[{"not_picked":["Black Star","SlaversCollar"],"picked":"Busted Crown"},{"not_picked":["Philosopher\u0027s Stone","Cursed Key"],"picked":"Calling Bell"}],"items_purged_floors":[11,30,39],"is_endless":false,"potions_floor_spawned":[1,2,7,21,29,33],"killed_by":"Giant Head","ascension_level":0}}