{"host":"0k696jvpnlqjk4gh","time":1612294888,"event":{"mods":["AchievementEnabler","BaseMod","Colored Map","Colored Powertips","Minty Spire (QoL Compilation)","Quick Restart"],"gold_per_floor":[110,127,47,12,187,216,236,236,236,267,267,285,295,310,310,413,413,426,446,446,466,466,466,196,224,224,224,2,2,101,101,101,199,199,210,255,255,16,16,16,28,28,28,28,38,50,85,105,105,105],"floor_reached":51,"language":"ENG","playtime":2279,"items_purged":["Doubt"],"score":826,"play_id":"c0eb780c-2b26-4ff1-99c9-47a76d399c1b","local_time":"20210202194128","is_ascension_mode":true,"campfire_choices":[{"floor":11,"key":"REST"},{"floor":15,"key":"REST"},{"floor":23,"key":"REST"},{"floor":27,"key":"RECALL"},{"data":"A Thousand Cuts","floor":29,"key":"SMITH"},{"data":"Terror","floor":32,"key":"SMITH"},{"data":"Adrenaline","floor":40,"key":"SMITH"},{"data":"After Image","floor":49,"key":"SMITH"}],"circlet_count":0,"master_deck":["Survivor","Neutralize","Blur","Slice","Footwork","Well Laid Plans","Heel Hook","Sucker Punch","Terror+1","A Thousand Cuts+1","CurseOfTheBell","Die Die Die","Distraction+1","Footwork","Cloak And Dagger","Noxious Fumes","Adrenaline+1","Accuracy","Grand Finale","Finisher","Outmaneuver","Dagger Spray","Die Die Die","Underhanded Strike","Expertise","Die Die Die","Slice","Accuracy+1","After Image+1","Parasite"],"relics":["Black Star","Letter Opener","Eternal Feather","InkBottle","Regal Pillow","Vajra","Calling Bell","Pen Nib","Mummified Hand","Dead Branch","Nilry\u0027s Codex","MutagenicStrength","Bag of Preparation","Meat on the Bone","Ninja Scroll","Boot","Question Card","Pandora\u0027s Box","Torii","Bottled Lightning","Bottled Tornado","Toy Ornithopter","Ornamental Fan"],"acts_visited":["Exordium","TheCity","TheBeyond"],"potions_floor_usage":[6,10,10,10,12,13,16,16,25,33,36,50,50],"damage_taken":[{"damage":10,"enemies":"Cultist","floor":1,"turns":5},{"damage":0,"enemies":"Small Slimes","floor":2,"turns":5},{"damage":19,"enemies":"3 Sentries","floor":6,"turns":16},{"damage":7,"enemies":"2 Louse","floor":7,"turns":3},{"damage":27,"enemies":"Lagavulin","floor":10,"turns":9},{"damage":36,"enemies":"Gremlin Gang","floor":12,"turns":6},{"damage":4,"enemies":"Blue Slaver","floor":13,"turns":3},{"damage":0,"enemies":"3 Louse","floor":14,"turns":4},{"damage":41,"enemies":"Hexaghost","floor":16,"turns":14},{"damage":5,"enemies":"Shell Parasite","floor":18,"turns":6},{"damage":23,"enemies":"Spheric Guardian","floor":19,"turns":6},{"damage":19,"enemies":"Snake Plant","floor":21,"turns":4},{"damage":19,"enemies":"Book of Stabbing","floor":25,"turns":5},{"damage":18,"enemies":"Collector","floor":33,"turns":7},{"damage":0,"enemies":"Orb Walker","floor":35,"turns":1},{"damage":0,"enemies":"2 Orb Walkers","floor":36,"turns":1},{"damage":32,"enemies":"3 Shapes","floor":41,"turns":1},{"damage":0,"enemies":"Sphere and 2 Shapes","floor":45,"turns":1},{"damage":0,"enemies":"Spire Growth","floor":46,"turns":1},{"damage":33,"enemies":"Reptomancer","floor":47,"turns":3},{"damage":1,"enemies":"Writhing Mass","floor":48,"turns":3},{"damage":23,"enemies":"Donu and Deca","floor":50,"turns":6}],"seed_played":"-2320852255645330460","potions_obtained":[{"floor":1,"key":"Explosive Potion"},{"floor":8,"key":"EssenceOfSteel"},{"floor":8,"key":"DuplicationPotion"},{"floor":8,"key":"PowerPotion"},{"floor":10,"key":"SneckoOil"},{"floor":12,"key":"ColorlessPotion"},{"floor":13,"key":"Dexterity Potion"},{"floor":14,"key":"SpeedPotion"},{"floor":19,"key":"BlessingOfTheForge"},{"floor":25,"key":"PowerPotion"},{"floor":33,"key":"AttackPotion"},{"floor":36,"key":"PowerPotion"},{"floor":46,"key":"Weak Potion"}],"is_trial":false,"path_per_floor":["M","M","$","?","?","E","M","?","T","E","R","M","M","M","R","B",null,"M","M","?","M","?","R","$","E","T","R","$","R","?","T","R","B",null,"M","?","?","$","?","R","M","$","T","?","M","M","E","M","R","B",null],"character_chosen":"THE_SILENT","items_purchased":["Footwork","Bag of Preparation","Footwork","Boot","Noxious Fumes","Bottled Lightning"],"campfire_rested":3,"item_purchase_floors":[3,24,24,28,28,38],"current_hp_per_floor":[60,60,60,70,70,51,44,44,44,17,62,26,22,22,70,29,70,65,42,26,7,7,55,55,36,36,51,51,66,66,66,70,52,70,70,70,70,70,66,66,34,34,34,66,66,66,45,44,62,43],"gold":105,"neow_bonus":"BOSS_RELIC","is_daily":false,"chose_seed":false,"campfire_upgraded":4,"win_rate":0.0,"timestamp":1612294888,"path_taken":["M","?","?","?","?","E","M","?","T","E","R","?","M","?","R","BOSS","M","M","?","M","?","R","?","E","T","R","$","R","?","?","R","BOSS","M","?","?","$","?","R","M","?","T","?","M","?","E","M","R","BOSS"],"items_purchased_type":["Card","Relic","Card","Relic","Card","Relic"],"build_version":"2020-12-22","purchased_purges":1,"victory":true,"max_hp_per_floor":[70,70,70,70,70,70,70,70,70,70,70,70,70,70,70,70,70,70,70,70,70,70,70,70,70,70,70,70,70,70,70,70,70,70,70,70,70,70,66,66,66,66,66,66,66,66,66,66,66,66],"card_choices":[{"not_picked":["Predator","Underhanded Strike"],"picked":"Blur","floor":1},{"not_picked":["Quick Slash","Riddle With Holes"],"picked":"Slice","floor":2},{"not_picked":["Calculated Gamble","Wraith Form v2","Heel Hook"],"picked":"SKIP","floor":6},{"not_picked":["Backflip","Heel Hook"],"picked":"Well Laid Plans","floor":7},{"not_picked":["Expertise","Acrobatics"],"picked":"Heel Hook","floor":10},{"not_picked":["Quick Slash","Dash"],"picked":"Sucker Punch","floor":12},{"not_picked":["Tactician","Slice"],"picked":"Terror","floor":13},{"not_picked":["Deadly Poison","Tactician","Skewer"],"picked":"SKIP","floor":14},{"not_picked":["Corpse Explosion","Grand Finale"],"picked":"A Thousand Cuts","floor":16},{"not_picked":["Cloak And Dagger","Deadly Poison+1"],"picked":"Die Die Die","floor":18},{"not_picked":["Underhanded Strike","Bane+1"],"picked":"Distraction+1","floor":19},{"not_picked":["Caltrops","Blade Dance","Catalyst"],"picked":"SKIP","floor":21},{"not_picked":["Dagger Throw","Riddle With Holes+1"],"picked":"Cloak And Dagger","floor":25},{"not_picked":["Malaise","Unload","Corpse Explosion"],"picked":"Adrenaline","floor":33},{"not_picked":["Quick Slash","Acrobatics","PiercingWail"],"picked":"Slice","floor":35},{"not_picked":["Noxious Fumes+1","Quick Slash","Flechettes+1"],"picked":"Accuracy+1","floor":36},{"not_picked":["Predator+1","Poisoned Stab","Quick Slash","Deadly Poison"],"picked":"SKIP","floor":41},{"not_picked":["Prepared+1","Acrobatics+1","Caltrops+1"],"picked":"After Image","floor":45},{"not_picked":["Tactician+1","Deadly Poison","Flying Knee","Underhanded Strike+1"],"picked":"SKIP","floor":46},{"not_picked":["Cloak And Dagger+1","Setup","Underhanded Strike","Skewer+1"],"picked":"SKIP","floor":47},{"not_picked":["Bane","Dagger Spray","Quick Slash","Poisoned Stab"],"picked":"SKIP","floor":48}],"player_experience":113637,"relics_obtained":[{"floor":6,"key":"Letter Opener"},{"floor":6,"key":"Eternal Feather"},{"floor":9,"key":"InkBottle"},{"floor":10,"key":"Regal Pillow"},{"floor":10,"key":"Vajra"},{"floor":17,"key":"Pen Nib"},{"floor":17,"key":"Mummified Hand"},{"floor":17,"key":"Dead Branch"},{"floor":20,"key":"Nilry\u0027s Codex"},{"floor":25,"key":"Meat on the Bone"},{"floor":25,"key":"Ninja Scroll"},{"floor":31,"key":"Question Card"},{"floor":36,"key":"Torii"},{"floor":43,"key":"Bottled Tornado"},{"floor":47,"key":"Toy Ornithopter"},{"floor":47,"key":"Ornamental Fan"}],"event_choices":[{"damage_healed":17,"gold_gain":0,"player_choice":"Healed","damage_taken":0,"max_hp_gain":0,"max_hp_loss":0,"event_name":"The Cleric","floor":4,"gold_loss":35},{"damage_healed":0,"gold_gain":175,"player_choice":"AGREE","damage_taken":0,"max_hp_gain":0,"max_hp_loss":0,"event_name":"Liars Game","floor":5,"gold_loss":0,"cards_obtained":["Doubt"]},{"damage_healed":0,"gold_gain":0,"player_choice":"Got Potions","damage_taken":0,"max_hp_gain":0,"max_hp_loss":0,"event_name":"Lab","floor":8,"gold_loss":0},{"damage_healed":0,"gold_gain":0,"player_choice":"Obtained Book","damage_taken":16,"max_hp_gain":0,"max_hp_loss":0,"event_name":"Cursed Tome","floor":20,"gold_loss":0},{"damage_healed":0,"gold_gain":0,"player_choice":"Inject Mutagens","damage_taken":0,"relics_obtained":["MutagenicStrength"],"max_hp_gain":0,"max_hp_loss":0,"event_name":"Drug Dealer","floor":22,"gold_loss":0},{"damage_healed":0,"gold_gain":99,"player_choice":"Stole From Cult","damage_taken":0,"max_hp_gain":0,"max_hp_loss":0,"event_name":"Nest","floor":30,"gold_loss":0},{"damage_healed":0,"gold_gain":0,"player_choice":"Fight","damage_taken":0,"max_hp_gain":0,"max_hp_loss":0,"event_name":"Mysterious Sphere","floor":36,"gold_loss":0},{"cards_removed":["Prepared"],"damage_healed":0,"gold_gain":0,"player_choice":"Removed Skill","damage_taken":0,"max_hp_gain":0,"max_hp_loss":0,"event_name":"Falling","floor":37,"gold_loss":0},{"damage_healed":0,"gold_gain":0,"player_choice":"Max HP","damage_taken":0,"max_hp_gain":0,"max_hp_loss":4,"event_name":"Winding Halls","floor":39,"gold_loss":0},{"damage_healed":32,"gold_gain":0,"player_choice":"Full Heal","damage_taken":0,"max_hp_gain":0,"max_hp_loss":0,"event_name":"Wheel of Change","floor":44,"gold_loss":0}],"is_beta":false,"boss_relics":[{"not_picked":["Sozu","Empty Cage"],"picked":"Calling Bell"},{"not_picked":["Astrolabe","Cursed Key"],"picked":"Pandora\u0027s Box"}],"items_purged_floors":[24],"is_endless":false,"potions_floor_spawned":[1,10,12,13,14,19,25,33,36,46],"ascension_level":3}}