{"host":"ypzb5vvnu9f3ii1t","time":1612271388,"event":{"mods":["AchievementEnabler","BaseMod","Colored Map","DeckTracker","Keyboard Shortcuts","Minty Spire (QoL Compilation)","Permanent Neow","Quick Restart","SuperFastMode"],"gold_per_floor":[114,131,30,30,40,40,54,65,65,84,104,104,123,139,139,239,239,251,262,262,262],"floor_reached":20,"language":"KOR","playtime":490,"items_purged":[],"score":197,"play_id":"78de3a29-4ff3-4450-8aae-f4f234601aa3","local_time":"20210202220948","daily_mods":["Hoarder","Vintage","Heirloom","Time Dilation","Flight"],"is_ascension_mode":false,"campfire_choices":[{"floor":6.0,"key":"REST"},{"floor":15.0,"key":"REST"}],"circlet_count":0,"master_deck":["Strike_P","Strike_P","Strike_P","Strike_P","Defend_P","Defend_P","Defend_P","Defend_P","Eruption","Vigilance"],"relics":["PureWater","Lizard Tail","Vajra","Pocketwatch","Lantern","Gremlin Horn","Torii","Shuriken","Boot","Ancient Tea Set","White Beast Statue","MealTicket","Black Star","Molten Egg 2","Blood Vial"],"acts_visited":["Exordium","TheCity"],"potions_floor_usage":[18,18,18,19,20],"damage_taken":[{"damage":7.0,"enemies":"2 Louse","floor":1.0,"turns":3.0},{"damage":22.0,"enemies":"Jaw Worm","floor":2.0,"turns":2.0},{"damage":0.0,"enemies":"Cultist","floor":5.0,"turns":2.0},{"damage":0.0,"enemies":"Exordium Wildlife","floor":7.0,"turns":3.0},{"damage":0.0,"enemies":"Red Slaver","floor":8.0,"turns":2.0},{"damage":0.0,"enemies":"Looter","floor":10.0,"turns":1.0},{"damage":15.0,"enemies":"Exordium Thugs","floor":11.0,"turns":2.0},{"damage":0.0,"enemies":"2 Fungi Beasts","floor":13.0,"turns":2.0},{"damage":1.0,"enemies":"Looter","floor":14.0,"turns":2.0},{"damage":44.0,"enemies":"Hexaghost","floor":16.0,"turns":8.0},{"damage":30,"enemies":"2 Thieves","floor":18,"turns":3},{"damage":2,"enemies":"Shell Parasite","floor":19,"turns":4},{"damage":0,"enemies":"Centurion and Healer","floor":20,"turns":1}],"seed_played":"-3933332795414642658","potions_obtained":[{"floor":2.0,"key":"LiquidBronze"},{"floor":8.0,"key":"ColorlessPotion"},{"floor":13.0,"key":"Block Potion"},{"floor":14.0,"key":"BottledMiracle"},{"floor":16.0,"key":"ColorlessPotion"},{"floor":18,"key":"Fruit Juice"},{"floor":19,"key":"ColorlessPotion"}],"is_trial":true,"path_per_floor":["M","M","$","$","M","R","M","M","T","M","M","?","M","M","R","B",null,"M","M","M"],"character_chosen":"WATCHER","items_purchased":["Fruit Juice"],"campfire_rested":2,"item_purchase_floors":[3],"current_hp_per_floor":[65,43,43,43,48,71,71,71,71,71,56,61,61,60,82,38,82,57,55,57,57],"gold":262,"neow_bonus":"","is_daily":false,"chose_seed":false,"campfire_upgraded":0,"win_rate":0.0,"timestamp":1612271388,"path_taken":["M","M","$","$","M","R","M","M","T","M","M","?","M","M","R","BOSS","M","M","M"],"items_purchased_type":["Potion"],"build_version":"2020-12-22","purchased_purges":0,"victory":false,"max_hp_per_floor":[72,72,72,72,77,77,77,77,77,77,77,82,82,82,82,82,82,87,87,87,87],"card_choices":[],"player_experience":163258,"relics_obtained":[{"floor":1.0,"key":"Vajra"},{"floor":2.0,"key":"Pocketwatch"},{"floor":5.0,"key":"Lantern"},{"floor":7.0,"key":"Gremlin Horn"},{"floor":8.0,"key":"Torii"},{"floor":9.0,"key":"Shuriken"},{"floor":10.0,"key":"Boot"},{"floor":11.0,"key":"Ancient Tea Set"},{"floor":13.0,"key":"White Beast Statue"},{"floor":14.0,"key":"MealTicket"},{"floor":18,"key":"Molten Egg 2"},{"floor":19,"key":"Blood Vial"}],"event_choices":[{"damage_healed":0.0,"max_hp_gain":5.0,"max_hp_loss":0.0,"gold_gain":0.0,"event_name":"Big Fish","player_choice":"Donut","floor":12.0,"gold_loss":0.0,"damage_taken":0.0}],"is_beta":false,"boss_relics":[{"not_picked":["Fusion Hammer","Philosopher\u0027s Stone"],"picked":"Black Star"}],"items_purged_floors":[],"is_endless":false,"potions_floor_spawned":[2,8,13,14,16,18,19],"killed_by":"Centurion and Healer","ascension_level":0}}