{"host":"x5w9zppki4gdwvc7","time":1612255757,"event":{"mods":["AchievementEnabler","BaseMod","DeckTracker","Minty Spire (QoL Compilation)","Relic Sorter","SuperFastMode"],"gold_per_floor":[18,36,53,66,78,78,93,110,135,15,115,115,65,80,80,183,183,195,211,211,228,128,128,139,139,165,199,199,74,85,85,85,185,185,199,218,218,68,88,88,102,102,102,102,102],"floor_reached":44,"language":"ENG","playtime":2874,"items_purged":["Defend_P","Defend_P","Injury","Consecrate"],"score":449,"play_id":"73f62145-7999-4add-8b5b-4f98eb58f0d9","local_time":"20210202094917","is_ascension_mode":false,"campfire_choices":[{"data":"Eruption","floor":6,"key":"SMITH"},{"data":"SignatureMove","floor":12,"key":"SMITH"},{"data":"CutThroughFate","floor":15,"key":"SMITH"},{"data":"CutThroughFate","floor":23,"key":"SMITH"},{"data":"ForeignInfluence","floor":25,"key":"SMITH"},{"floor":28,"key":"REST"},{"data":"Study","floor":32,"key":"SMITH"},{"data":"Alpha","floor":40,"key":"SMITH"},{"data":"EmptyBody","floor":42,"key":"SMITH"}],"circlet_count":0,"master_deck":["Strike_P","Strike_P","Defend_P","Defend_P","Eruption+1","Vigilance","SignatureMove+1","EmptyBody+1","ForeignInfluence+1","Evaluate","ClearTheMind","Crescendo","CutThroughFate+1","Prostrate","CutThroughFate+1","Brilliance","Prostrate+1","Evaluate+1","CutThroughFate+1","Study+1","Alpha+1","ForeignInfluence+1","ThirdEye","Study+1","Normality"],"relics":["HolyWater","Dream Catcher","Cursed Key","StrikeDummy","Akabeko","Meat on the Bone","Eternal Feather"],"acts_visited":["Exordium","TheCity","TheBeyond"],"potions_floor_usage":[33,33],"damage_taken":[{"damage":4,"enemies":"Cultist","floor":1,"turns":4},{"damage":0,"enemies":"Small Slimes","floor":2,"turns":2},{"damage":0,"enemies":"Jaw Worm","floor":3,"turns":2},{"damage":10,"enemies":"Exordium Thugs","floor":4,"turns":4},{"damage":0,"enemies":"Blue Slaver","floor":5,"turns":3},{"damage":4,"enemies":"3 Louse","floor":7,"turns":3},{"damage":3,"enemies":"Red Slaver","floor":8,"turns":2},{"damage":0,"enemies":"Looter","floor":14,"turns":2},{"damage":49,"enemies":"The Guardian","floor":16,"turns":8},{"damage":15,"enemies":"2 Thieves","floor":18,"turns":4},{"damage":0,"enemies":"3 Byrds","floor":19,"turns":4},{"damage":2,"enemies":"Centurion and Healer","floor":21,"turns":4},{"damage":0,"enemies":"Chosen and Byrds","floor":24,"turns":3},{"damage":0,"enemies":"Gremlin Leader","floor":27,"turns":4},{"damage":0,"enemies":"3 Cultists","floor":30,"turns":3},{"damage":20,"enemies":"Champ","floor":33,"turns":7},{"damage":26,"enemies":"3 Darklings","floor":35,"turns":3},{"damage":4,"enemies":"Orb Walker","floor":36,"turns":3},{"damage":3,"enemies":"4 Shapes","floor":39,"turns":6},{"damage":27,"enemies":"Sphere and 2 Shapes","floor":41,"turns":4},{"damage":28,"enemies":"3 Darklings","floor":44,"turns":3}],"seed_played":"7389436518534453252","potions_obtained":[{"floor":1,"key":"BlessingOfTheForge"},{"floor":2,"key":"SteroidPotion"},{"floor":4,"key":"BottledMiracle"},{"floor":21,"key":"FearPotion"},{"floor":24,"key":"PowerPotion"},{"floor":39,"key":"Strength Potion"}],"is_trial":false,"path_per_floor":["M","M","M","M","M","R","M","M","T","$","?","R","$","M","R","B",null,"M","M","?","M","$","R","M","R","T","E","R","$","M","?","R","B",null,"M","M","?","$","M","R","M","R","T","M"],"character_chosen":"WATCHER","items_purchased":["CutThroughFate","Prostrate"],"campfire_rested":1,"item_purchase_floors":[10,13],"current_hp_per_floor":[68,68,68,58,58,58,54,51,51,51,51,51,51,51,51,2,72,57,57,57,55,55,55,55,55,55,55,72,72,72,72,72,52,72,46,42,42,42,39,39,24,24,24,0,0],"gold":102,"neow_bonus":"REMOVE_TWO","is_daily":false,"chose_seed":false,"campfire_upgraded":8,"win_rate":0.0,"timestamp":1612255757,"path_taken":["M","?","M","M","M","R","M","M","T","$","?","R","?","M","R","BOSS","M","M","?","M","$","R","M","R","T","E","R","?","M","?","R","BOSS","M","M","?","$","M","R","M","R","T","M"],"items_purchased_type":["Card","Card"],"build_version":"2020-12-22","purchased_purges":4,"victory":false,"max_hp_per_floor":[72,72,72,72,72,72,72,72,72,72,72,72,72,72,72,72,72,72,72,72,72,72,72,72,72,72,72,72,72,72,72,72,72,72,72,72,72,72,72,72,72,72,72,72,72],"card_choices":[{"not_picked":["Evaluate","Prostrate"],"picked":"SignatureMove","floor":1},{"not_picked":["CrushJoints","FlyingSleeves"],"picked":"EmptyBody","floor":2},{"not_picked":["FlyingSleeves","EmptyBody"],"picked":"Consecrate","floor":3},{"not_picked":["Adaptation","Wallop"],"picked":"ForeignInfluence","floor":4},{"not_picked":["FlyingSleeves","WreathOfFlame"],"picked":"Evaluate","floor":5},{"not_picked":["WreathOfFlame","FlurryOfBlows"],"picked":"ClearTheMind","floor":7},{"not_picked":["JustLucky","Halt"],"picked":"Crescendo","floor":8},{"not_picked":["Alpha","EmptyBody"],"picked":"CutThroughFate","floor":14},{"not_picked":["Devotion","Blasphemy"],"picked":"Brilliance","floor":16},{"not_picked":["EmptyBody","FollowUp"],"picked":"Prostrate+1","floor":18},{"not_picked":["WheelKick+1","ForeignInfluence","WreathOfFlame"],"picked":"SKIP","floor":19},{"not_picked":["PathToVictory","ForeignInfluence","EmptyBody"],"picked":"SKIP","floor":21},{"not_picked":["WreathOfFlame","Study"],"picked":"Evaluate+1","floor":24},{"not_picked":["TalkToTheHand","Study"],"picked":"CutThroughFate+1","floor":27},{"not_picked":["FlyingSleeves","Indignation"],"picked":"Study","floor":28},{"not_picked":["Collect","Swivel","SashWhip"],"picked":"SKIP","floor":30},{"not_picked":["DeusExMachina","Omniscience"],"picked":"Alpha","floor":33},{"not_picked":["Consecrate+1","BowlingBash"],"picked":"ForeignInfluence+1","floor":35},{"not_picked":["Consecrate+1","JustLucky"],"picked":"ThirdEye","floor":36},{"not_picked":["Vengeance","FlurryOfBlows+1","LessonLearned"],"picked":"SKIP","floor":39},{"not_picked":["Vengeance+1","FearNoEvil","CarveReality+1"],"picked":"SKIP","floor":41}],"player_experience":400074,"relics_obtained":[{"floor":9,"key":"Dream Catcher"},{"floor":26,"key":"Akabeko"},{"floor":27,"key":"Meat on the Bone"},{"floor":43,"key":"Eternal Feather"}],"event_choices":[{"damage_healed":0,"gold_gain":100,"player_choice":"Pray","damage_taken":0,"max_hp_gain":0,"max_hp_loss":0,"event_name":"Golden Shrine","floor":11,"gold_loss":0},{"damage_healed":0,"gold_gain":0,"player_choice":"Gave Potion","damage_taken":0,"relics_obtained":["StrikeDummy"],"max_hp_gain":0,"max_hp_loss":0,"event_name":"WeMeetAgain","floor":20,"gold_loss":0},{"damage_healed":0,"gold_gain":0,"player_choice":"Ignored","damage_taken":0,"max_hp_gain":0,"max_hp_loss":0,"event_name":"Ghosts","floor":31,"gold_loss":0},{"damage_healed":0,"gold_gain":0,"player_choice":"Copied","damage_taken":0,"max_hp_gain":0,"max_hp_loss":0,"event_name":"Duplicator","floor":37,"gold_loss":0,"cards_obtained":["Study"]}],"is_beta":false,"boss_relics":[{"not_picked":["VioletLotus","Snecko Eye"],"picked":"Cursed Key"},{"not_picked":["SacredBark","Philosopher\u0027s Stone"],"picked":"HolyWater"}],"items_purged_floors":[10,22,29,38],"is_endless":false,"potions_floor_spawned":[1,2,4,14,21,24,30,39],"killed_by":"3 Darklings","ascension_level":0}}