{"host":"yecadp3kwkksam5a","time":1612260767,"event":{"mods":["100% Spire Juice","Arknights","BaseMod","Minty Spire (QoL Compilation)","StSLib","SuperFastMode","The Cursed","WarShipGirlsR/??á´Ò³R mod"],"gold_per_floor":[109,122,133,133,153,153,78,95,121,137,212,31,31,45,45,142,142,161,76,76,93,93,93,111,210,210,210,230,87,87,118,118,215,215,227,239,239,239,256,286,301,301,301],"floor_reached":42,"language":"KOR","playtime":1578,"items_purged":["Strike_P","Defend_P"],"score":698,"play_id":"36a73ce1-3fe6-41f5-8f92-e6a9ded71355","local_time":"20210202191247","is_ascension_mode":true,"campfire_choices":[{"data":"Eruption","floor":6.0,"key":"SMITH"},{"floor":13.0,"key":"REST"},{"data":"MentalFortress","floor":15.0,"key":"SMITH"},{"data":"Scrawl","floor":23.0,"key":"SMITH"},{"data":"MentalFortress","floor":30.0,"key":"SMITH"},{"floor":32.0,"key":"RECALL"}],"circlet_count":0,"master_deck":["AscendersBane","Strike_P","Defend_P","Eruption+1","Vigilance","FlurryOfBlows","FlurryOfBlows","Tantrum+1","MentalFortress+1","Scrawl+1","FearNoEvil","MentalFortress+1","InnerPeace","Vault"],"relics":["Empty Cage","Tiny Chest","Coffee Dripper","Dream Catcher","Blue Candle","Orrery","Ancient Tea Set","VioletLotus","Pear","Question Card"],"acts_visited":["Exordium","TheCity","TheBeyond"],"potions_floor_usage":[],"damage_taken":[{"damage":9.0,"enemies":"Small Slimes","floor":1.0,"turns":4.0},{"damage":2.0,"enemies":"Cultist","floor":2.0,"turns":3.0},{"damage":1.0,"enemies":"2 Louse","floor":3.0,"turns":2.0},{"damage":30.0,"enemies":"Exordium Thugs","floor":5.0,"turns":3.0},{"damage":1.0,"enemies":"Looter","floor":8.0,"turns":2.0},{"damage":0.0,"enemies":"2 Fungi Beasts","floor":10.0,"turns":3.0},{"damage":11.0,"enemies":"3 Louse","floor":14.0,"turns":2.0},{"damage":14.0,"enemies":"Hexaghost","floor":16.0,"turns":6.0},{"damage":0.0,"enemies":"Spheric Guardian","floor":18.0,"turns":2.0},{"damage":12.0,"enemies":"Chosen","floor":21.0,"turns":3.0},{"damage":12.0,"enemies":"Centurion and Healer","floor":24.0,"turns":3.0},{"damage":0.0,"enemies":"Snecko","floor":28.0,"turns":2.0},{"damage":4.0,"enemies":"Book of Stabbing","floor":31.0,"turns":3.0},{"damage":10,"enemies":"Automaton","floor":33,"turns":9},{"damage":1,"enemies":"3 Shapes","floor":35,"turns":2},{"damage":0,"enemies":"3 Darklings","floor":36,"turns":4},{"damage":9,"enemies":"Sphere and 2 Shapes","floor":39,"turns":3},{"damage":5,"enemies":"Giant Head","floor":40,"turns":6},{"damage":8,"enemies":"Transient","floor":41,"turns":5},{"damage":19,"enemies":"Writhing Mass","floor":42,"turns":5}],"seed_played":"1623131233081078141","potions_obtained":[{"floor":3.0,"key":"GamblersBrew"},{"floor":10.0,"key":"AttackPotion"},{"floor":18.0,"key":"Weak Potion"},{"floor":28.0,"key":"SteroidPotion"}],"is_trial":false,"path_per_floor":["M","M","M","?","M","R","$","M","T","M","?","$","R","M","R","B",null,"M","?","$","M","T","R","M","?","T","?","M","$","R","E","R","B",null,"M","M","?","T","M","E","M","M"],"character_chosen":"WATCHER","items_purchased":["FearNoEvil","Orrery"],"campfire_rested":1,"item_purchase_floors":[12,29],"current_hp_per_floor":[56,54,53,53,23,23,23,22,22,22,15,15,36,25,25,11,57,57,57,57,45,45,45,33,33,33,33,33,33,33,29,29,19,59,58,58,58,68,59,54,46,27,27],"gold":301,"neow_bonus":"BOSS_RELIC","is_daily":false,"chose_seed":false,"campfire_upgraded":4,"win_rate":0.0,"timestamp":1612260767,"path_taken":["M","M","M","?","M","R","$","?","T","M","?","?","R","M","R","BOSS","M","?","$","M","?","R","M","?","T","?","M","$","R","E","R","BOSS","M","M","?","?","M","E","M","?"],"items_purchased_type":["Card","Relic"],"build_version":"2020-12-22","purchased_purges":2,"victory":false,"max_hp_per_floor":[72,72,72,72,72,72,72,72,72,72,72,72,72,72,72,72,72,72,72,72,72,72,72,72,72,72,72,72,72,72,72,72,72,72,72,72,72,82,82,82,82,82,82],"card_choices":[{"not_picked":["Protect","Sanctity"],"picked":"FlurryOfBlows","floor":1.0},{"not_picked":["SashWhip","CrushJoints"],"picked":"FlurryOfBlows","floor":2.0},{"not_picked":["SashWhip","ClearTheMind"],"picked":"Tantrum","floor":3.0},{"not_picked":["ReachHeaven","ThirdEye","CutThroughFate"],"picked":"SKIP","floor":5.0},{"not_picked":["Nirvana","Prostrate"],"picked":"MentalFortress","floor":8.0},{"not_picked":["Crescendo","Prostrate"],"picked":"Scrawl","floor":10.0},{"not_picked":["ForeignInfluence","Prostrate","BowlingBash"],"picked":"SKIP","floor":14.0},{"not_picked":["Study+1","DeceiveReality","EmptyFist+1"],"picked":"SKIP","floor":18.0},{"not_picked":["WreathOfFlame","SandsOfTime","SashWhip"],"picked":"SKIP","floor":21.0},{"not_picked":["InnerPeace+1","Halt+1"],"picked":"MentalFortress","floor":24.0},{"not_picked":["FlurryOfBlows","Protect+1","SashWhip"],"picked":"SKIP","floor":28.0},{"not_picked":["Halt+1","Evaluate"],"picked":"InnerPeace","floor":29.0},{"not_picked":["Evaluate","Consecrate"],"picked":"Vault","floor":29.0},{"not_picked":["Prostrate","EmptyBody+1","Protect"],"picked":"SKIP","floor":31.0},{"not_picked":["Crescendo+1","Consecrate","SandsOfTime"],"picked":"SKIP","floor":35},{"not_picked":["PathToVictory","Halt","SandsOfTime"],"picked":"SKIP","floor":36},{"not_picked":["WindmillStrike+1","FlyingSleeves+1","CutThroughFate"],"picked":"SKIP","floor":39},{"not_picked":["Study+1","LessonLearned","Consecrate+1"],"picked":"SKIP","floor":40},{"not_picked":["CutThroughFate+1","BattleHymn+1","CrushJoints","MentalFortress"],"picked":"SKIP","floor":41}],"player_experience":586767,"relics_obtained":[{"floor":9.0,"key":"Tiny Chest"},{"floor":26.0,"key":"Blue Candle"},{"floor":31.0,"key":"Ancient Tea Set"},{"floor":38,"key":"Pear"},{"floor":40,"key":"Question Card"}],"event_choices":[{"cards_removed":["Strike_P"],"damage_healed":0.0,"max_hp_gain":0.0,"max_hp_loss":0.0,"gold_gain":0.0,"event_name":"Bonfire Elementals","player_choice":"Offered Basic","floor":4.0,"gold_loss":0.0,"damage_taken":0.0},{"damage_healed":0.0,"max_hp_gain":0.0,"max_hp_loss":0.0,"gold_gain":75.0,"event_name":"FaceTrader","player_choice":"Touch","floor":11.0,"gold_loss":0.0,"damage_taken":7.0},{"damage_healed":0.0,"max_hp_gain":0.0,"max_hp_loss":0.0,"gold_gain":0.0,"event_name":"Addict","player_choice":"Obtained Relic","floor":19.0,"gold_loss":85.0,"damage_taken":0.0,"relics_obtained":["Dream Catcher"]},{"damage_healed":0.0,"max_hp_gain":0.0,"max_hp_loss":0.0,"gold_gain":99.0,"event_name":"Nest","player_choice":"Stole From Cult","floor":25.0,"gold_loss":0.0,"damage_taken":0.0},{"cards_removed":["Defend_P"],"damage_healed":0.0,"max_hp_gain":0.0,"max_hp_loss":0.0,"gold_gain":0.0,"event_name":"Wheel of Change","player_choice":"Card Removal","floor":27.0,"gold_loss":0.0,"damage_taken":0.0},{"damage_healed":0,"gold_gain":0,"player_choice":"Upgraded","damage_taken":0,"max_hp_gain":0,"max_hp_loss":0,"event_name":"Upgrade Shrine","floor":37,"gold_loss":0,"cards_upgraded":["Tantrum"]}],"is_beta":false,"boss_relics":[{"not_picked":["Black Star","Ectoplasm"],"picked":"Coffee Dripper"},{"not_picked":["SacredBark","Sozu"],"picked":"VioletLotus"}],"items_purged_floors":[7,12],"is_endless":false,"potions_floor_spawned":[3,10,18,28,31],"killed_by":"Writhing Mass","ascension_level":10}}