{"host":"n7y3mu11vy2qow2a","time":1612262116,"event":{"mods":["BaseMod","Better Third Choice","BetterRewards","Colored Powertips","Downfall","Glutton Mod","Hunter ??","Infinite Spire","Minty Spire (QoL Compilation)","READ ME - Guardian Mod","Relic Stats","Shade Mod","Shop Mod","StSLib","The Animator","The Blackbeard","The Bug Knight","The Cursed","The Druid","The Exalted","The Forsaken","The Hierophant","The Judge","The Necromancer","The Poker Player","The Runesmith","The Servant 0.9.4","TheBandit","Wandering Minibosses"],"gold_per_floor":[99,116,135,135,247,269,335,366,378,422,194,210,235,235,247,343,343,343,353,353,353,371,271,353,378,410,427,102,102,102,113,128,128,128,128],"floor_reached":33,"language":"ENG","playtime":2248,"items_purged":["hexamod:NecessarySacrifice"],"score":327,"play_id":"fd7ec83d-32ca-4fa5-a3bb-a31438fb2cc0","local_time":"20210202113516","is_ascension_mode":false,"campfire_choices":[{"data":"hexamod:Float","floor":1,"key":"SMITH"},{"data":"hexamod:CatchUp","floor":9,"key":"SMITH"},{"data":"hexamod:ForkedFlame","floor":18,"key":"SMITH"},{"data":"1","floor":23,"key":"LIFT"}],"circlet_count":0,"master_deck":["hexamod:Strike","hexamod:Strike","hexamod:Strike+1","hexamod:Strike+1","hexamod:Defend","hexamod:Defend","hexamod:Defend","hexamod:Defend","hexamod:Sear","hexamod:Float+1","hexamod:FourthSeal","Static Discharge","hexamod:CatchUp+1","hexamod:PhantomCloak","hexamod:FirstSeal","hexamod:ExtraCrispy","hexamod:EmpoweredFlame","hexamod:WildfireWeapon","hexamod:ThirdSeal","hexamod:ForkedFlame+1","hexamod:GhostflameInferno","hexamod:RecurringNightmare","hexamod:VolcanoVisage"],"relics":["hexamod:SpiritBrand","MawBank","Runesmith:AutoHammer","Girya","Juzu Bracelet","Singing Bowl","Busted Crown","Anchor","downfall:HeartBlessingGreen","hexamod:InflammatoryLetter","Whetstone","Bromod:ArcaneMomentum","Mango","hexamod:SoulConsumer"],"acts_visited":["Exordium","TheCity"],"potions_floor_usage":[6,10,11,11,12,26,27,28,31,32,33,33,33],"damage_taken":[{"damage":1,"enemies":"Jaw Worm","floor":2,"turns":3},{"damage":0,"enemies":"Small Slimes","floor":3,"turns":3},{"damage":0,"enemies":"Cultist","floor":6,"turns":3},{"damage":3,"enemies":"2 Fungi Beasts","floor":8,"turns":5},{"damage":25,"enemies":"Gremlin Nob","floor":10,"turns":3},{"damage":5,"enemies":"downfall:FleeingMerchant","floor":11,"turns":4},{"damage":0,"enemies":"Exordium Wildlife","floor":12,"turns":3},{"damage":8,"enemies":"HollowMod:MossKnight","floor":13,"turns":9},{"damage":3,"enemies":"Red Slaver","floor":15,"turns":5},{"damage":53,"enemies":"SI_SHIV_ARCHETYPE","floor":16,"turns":9},{"damage":12,"enemies":"Shell Parasite","floor":19,"turns":4},{"damage":22,"enemies":"Centurion and Healer","floor":22,"turns":7},{"damage":52,"enemies":"Gremlin Leader","floor":26,"turns":7},{"damage":20,"enemies":"Shelled Parasite and Fungi","floor":27,"turns":5},{"damage":4,"enemies":"downfall:FleeingMerchant","floor":28,"turns":4},{"damage":15,"enemies":"Chosen and Byrds","floor":31,"turns":6},{"damage":2,"enemies":"Centurion and Healer","floor":32,"turns":5},{"damage":62,"enemies":"DF_ARCHETYPE_CLAW","floor":33,"turns":5}],"seed_played":"-7659510519750307567","potions_obtained":[{"floor":3,"key":"champ:CounterPotion"},{"floor":6,"key":"SpeedPotion"},{"floor":6,"key":"Fruit Juice"},{"floor":10,"key":"Regen Potion"},{"floor":10,"key":"Slimebound:ThreeZeroPotion"},{"floor":11,"key":"hexamod:EctoCoolerPotion"},{"floor":12,"key":"Guardian:BlockOnCardUsePotion"},{"floor":13,"key":"SpeedPotion"},{"floor":13,"key":"Regen Potion"},{"floor":22,"key":"CultistPotion"},{"floor":26,"key":"ColorlessPotion"},{"floor":27,"key":"hexamod:EctoCoolerPotion"},{"floor":28,"key":"infinitespire:BlackPotion"},{"floor":31,"key":"GamblersBrew"},{"floor":31,"key":"DistilledChaos"},{"floor":32,"key":"champ:CounterPotion"}],"is_trial":false,"path_per_floor":["R","M","M","?","?","M","T","M","R","E","$","M","E","?","M","B",null,"R","M","?","?","M","R","T","T","E","M","$","?","AVR","M","M","B"],"character_chosen":"THE_SPIRIT","items_purchased":["Juzu Bracelet","Mango"],"campfire_rested":0,"item_purchase_floors":[11,28],"current_hp_per_floor":[77,76,76,68,68,73,73,70,70,45,54,61,60,65,69,23,87,87,86,77,77,64,64,64,64,36,27,41,41,41,41,54,0,0,0],"gold":128,"neow_bonus":"TEN_PERCENT_HP_BONUS","is_daily":false,"chose_seed":false,"campfire_upgraded":3,"win_rate":0.0,"timestamp":1612262116,"path_taken":["R","M","M","?","?","M","T","?","R","E","$","M","E","?","M","BOSS","R","M","?","?","M","R","T","?","E","M","$","?","AVR","M","M","BOSS"],"items_purchased_type":["Relic","Relic"],"build_version":"2020-12-22","purchased_purges":1,"victory":false,"max_hp_per_floor":[77,77,77,77,77,82,82,82,82,82,82,82,82,87,87,87,87,87,91,91,91,93,93,93,93,95,99,117,117,117,121,125,125,125,125],"relic_stats":{"Busted Crown":28,"Singing Bowl":24,"counters":[18,90],"Juzu Bracelet":1,"Whetstone":["hexamod:Strike","hexamod:Strike"],"MawBank":84,"obtain_stats":[{"Girya":10,"Singing Bowl":13,"downfall:HeartBlessingGreen":23,"Mango":28,"hexamod:InflammatoryLetter":24,"Juzu Bracelet":11,"Whetstone":25,"MawBank":4,"Bromod:ArcaneMomentum":26,"Anchor":20,"Busted Crown":17,"Runesmith:AutoHammer":7,"hexamod:SoulConsumer":30,"hexamod:SpiritBrand":0},{"Girya":5,"Singing Bowl":8,"downfall:HeartBlessingGreen":12,"Mango":15,"hexamod:InflammatoryLetter":12,"Juzu Bracelet":6,"Whetstone":12,"MawBank":2,"Bromod:ArcaneMomentum":13,"Anchor":11,"Busted Crown":10,"Runesmith:AutoHammer":3,"hexamod:SoulConsumer":15,"hexamod:SpiritBrand":0},{"Girya":17,"Singing Bowl":33,"downfall:HeartBlessingGreen":58,"Mango":74,"hexamod:InflammatoryLetter":58,"Juzu Bracelet":21,"Whetstone":58,"MawBank":6,"Bromod:ArcaneMomentum":65,"Anchor":51,"Busted Crown":47,"Runesmith:AutoHammer":9,"hexamod:SoulConsumer":74,"hexamod:SpiritBrand":0}]},"card_choices":[{"not_picked":["hexamod:ThermalTransfer","hexamod:EtherealExpedition"],"picked":"hexamod:NecessarySacrifice","floor":2},{"not_picked":["hexamod:RetreatToShadows","hexamod:NightmareStrike"],"picked":"hexamod:FourthSeal","floor":3},{"not_picked":["hexamod:ChargedBarrage","hexamod:BacktrackSmack"],"picked":"hexamod:CatchUp","floor":6},{"not_picked":["hexamod:NecessarySacrifice","hexamod:GhostShield"],"picked":"hexamod:PhantomCloak","floor":8},{"not_picked":["hexamod:FastForward","hexamod:GhostShield"],"picked":"hexamod:FirstSeal","floor":10},{"not_picked":["hexamod:FastForward","hexamod:SpectersWail"],"picked":"hexamod:ExtraCrispy","floor":11},{"not_picked":["hexamod:FirstSeal","hexamod:Hexaguard"],"picked":"hexamod:EmpoweredFlame","floor":12},{"not_picked":["hexamod:SwordOfDarkness","hexamod:HeatMetal"],"picked":"hexamod:WildfireWeapon","floor":13},{"not_picked":["hexamod:ShieldOfDarkness","hexamod:AdvancingGuard"],"picked":"hexamod:ThirdSeal","floor":15},{"not_picked":["hexamod:WildfireWeapon","hexamod:SearingWound"],"picked":"hexamod:ForkedFlame","floor":16},{"not_picked":["hexamod:ParanormalForm","hexamod:HexaLevel"],"picked":"hexamod:GhostflameInferno","floor":16},{"not_picked":["hexamod:NightmareGuise+1"],"picked":"Singing Bowl","floor":19},{"not_picked":["hexamod:BurningTouch+1"],"picked":"Singing Bowl","floor":19},{"not_picked":["hexamod:PhantomCloak+1"],"picked":"Singing Bowl","floor":22},{"not_picked":[],"picked":"hexamod:RecurringNightmare","floor":22},{"not_picked":[],"picked":"hexamod:VolcanoVisage","floor":26},{"not_picked":["hexamod:InspiringFlames"],"picked":"Singing Bowl","floor":26},{"not_picked":["hexamod:Haunt"],"picked":"Singing Bowl","floor":27},{"not_picked":["hexamod:RetreatToShadows"],"picked":"Singing Bowl","floor":27},{"not_picked":["hexamod:FirstSeal"],"picked":"Singing Bowl","floor":28},{"not_picked":["hexamod:SwordOfDarkness"],"picked":"Singing Bowl","floor":28},{"not_picked":["hexamod:BacktrackSmack"],"picked":"Singing Bowl","floor":31},{"not_picked":["hexamod:Hexaguard+1"],"picked":"Singing Bowl","floor":31},{"not_picked":["hexamod:NightmareStrike+1"],"picked":"Singing Bowl","floor":32},{"not_picked":["hexamod:BurningTouch"],"picked":"Singing Bowl","floor":32}],"player_experience":491630,"relics_obtained":[{"floor":7,"key":"Runesmith:AutoHammer"},{"floor":10,"key":"Girya"},{"floor":13,"key":"Singing Bowl"},{"floor":24,"key":"hexamod:InflammatoryLetter"},{"floor":25,"key":"Whetstone"},{"floor":26,"key":"Bromod:ArcaneMomentum"}],"event_choices":[{"damage_healed":0,"gold_gain":0,"player_choice":"Donut","damage_taken":0,"max_hp_gain":5,"max_hp_loss":0,"event_name":"Big Fish","floor":14,"gold_loss":0},{"damage_healed":0,"gold_gain":0,"player_choice":"Anchor","damage_taken":0,"relics_obtained":["Anchor"],"max_hp_gain":0,"max_hp_loss":0,"event_name":"blackbeard:ShipwreckEvent","floor":20,"gold_loss":0}],"is_beta":false,"boss_relics":[{"not_picked":["Coffee Dripper","Empty Cage"],"picked":"Busted Crown"}],"items_purged_floors":[11],"is_endless":false,"potions_floor_spawned":[3,6,10,13,26,27,31],"killed_by":"DF_ARCHETYPE_CLAW","ascension_level":0}}