{"host":"vumwfieg2b2mnrfl","time":1612227237,"event":{"mods":["AchievementEnabler","BaseMod","Minty Spire (QoL Compilation)","Rare Cards Sparkle","Relic Stats"],"gold_per_floor":[359,359,378,401,401,401,401,401],"floor_reached":7,"language":"ENG","playtime":255,"items_purged":[],"score":82,"play_id":"6e0f7b2b-f3b5-41c2-a354-7b338070bfe4","local_time":"20210201185357","is_ascension_mode":true,"campfire_choices":[{"data":"Leg Sweep","floor":6,"key":"SMITH"}],"circlet_count":0,"master_deck":["AscendersBane","Strike_G","Strike_G","Strike_G","Strike_G","Strike_G","Defend_G","Defend_G","Defend_G","Defend_G","Defend_G","Survivor","Neutralize","Clumsy","Escape Plan","Injury","Leg Sweep+1"],"relics":["Ring of the Snake","Golden Idol"],"acts_visited":["Exordium"],"potions_floor_usage":[7],"damage_taken":[{"damage":7,"enemies":"Jaw Worm","floor":1,"turns":5},{"damage":1,"enemies":"2 Louse","floor":3,"turns":4},{"damage":4,"enemies":"Cultist","floor":4,"turns":5},{"damage":54,"enemies":"3 Sentries","floor":7,"turns":11}],"seed_played":"-6783013459630544907","potions_obtained":[{"floor":3,"key":"Swift Potion"},{"floor":4,"key":"LiquidMemories"},{"floor":5,"key":"CultistPotion"}],"is_trial":false,"path_per_floor":["M","?","M","M","?","R","E"],"character_chosen":"THE_SILENT","items_purchased":[],"campfire_rested":0,"item_purchase_floors":[],"current_hp_per_floor":[52,52,51,47,47,47,0,0],"gold":401,"neow_bonus":"TWO_FIFTY_GOLD","is_daily":false,"chose_seed":false,"campfire_upgraded":1,"win_rate":0.0,"timestamp":1612227237,"path_taken":["M","?","M","M","?","R","E"],"items_purchased_type":[],"build_version":"2020-12-22","purchased_purges":0,"victory":false,"max_hp_per_floor":[66,66,66,66,66,66,66,66],"relic_stats":{"counters":[4,25],"Golden Idol":9,"obtain_stats":[{"Golden Idol":2,"Ring of the Snake":0},{"Golden Idol":1,"Ring of the Snake":0},{"Golden Idol":5,"Ring of the Snake":0}],"Ring of the Snake":[8]},"card_choices":[{"not_picked":["Setup","Backflip"],"picked":"Escape Plan","floor":1},{"not_picked":["Crippling Poison","Well Laid Plans"],"picked":"Leg Sweep","floor":3},{"not_picked":["Quick Slash","Caltrops","Expertise"],"picked":"SKIP","floor":4}],"player_experience":512384,"relics_obtained":[],"event_choices":[{"damage_healed":0,"gold_gain":0,"player_choice":"Take Wound","damage_taken":0,"relics_obtained":["Golden Idol"],"max_hp_gain":0,"max_hp_loss":0,"event_name":"Golden Idol","floor":2,"gold_loss":0,"cards_obtained":["Injury"]},{"damage_healed":0,"gold_gain":0,"player_choice":"Got Potions","damage_taken":0,"max_hp_gain":0,"max_hp_loss":0,"event_name":"Lab","floor":5,"gold_loss":0}],"is_beta":false,"boss_relics":[],"items_purged_floors":[],"is_endless":false,"potions_floor_spawned":[3,4],"killed_by":"3 Sentries","ascension_level":20}}