{"host":"6bsan6hkua32tfq7","time":1612308056,"event":{"mods":["BaseMod","Better Third Choice","Colored Map","Highlight Path","Minty Spire (QoL Compilation)","StSLib"],"gold_per_floor":[118,129,129,140,150,150,168,168,168,168,192,192,117,142,142,218,218,230,130,162,87,87,87,107,107,107],"floor_reached":25,"language":"ENG","playtime":1058,"items_purged":["Strike_R","Strike_R"],"score":398,"play_id":"4bd07ec7-9a70-4795-bf59-37f4cf437ed3","local_time":"20210203002056","is_ascension_mode":true,"campfire_choices":[{"data":"Searing Blow","floor":6,"key":"SMITH"},{"data":"Searing Blow+1","floor":8,"key":"SMITH"},{"data":"Searing Blow+2","floor":10,"key":"SMITH"},{"data":"Searing Blow+4","floor":15,"key":"SMITH"},{"floor":23,"key":"REST"}],"circlet_count":0,"master_deck":["AscendersBane","Defend_R","Defend_R","Defend_R","Bash","Sword Boomerang","Cleave","Searing Blow+5","Twin Strike","Cleave","Brutality","Bludgeon+1","Burning Pact+1","Inflame+1","Rage+1","Havoc+1","Decay","Sentinel+1"],"relics":["Burning Blood","NeowsBlessing","Kunai","Odd Mushroom","InkBottle","Astrolabe","Red Mask"],"acts_visited":["Exordium","TheCity"],"potions_floor_usage":[5,16,20,24,25],"damage_taken":[{"damage":0,"enemies":"Cultist","floor":1,"turns":1},{"damage":0,"enemies":"2 Louse","floor":2,"turns":1},{"damage":0,"enemies":"Jaw Worm","floor":4,"turns":1},{"damage":0,"enemies":"3 Louse","floor":5,"turns":1},{"damage":11,"enemies":"2 Fungi Beasts","floor":7,"turns":3},{"damage":24,"enemies":"The Mushroom Lair","floor":11,"turns":4},{"damage":25,"enemies":"3 Sentries","floor":14,"turns":5},{"damage":12,"enemies":"Slime Boss","floor":16,"turns":5},{"damage":43,"enemies":"Shell Parasite","floor":18,"turns":4},{"damage":16,"enemies":"Masked Bandits","floor":20,"turns":3},{"damage":16,"enemies":"2 Thieves","floor":24,"turns":3},{"damage":29,"enemies":"Slavers","floor":25,"turns":3}],"seed_played":"-6835180684310908821","potions_obtained":[{"floor":2,"key":"FearPotion"},{"floor":3,"key":"Explosive Potion"},{"floor":5,"key":"LiquidBronze"},{"floor":16,"key":"Strength Potion"},{"floor":24,"key":"DuplicationPotion"}],"is_trial":false,"path_per_floor":["M","M","?","M","M","R","M","R","T","R","?","?","$","E","R","B",null,"M","$","?","?","?","R","M","E"],"character_chosen":"IRONCLAD","items_purchased":[],"campfire_rested":1,"item_purchase_floors":[],"current_hp_per_floor":[74,75,75,75,75,75,70,70,70,70,52,52,52,33,33,27,63,26,26,16,16,16,38,28,0,0],"gold":107,"neow_bonus":"THREE_ENEMY_KILL","is_daily":false,"chose_seed":false,"campfire_upgraded":4,"win_rate":0.0,"timestamp":1612308056,"path_taken":["M","M","?","M","?","R","M","R","T","R","?","?","$","E","R","BOSS","M","?","?","?","?","R","?","E"],"items_purchased_type":[],"build_version":"2020-12-22","purchased_purges":2,"victory":false,"max_hp_per_floor":[75,75,75,75,75,75,75,75,75,75,75,75,75,75,75,75,75,75,75,75,75,75,75,75,75,75],"card_choices":[{"not_picked":["Body Slam","Second Wind"],"picked":"Sword Boomerang","floor":1},{"not_picked":["Clash","Anger"],"picked":"Cleave","floor":2},{"not_picked":["Power Through","Dark Embrace"],"picked":"Searing Blow","floor":4},{"not_picked":["Heavy Blade","Dual Wield"],"picked":"Twin Strike","floor":5},{"not_picked":["Hemokinesis","Warcry","Havoc"],"picked":"SKIP","floor":7},{"not_picked":["Body Slam","Corruption"],"picked":"Cleave","floor":11},{"not_picked":["Entrench","Rage","Dual Wield"],"picked":"SKIP","floor":14},{"not_picked":["Reaper","Corruption"],"picked":"Brutality","floor":16},{"not_picked":["Flex","Sever Soul"],"picked":"Rage+1","floor":18},{"not_picked":["Armaments","Pommel Strike"],"picked":"Havoc+1","floor":20},{"not_picked":["Body Slam+1","Pommel Strike"],"picked":"Sentinel+1","floor":24}],"player_experience":5395712,"relics_obtained":[{"floor":9,"key":"Kunai"},{"floor":11,"key":"Odd Mushroom"},{"floor":14,"key":"InkBottle"},{"floor":20,"key":"Red Mask"}],"event_choices":[{"damage_healed":0,"gold_gain":0,"player_choice":"Got Potions","damage_taken":0,"max_hp_gain":0,"max_hp_loss":0,"event_name":"Lab","floor":3,"gold_loss":0},{"damage_healed":0,"gold_gain":0,"player_choice":"Fought Mushrooms","damage_taken":0,"max_hp_gain":0,"max_hp_loss":0,"event_name":"Mushrooms","floor":11,"gold_loss":0},{"damage_healed":0,"gold_gain":0,"player_choice":"Forge","damage_taken":0,"max_hp_gain":0,"max_hp_loss":0,"event_name":"Accursed Blacksmith","floor":12,"gold_loss":0,"cards_upgraded":["Searing Blow"]},{"damage_healed":0,"gold_gain":0,"player_choice":"Fought Bandits","damage_taken":0,"max_hp_gain":0,"max_hp_loss":0,"event_name":"Masked Bandits","floor":20,"gold_loss":0},{"cards_removed":["Defend_R"],"damage_healed":0,"gold_gain":0,"player_choice":"Gave Gold","damage_taken":0,"max_hp_gain":0,"max_hp_loss":0,"event_name":"Beggar","floor":21,"gold_loss":75},{"damage_healed":0,"gold_gain":0,"player_choice":"Smashed Altar","damage_taken":0,"max_hp_gain":0,"max_hp_loss":0,"event_name":"Forgotten Altar","floor":22,"gold_loss":0,"cards_obtained":["Decay"]}],"is_beta":false,"boss_relics":[{"not_picked":["Runic Pyramid","Black Blood"],"picked":"Astrolabe"}],"items_purged_floors":[13,19],"is_endless":false,"potions_floor_spawned":[2,5,16,24],"killed_by":"Slavers","ascension_level":20}}