{"host":"q4axc00jr2bozlh9","time":1612301451,"event":{"mods":["AchievementEnabler","BaseMod","Bestiary","Colored Map","Colored Powertips","Curses Come First","Minty Spire (QoL Compilation)","Relic Stats","StSLib","SuperFastMode","UnlockEverythingMod"],"gold_per_floor":[111,36,36,52,75,75,55,71,71,84,99,112,137,168,168,291,291,316,316,241,255,275,275,289,333,385,64,83,46,64,88,88,213,213,234,290,290,290,623,633,653,670,670,686,686,697,15,33,33,33,33,33,33,33,33],"floor_reached":54,"language":"ENG","playtime":3124,"items_purged":["Doubt","Havoc"],"score":669,"play_id":"06575339-bfe4-4f96-b5f9-71db9b2de3d2","local_time":"20210202223051","is_ascension_mode":false,"campfire_choices":[{"floor":6,"key":"RECALL"},{"data":"Armaments","floor":15,"key":"SMITH"},{"floor":23,"key":"REST"},{"floor":32,"key":"REST"},{"floor":49,"key":"REST"},{"floor":52,"key":"REST"}],"circlet_count":0,"master_deck":["Strike_R","Defend_R","Defend_R","Defend_R","Defend_R","Bash","Blood for Blood","Whirlwind","True Grit","Armaments+1","Inflame","Armaments","Reaper","Whirlwind","Barricade","Rage","Necronomicurse","Ghostly Armor+1","Metallicize","Finesse","Fire Breathing","Offering","Madness","Madness","Good Instincts","Violence","Shrug It Off+1","Flex+1","Finesse","The Bomb","Seeing Red+1"],"relics":["Burning Blood","Thread and Needle","Ice Cream","Fusion Hammer","Necronomicon","Akabeko","Bottled Tornado","Philosopher\u0027s Stone","Ginger","Ornamental Fan","Lantern","Brimstone"],"acts_visited":["Exordium","TheCity","TheBeyond","TheEnding"],"potions_floor_usage":[8,12,14,16,24,30,31,33,41,42,48,50,50,54],"damage_taken":[{"damage":0,"enemies":"Small Slimes","floor":1,"turns":3},{"damage":3,"enemies":"Cultist","floor":4,"turns":4},{"damage":5,"enemies":"Jaw Worm","floor":5,"turns":4},{"damage":0,"enemies":"Looter","floor":8,"turns":5},{"damage":15,"enemies":"Exordium Wildlife","floor":10,"turns":8},{"damage":1,"enemies":"3 Louse","floor":11,"turns":2},{"damage":0,"enemies":"Large Slime","floor":12,"turns":8},{"damage":15,"enemies":"Gremlin Gang","floor":13,"turns":5},{"damage":13,"enemies":"3 Sentries","floor":14,"turns":8},{"damage":65,"enemies":"Slime Boss","floor":16,"turns":17},{"damage":11,"enemies":"Spheric Guardian","floor":18,"turns":7},{"damage":1,"enemies":"Chosen","floor":21,"turns":3},{"damage":0,"enemies":"Centurion and Healer","floor":22,"turns":4},{"damage":0,"enemies":"Cultist and Chosen","floor":24,"turns":3},{"damage":23,"enemies":"Book of Stabbing","floor":25,"turns":7},{"damage":0,"enemies":"Snake Plant","floor":28,"turns":5},{"damage":0,"enemies":"3 Cultists","floor":30,"turns":5},{"damage":1,"enemies":"Shelled Parasite and Fungi","floor":31,"turns":6},{"damage":31,"enemies":"Collector","floor":33,"turns":12},{"damage":41,"enemies":"3 Shapes","floor":35,"turns":3},{"damage":18,"enemies":"2 Orb Walkers","floor":36,"turns":2},{"damage":4,"enemies":"Orb Walker","floor":40,"turns":3},{"damage":2,"enemies":"3 Darklings","floor":41,"turns":3},{"damage":6,"enemies":"Jaw Worm Horde","floor":42,"turns":4},{"damage":14,"enemies":"Spire Growth","floor":44,"turns":5},{"damage":0,"enemies":"Maw","floor":46,"turns":6},{"damage":41,"enemies":"Transient","floor":48,"turns":5},{"damage":15,"enemies":"Donu and Deca","floor":50,"turns":4},{"damage":83,"enemies":"Shield and Spear","floor":54,"turns":3}],"seed_played":"-4133495502747188211","potions_obtained":[{"floor":4,"key":"EssenceOfSteel"},{"floor":5,"key":"LiquidBronze"},{"floor":7,"key":"Fire Potion"},{"floor":8,"key":"LiquidMemories"},{"floor":11,"key":"Regen Potion"},{"floor":13,"key":"Regen Potion"},{"floor":21,"key":"FearPotion"},{"floor":22,"key":"FearPotion"},{"floor":28,"key":"Energy Potion"},{"floor":30,"key":"Ancient Potion"},{"floor":41,"key":"Dexterity Potion"},{"floor":44,"key":"Weak Potion"},{"floor":46,"key":"HeartOfIron"},{"floor":48,"key":"Fire Potion"}],"is_trial":false,"path_per_floor":["M","$","?","M","M","R","?","M","T","M","M","M","M","E","R","B",null,"M","?","?","M","M","R","M","E","T","$","M","$","M","M","R","B",null,"M","?","?","?","?","M","M","M","T","M","?","M","$","M","R","B",null,"R","$","E"],"character_chosen":"IRONCLAD","items_purchased":["Bottled Tornado","Finesse","Fire Breathing","Lantern","Brimstone","Dexterity Potion","Finesse","The Bomb"],"campfire_rested":4,"item_purchase_floors":[27,27,29,47,47,47,47,47],"current_hp_per_floor":[80,80,60,63,64,64,64,70,70,61,66,72,63,68,68,29,80,75,59,59,75,80,80,80,75,75,75,80,80,80,80,80,67,80,45,33,23,18,18,20,24,30,30,40,40,62,62,59,80,79,80,80,80,0,0],"gold":33,"neow_bonus":"TRANSFORM_TWO_CARDS","is_daily":false,"chose_seed":false,"campfire_upgraded":1,"win_rate":0.0,"timestamp":1612301451,"path_taken":["M","$","?","M","M","R","?","M","T","?","M","?","M","E","R","BOSS","M","?","?","M","M","R","M","E","T","?","M","$","M","?","R","BOSS","M","?","?","?","?","M","M","M","T","M","?","M","$","M","R","BOSS","R","$","E"],"items_purchased_type":["Relic","Card","Card","Relic","Relic","Potion","Card","Card"],"build_version":"2020-12-22","purchased_purges":2,"victory":false,"max_hp_per_floor":[80,80,80,80,80,80,80,80,80,80,80,80,80,80,80,80,80,80,80,80,80,80,80,80,80,80,80,80,80,80,80,80,80,80,80,80,80,80,80,80,80,80,80,80,80,80,80,80,80,80,80,80,80,80,80],"relic_stats":{"counters":[29,154],"Ornamental Fan":[20],"Necronomicon":[50],"Ginger":[3],"obtain_stats":[{"Ice Cream":14,"Lantern":47,"Golden Idol":3,"Thread and Needle":9,"Ginger":36,"Bottled Tornado":27,"Burning Blood":0,"Akabeko":25,"Ornamental Fan":43,"Brimstone":47,"Philosopher\u0027s Stone":34,"Fusion Hammer":17,"Necronomicon":19},{"Ice Cream":9,"Lantern":26,"Golden Idol":1,"Thread and Needle":4,"Ginger":21,"Bottled Tornado":15,"Burning Blood":0,"Akabeko":15,"Ornamental Fan":24,"Brimstone":26,"Philosopher\u0027s Stone":19,"Fusion Hammer":10,"Necronomicon":11},{"Ice Cream":47,"Lantern":142,"Golden Idol":3,"Thread and Needle":16,"Ginger":121,"Bottled Tornado":88,"Burning Blood":0,"Akabeko":88,"Ornamental Fan":131,"Brimstone":142,"Philosopher\u0027s Stone":116,"Fusion Hammer":64,"Necronomicon":71}],"Burning Blood":133},"card_choices":[{"not_picked":["Warcry","Sword Boomerang"],"picked":"True Grit","floor":1},{"not_picked":["Shockwave","Searing Blow"],"picked":"Armaments","floor":4},{"not_picked":["Sword Boomerang","Cleave","Spot Weakness"],"picked":"SKIP","floor":5},{"not_picked":["Body Slam","Sword Boomerang","Rage"],"picked":"SKIP","floor":8},{"not_picked":["Heavy Blade","Burning Pact"],"picked":"Inflame","floor":10},{"not_picked":["Twin Strike","Wild Strike"],"picked":"Armaments","floor":11},{"not_picked":["Flex","Sever Soul","Perfected Strike"],"picked":"SKIP","floor":12},{"not_picked":["Headbutt","Cleave"],"picked":"Reaper","floor":13},{"not_picked":["Entrench","Power Through"],"picked":"Whirlwind","floor":14},{"not_picked":["Bludgeon","Berserk"],"picked":"Barricade","floor":16},{"not_picked":["Havoc","Evolve+1"],"picked":"Rage","floor":18},{"not_picked":["Perfected Strike","Twin Strike"],"picked":"Ghostly Armor+1","floor":21},{"not_picked":["Thunderclap","Sword Boomerang","Rage"],"picked":"SKIP","floor":22},{"not_picked":["Anger+1","Sword Boomerang","Warcry"],"picked":"SKIP","floor":24},{"not_picked":["Perfected Strike","Carnage"],"picked":"Metallicize","floor":25},{"not_picked":["Dual Wield","Searing Blow","Burning Pact+1"],"picked":"SKIP","floor":28},{"not_picked":["Rampage","Armaments","Heavy Blade"],"picked":"SKIP","floor":30},{"not_picked":["Corruption","Anger","Clash"],"picked":"SKIP","floor":31},{"not_picked":["Reaper","Berserk"],"picked":"Offering","floor":33},{"not_picked":["Pommel Strike","Rage","Clash"],"picked":"SKIP","floor":35},{"not_picked":["Forethought","Sadistic Nature"],"picked":"Good Instincts","floor":38},{"not_picked":["Sadistic Nature","Forethought"],"picked":"Violence","floor":38},{"not_picked":["Sword Boomerang","Disarm+1","Inflame"],"picked":"SKIP","floor":40},{"not_picked":["Infernal Blade+1","Inflame+1"],"picked":"Shrug It Off+1","floor":41},{"not_picked":["Heavy Blade+1","Sever Soul+1"],"picked":"Flex+1","floor":42},{"not_picked":["Brutality","Perfected Strike","Burning Pact"],"picked":"SKIP","floor":44},{"not_picked":["Heavy Blade+1","Armaments","Flame Barrier+1"],"picked":"SKIP","floor":46},{"not_picked":["Burning Pact","Whirlwind"],"picked":"Seeing Red+1","floor":48}],"player_experience":228179,"relics_obtained":[{"floor":9,"key":"Thread and Needle"},{"floor":14,"key":"Ice Cream"},{"floor":19,"key":"Necronomicon"},{"floor":25,"key":"Akabeko"},{"floor":36,"key":"Ginger"},{"floor":43,"key":"Ornamental Fan"}],"event_choices":[{"damage_healed":0,"gold_gain":0,"player_choice":"Take Damage","damage_taken":20,"relics_obtained":["Golden Idol"],"max_hp_gain":0,"max_hp_loss":0,"event_name":"Golden Idol","floor":3,"gold_loss":0},{"damage_healed":0,"gold_gain":0,"player_choice":"Bought 1 Potion","damage_taken":0,"max_hp_gain":0,"max_hp_loss":0,"event_name":"The Woman in Blue","floor":7,"gold_loss":0},{"damage_healed":0,"gold_gain":0,"player_choice":"Obtained Book","damage_taken":16,"max_hp_gain":0,"max_hp_loss":0,"event_name":"Cursed Tome","floor":19,"gold_loss":0},{"cards_removed":["Strike_R"],"damage_healed":0,"gold_gain":0,"player_choice":"Gave Gold","damage_taken":0,"max_hp_gain":0,"max_hp_loss":0,"event_name":"Beggar","floor":20,"gold_loss":75},{"damage_healed":0,"gold_gain":0,"player_choice":"Fight","damage_taken":0,"max_hp_gain":0,"max_hp_loss":0,"event_name":"Mysterious Sphere","floor":36,"gold_loss":0},{"damage_healed":0,"gold_gain":0,"player_choice":"Embrace Madness","damage_taken":10,"max_hp_gain":0,"max_hp_loss":0,"event_name":"Winding Halls","floor":37,"gold_loss":0,"cards_obtained":["Madness","Madness"]},{"damage_healed":0,"gold_gain":0,"player_choice":"Memory 2","damage_taken":5,"max_hp_gain":0,"max_hp_loss":0,"event_name":"SensoryStone","floor":38,"gold_loss":0},{"damage_healed":0,"gold_gain":333,"player_choice":"Gave Idol","damage_taken":0,"max_hp_gain":0,"max_hp_loss":0,"event_name":"The Moai Head","floor":39,"relics_lost":["Golden Idol"],"gold_loss":0},{"damage_healed":0,"gold_gain":0,"cards_transformed":["Strike_R"],"player_choice":"Transformed","damage_taken":0,"max_hp_gain":0,"max_hp_loss":0,"event_name":"Transmorgrifier","floor":45,"gold_loss":0,"cards_obtained":["Havoc"]}],"is_beta":false,"boss_relics":[{"not_picked":["Cursed Key","Runic Pyramid"],"picked":"Fusion Hammer"},{"not_picked":["Sozu","Tiny House"],"picked":"Philosopher\u0027s Stone"}],"items_purged_floors":[2,47],"is_endless":false,"potions_floor_spawned":[4,5,8,11,13,21,22,28,30,41,44,46,48],"killed_by":"Shield and Spear","ascension_level":0}}