{"host":"8anmd7ibyxevnonj","time":1612274584,"event":{"mods":["BaseMod","Curses Come First","Glutton Mod","Marisa????????","Minty Spire (QoL Compilation)","StSLib","The Cursed","The Marked"],"gold_per_floor":[109,109,34,49,60,60,75,109,179,179,179,190,209,227,227,227,227],"floor_reached":16,"language":"ENG","playtime":2861,"items_purged":["Regret"],"score":129,"play_id":"52898409-5f51-454e-910a-3d8efc1cf15a","local_time":"20210202150304","is_ascension_mode":false,"campfire_choices":[{"data":"Glutton:Thrombosis","floor":6,"key":"SMITH"},{"data":"Glutton:Thrombosis","floor":10,"key":"SMITH"},{"data":"Glutton:Treat","floor":15,"key":"SMITH"}],"circlet_count":0,"master_deck":["Glutton:Strike","Glutton:Strike","Glutton:Strike","Glutton:Strike","Glutton:Strike","Glutton:Strike","Glutton:Defend","Glutton:Defend","Glutton:Defend","Glutton:Flail","Glutton:Feed+1","Glutton:Thrombosis+1","Glutton:Thrombosis+1","Glutton:Treat+1","Glutton:LashOut","Glutton:Nostalgia","Glutton:SelfFlagellate","Glutton:LashOut"],"relics":["Glutton:EternalHunger","Peace Pipe","Glutton:Syringe","Glutton:HalfEatenSandwich"],"acts_visited":["Exordium"],"potions_floor_usage":[8,14,16],"damage_taken":[{"damage":9,"enemies":"2 Louse","floor":1,"turns":2},{"damage":8,"enemies":"Cultist","floor":4,"turns":4},{"damage":7,"enemies":"Small Slimes","floor":5,"turns":4},{"damage":44,"enemies":"Gremlin Gang","floor":7,"turns":8},{"damage":40,"enemies":"Gremlin Nob","floor":8,"turns":5},{"damage":11,"enemies":"Red Slaver","floor":12,"turns":3},{"damage":22,"enemies":"Large Slime","floor":13,"turns":6},{"damage":14,"enemies":"Blue Slaver","floor":14,"turns":4},{"damage":94,"enemies":"Slime Boss","floor":16,"turns":8}],"seed_played":"-6575680417472270393","potions_obtained":[{"floor":5,"key":"Strength Potion"},{"floor":7,"key":"Swift Potion"},{"floor":14,"key":"ColorlessPotion"}],"is_trial":false,"path_per_floor":["M","?","$","M","M","R","M","E","T","R","?","M","M","M","R","B"],"character_chosen":"GLUTTON","items_purchased":[],"campfire_rested":0,"item_purchase_floors":[],"current_hp_per_floor":[111,111,111,107,110,110,91,60,60,60,60,62,65,67,67,0,0],"gold":227,"neow_bonus":"ONE_RARE_RELIC","is_daily":false,"chose_seed":false,"campfire_upgraded":3,"win_rate":0.0,"timestamp":1612274584,"path_taken":["M","?","$","M","?","R","M","E","T","R","?","M","M","?","R","BOSS"],"items_purchased_type":[],"build_version":"2020-12-13","purchased_purges":1,"victory":false,"max_hp_per_floor":[120,120,120,124,128,128,132,132,132,132,132,137,142,147,147,147,147],"card_choices":[{"not_picked":["Glutton:Scab","Glutton:Masochism"],"picked":"Glutton:Feed","floor":1},{"not_picked":["Glutton:Masochism","Glutton:Demolish"],"picked":"Glutton:Thrombosis","floor":4},{"not_picked":["Glutton:Rest","Glutton:Brace"],"picked":"Glutton:Thrombosis","floor":5},{"not_picked":["Glutton:Yearn","Glutton:Salivate"],"picked":"Glutton:Treat","floor":7},{"not_picked":["Glutton:Brace","Glutton:BellySlam"],"picked":"Glutton:LashOut","floor":8},{"not_picked":["Glutton:GoldenArmor","Glutton:Chrysosphagy"],"picked":"Glutton:Nostalgia","floor":12},{"not_picked":["Glutton:KneeJerk","Glutton:LashOut"],"picked":"Glutton:SelfFlagellate","floor":13},{"not_picked":["Glutton:Demolish","Glutton:KneeJerk"],"picked":"Glutton:LashOut","floor":14}],"player_experience":8357,"relics_obtained":[{"floor":8,"key":"Glutton:Syringe"},{"floor":9,"key":"Glutton:HalfEatenSandwich"}],"event_choices":[{"damage_healed":0,"gold_gain":0,"player_choice":"Upgraded","damage_taken":0,"max_hp_gain":0,"max_hp_loss":0,"event_name":"Upgrade Shrine","floor":2,"gold_loss":0,"cards_upgraded":["Glutton:Feed"]},{"damage_healed":0,"gold_gain":0,"player_choice":"Ignored","damage_taken":0,"max_hp_gain":0,"max_hp_loss":0,"event_name":"NoteForYourself","floor":11,"gold_loss":0}],"is_beta":false,"boss_relics":[],"items_purged_floors":[3],"is_endless":false,"potions_floor_spawned":[5,7,14],"killed_by":"Slime Boss","ascension_level":0}}