{"host":"xxj0bkgoog7xyy18","time":1612227888,"event":{"mods":["BaseMod","Colored Map","Colored Powertips","Downfall","Googly Eyes","Hermit","Minty Spire (QoL Compilation)","StSLib"],"gold_per_floor":[99,117,131,149,169,169,193,218,18,53,65,85,85,98,123,123,123,123],"floor_reached":16,"language":"ENG","playtime":2707,"items_purged":[],"score":116,"play_id":"2e942c8f-a63f-4b14-a98e-6a46a93ad15a","local_time":"20210201180448","is_ascension_mode":false,"campfire_choices":[{"floor":1,"key":"RECALL"},{"data":"hexamod:CatchUp","floor":9,"key":"SMITH"},{"data":"hexamod:Firestarter","floor":13,"key":"SMITH"}],"circlet_count":0,"master_deck":["hexamod:Strike","hexamod:Strike","hexamod:Strike","hexamod:Strike","hexamod:Defend","hexamod:Defend","hexamod:Defend","hexamod:Defend","hexamod:Sear","hexamod:Float","hexamod:ShieldOfDarkness","hexamod:CatchUp+1","hexamod:HeatCrush","hexamod:ExtraCrispy","hexamod:CatchUp","hexamod:SkipABeat","hexamod:Firestarter+1","hexamod:SecondSeal","hexamod:ChargedBarrage","hexamod:HeatMetal"],"relics":["hexamod:SpiritBrand","Boot","Bag of Marbles","WingedGreaves","downfall:HeartBlessingRed","downfall:HeartBlessingBlue","Smiling Mask"],"acts_visited":["Exordium"],"potions_floor_usage":[8,16,16,16],"damage_taken":[{"damage":2,"enemies":"2 Louse","floor":2,"turns":3},{"damage":2,"enemies":"Small Slimes","floor":3,"turns":4},{"damage":0,"enemies":"Cultist","floor":4,"turns":3},{"damage":6,"enemies":"Large Slime","floor":5,"turns":4},{"damage":8,"enemies":"3 Sentries","floor":8,"turns":5},{"damage":4,"enemies":"Lagavulin","floor":10,"turns":6},{"damage":10,"enemies":"Exordium Wildlife","floor":11,"turns":6},{"damage":5,"enemies":"Exordium Thugs","floor":12,"turns":5},{"damage":6,"enemies":"3 Louse","floor":14,"turns":3},{"damage":13,"enemies":"Large Slime","floor":15,"turns":8},{"damage":14,"enemies":"SI_SHIV_ARCHETYPE","floor":16,"turns":8}],"seed_played":"-1538590892881783005","potions_obtained":[{"floor":4,"key":"ColorlessPotion"},{"floor":5,"key":"Slimebound:ThreeZeroPotion"},{"floor":8,"key":"ColorlessPotion"},{"floor":14,"key":"Weak Potion"},{"floor":15,"key":"BlessingOfTheForge"}],"is_trial":false,"path_per_floor":["R","M","M","M","M","?","T","E","R","E","M","M","R","M","M","B"],"character_chosen":"THE_SPIRIT","items_purchased":[],"campfire_rested":0,"item_purchase_floors":[],"current_hp_per_floor":[70,68,66,66,60,48,48,40,50,46,36,31,31,25,12,0,0,0],"gold":123,"neow_bonus":"RANDOM_COMMON_RELIC","is_daily":false,"chose_seed":false,"campfire_upgraded":2,"win_rate":0.0,"timestamp":1612227888,"path_taken":["R","M","M","M","M","?","T","E","R","E","M","M","R","M","M","BOSS"],"items_purchased_type":[],"build_version":"2020-12-22","purchased_purges":0,"victory":false,"max_hp_per_floor":[70,70,70,70,70,70,70,70,80,80,80,80,80,80,80,80,80,80],"card_choices":[{"not_picked":["hexamod:HeatShield","hexamod:RecurringNightmare"],"picked":"hexamod:ShieldOfDarkness","floor":2},{"not_picked":["hexamod:AdvancingGuard","hexamod:ThermalTransfer"],"picked":"hexamod:CatchUp","floor":3},{"not_picked":["hexamod:BacktrackSmack","hexamod:PhantomCloak"],"picked":"hexamod:HeatCrush","floor":4},{"not_picked":["hexamod:HauntingEcho","hexamod:GhostOfSpirePast"],"picked":"hexamod:ExtraCrispy","floor":5},{"not_picked":["hexamod:GiftsFromTheDead","hexamod:ParanormalForm"],"picked":"hexamod:CatchUp","floor":8},{"not_picked":["hexamod:Hexaguard","hexamod:SpectersWail"],"picked":"hexamod:SkipABeat","floor":10},{"not_picked":["hexamod:Incineration","hexamod:HeatShield"],"picked":"hexamod:Firestarter","floor":11},{"not_picked":["hexamod:Hexaguard","hexamod:GhostShield"],"picked":"hexamod:SecondSeal","floor":12},{"not_picked":["hexamod:ThermalTransfer","hexamod:SpectersWail"],"picked":"hexamod:ChargedBarrage","floor":14},{"not_picked":["hexamod:BurningTouch","hexamod:StepThrough"],"picked":"hexamod:HeatMetal","floor":15}],"player_experience":190701,"relics_obtained":[{"floor":8,"key":"WingedGreaves"},{"floor":10,"key":"Smiling Mask"}],"event_choices":[{"damage_healed":0,"gold_gain":0,"player_choice":"Success","damage_taken":12,"relics_obtained":["Bag of Marbles"],"max_hp_gain":0,"max_hp_loss":0,"event_name":"Scrap Ooze","floor":6,"gold_loss":0}],"is_beta":false,"boss_relics":[],"items_purged_floors":[],"is_endless":false,"potions_floor_spawned":[4,5,8,14,15],"killed_by":"SI_SHIV_ARCHETYPE","ascension_level":0}}