{"host":"3tyeyqdkopu0dn2g","time":1612252394,"event":{"mods":["AchievementEnabler","BaseMod","BetterRewards","Minty Spire (QoL Compilation)","Quick Restart","Shop Mod","noobMod"],"gold_per_floor":[117,129,142,156,89,89,119,132,201,231,247,247,258,133,133,238,238,256,326,81,100,54,54,83,83,83,117,128,146,146,159,159,258,258,271,287,137,151,201,233,233,268,268,294,314,314,344,357,357,357,357,357,33,60,60],"floor_reached":56,"language":"ZHS","playtime":2586,"items_purged":["Strike_G","Strike_G","Strike_G","Strike_G","Strike_G"],"score":1703,"play_id":"f3a533ce-9a38-42ac-a086-ea98bce248d3","local_time":"20210202155314","is_ascension_mode":true,"campfire_choices":[{"data":"Accuracy","floor":6,"key":"SMITH"},{"data":"Blade Dance","floor":12,"key":"SMITH"},{"data":"Concentrate","floor":15,"key":"SMITH"},{"data":"Blade Dance","floor":23,"key":"SMITH"},{"data":"Adrenaline","floor":30,"key":"SMITH"},{"data":"Acrobatics","floor":32,"key":"SMITH"},{"data":"Acrobatics","floor":41,"key":"SMITH"},{"data":"Panache","floor":46,"key":"SMITH"},{"floor":49,"key":"RECALL"},{"data":"Neutralize","floor":52,"key":"SMITH"}],"circlet_count":0,"master_deck":["Defend_G","Defend_G","Defend_G","Defend_G","Defend_G","Survivor","Neutralize+1","Infinite Blades","Panache+1","Blade Dance+1","Blade Dance+1","Accuracy+1","Concentrate+1","Acrobatics+1","Acrobatics+1","Adrenaline+1","Prepared+1","Cloak And Dagger+1","Cloak And Dagger+1","Phantasmal Killer+1","Terror+1","Caltrops"],"relics":["Ring of the Snake","ice","Mercury Hourglass","Mummified Hand","Mango","HoveringKite","Toxic Egg 2","Shuriken","PreservedInsect","Bag of Preparation","Coffee Dripper","CaptainsWheel","Potion Belt","Bag of Marbles","Tough Bandages","Juzu Bracelet","Vajra","Pen Nib","Unceasing Top"],"acts_visited":["Exordium","TheCity","TheBeyond","TheEnding"],"potions_floor_usage":[18,50,50,50,55,55,55,55],"damage_taken":[{"damage":0.0,"enemies":"Cultist","floor":1.0,"turns":4.0},{"damage":0.0,"enemies":"Small Slimes","floor":2.0,"turns":3.0},{"damage":0,"enemies":"2 Louse","floor":3,"turns":2},{"damage":1,"enemies":"Looter","floor":4,"turns":3},{"damage":2,"enemies":"3 Sentries","floor":7,"turns":3},{"damage":8,"enemies":"Exordium Thugs","floor":8,"turns":3},{"damage":7,"enemies":"Gremlin Nob","floor":10,"turns":3},{"damage":0,"enemies":"Lots of Slimes","floor":11,"turns":1},{"damage":0,"enemies":"2 Fungi Beasts","floor":13,"turns":2},{"damage":11,"enemies":"The Guardian","floor":16,"turns":8},{"damage":1,"enemies":"2 Thieves","floor":18,"turns":2},{"damage":5,"enemies":"Shell Parasite","floor":21,"turns":3},{"damage":8,"enemies":"Gremlin Leader","floor":24,"turns":3},{"damage":0,"enemies":"Book of Stabbing","floor":27,"turns":1},{"damage":0,"enemies":"Snake Plant","floor":28,"turns":2},{"damage":0,"enemies":"Centurion and Healer","floor":29,"turns":2},{"damage":0,"enemies":"Snecko","floor":31,"turns":1},{"damage":5,"enemies":"Automaton","floor":33,"turns":3},{"damage":0,"enemies":"3 Darklings","floor":35,"turns":1},{"damage":0,"enemies":"Orb Walker","floor":36,"turns":1},{"damage":0,"enemies":"Spire Growth","floor":38,"turns":2},{"damage":0,"enemies":"Mind Bloom Boss Battle","floor":39,"turns":2},{"damage":0,"enemies":"Reptomancer","floor":40,"turns":2},{"damage":0,"enemies":"Giant Head","floor":42,"turns":2},{"damage":0,"enemies":"Reptomancer","floor":44,"turns":1},{"damage":0,"enemies":"Jaw Worm Horde","floor":45,"turns":1},{"damage":0,"enemies":"Giant Head","floor":47,"turns":1},{"damage":0,"enemies":"3 Darklings","floor":48,"turns":1},{"damage":25,"enemies":"Time Eater","floor":50,"turns":3},{"damage":0,"enemies":"Shield and Spear","floor":54,"turns":2},{"damage":20,"enemies":"The Heart","floor":55,"turns":3}],"seed_played":"9124904194206995711","potions_obtained":[{"floor":3,"key":"Explosive Potion"},{"floor":8,"key":"CultistPotion"},{"floor":10,"key":"GamblersBrew"},{"floor":21,"key":"Strength Potion"},{"floor":25,"key":"EntropicBrew"},{"floor":25,"key":"GhostInAJar"},{"floor":27,"key":"DuplicationPotion"},{"floor":40,"key":"Strength Potion"},{"floor":42,"key":"SpeedPotion"}],"is_trial":false,"path_per_floor":["M","M","M","M","$","R","E","M","T","E","M","R","M","$","R","B",null,"M","T","$","M","$","R","E","?","T","E","M","M","R","M","R","B",null,"M","M","$","M","?","E","R","E","T","E","M","R","E","M","R","B",null,"R","$","E","B",null],"character_chosen":"THE_SILENT","items_purchased":["Infinite Blades","Panache","Accuracy","Shuriken","Prepared+1","Pen Nib"],"campfire_rested":0,"item_purchase_floors":[0,0,5,20,22,53],"current_hp_per_floor":[56,56,56,55,55,55,53,45,45,52,52,52,52,52,52,41,84,83,83,83,78,78,78,70,70,70,70,70,70,70,70,70,65,84,84,84,84,84,84,84,84,84,84,84,84,84,84,84,84,59,84,84,84,84,64],"gold":60,"neow_bonus":"","is_daily":false,"chose_seed":false,"campfire_upgraded":9,"win_rate":0.0,"timestamp":1612252394,"path_taken":["M","M","M","M","$","R","E","M","T","E","M","R","M","$","R","BOSS","M","?","$","?","?","R","E","?","T","E","M","?","R","M","R","BOSS","M","M","$","M","?","E","R","E","T","E","M","R","E","M","R","BOSS","R","$","E","BOSS"],"items_purchased_type":["Card","Card","Card","Relic","Card","Relic"],"build_version":"2020-12-22","purchased_purges":5,"victory":true,"max_hp_per_floor":[70,70,70,70,70,70,70,70,70,84,84,84,84,84,84,84,84,84,84,84,84,84,84,84,84,84,84,84,84,84,84,84,84,84,84,84,84,84,84,84,84,84,84,84,84,84,84,84,84,84,84,84,84,84,84],"card_choices":[{"not_picked":["Riddle With Holes","Endless Agony"],"picked":"Blade Dance","floor":1.0},{"not_picked":["Dagger Spray","Deflect"],"picked":"Blade Dance","floor":2.0},{"not_picked":["Caltrops","Sucker Punch","Blade Dance"],"picked":"SKIP","floor":3},{"not_picked":["Poisoned Stab","Corpse Explosion","Blade Dance"],"picked":"SKIP","floor":4},{"not_picked":["Outmaneuver","Blade Dance"],"picked":"Concentrate","floor":7},{"not_picked":["Backstab","Bane"],"picked":"Acrobatics","floor":8},{"not_picked":["Flying Knee","Deflect","Well Laid Plans"],"picked":"SKIP","floor":10},{"not_picked":["Prepared","Eviscerate"],"picked":"Acrobatics","floor":11},{"not_picked":["Setup","Finisher","Leg Sweep"],"picked":"SKIP","floor":13},{"not_picked":["Venomology","Die Die Die"],"picked":"Adrenaline","floor":16},{"not_picked":["Outmaneuver+1","Endless Agony+1","Heel Hook"],"picked":"SKIP","floor":18},{"not_picked":["Bane+1","Masterful Stab","Outmaneuver+1"],"picked":"SKIP","floor":21},{"not_picked":["Doppelganger+1","Dash","Acrobatics+1"],"picked":"SKIP","floor":24},{"not_picked":["Malaise+1","Quick Slash"],"picked":"Cloak And Dagger+1","floor":27},{"not_picked":["Setup+1","Dagger Spray"],"picked":"Cloak And Dagger+1","floor":28},{"not_picked":["Deadly Poison+1","Dagger Throw","Dash+1"],"picked":"SKIP","floor":29},{"not_picked":["Dodge and Roll+1","Deadly Poison+1","Predator+1"],"picked":"SKIP","floor":31},{"not_picked":["Corpse Explosion+1","A Thousand Cuts"],"picked":"Phantasmal Killer+1","floor":33},{"not_picked":["Blade Dance+1","Expertise+1","Acrobatics+1"],"picked":"SKIP","floor":35},{"not_picked":["Outmaneuver+1","Concentrate+1","Distraction+1"],"picked":"SKIP","floor":36},{"not_picked":["Leg Sweep+1","Expertise+1","Deflect+1"],"picked":"SKIP","floor":38},{"not_picked":["Leg Sweep+1","Expertise+1","Deflect+1"],"picked":"SKIP","floor":38},{"not_picked":["Crippling Poison+1","Flying Knee+1","Prepared+1"],"picked":"SKIP","floor":40},{"not_picked":["Blur+1","Predator+1","Crippling Poison+1"],"picked":"SKIP","floor":42},{"not_picked":["Well Laid Plans+1","Dagger Throw"],"picked":"Terror+1","floor":44},{"not_picked":["Outmaneuver+1","Heel Hook","Reflex+1"],"picked":"SKIP","floor":45},{"not_picked":["Endless Agony+1","Catalyst+1","Deadly Poison+1"],"picked":"SKIP","floor":47},{"not_picked":["Dodge and Roll+1","Slice","Deadly Poison+1"],"picked":"SKIP","floor":48},{"not_picked":["Outmaneuver+1","PiercingWail+1"],"picked":"Caltrops","floor":54}],"player_experience":155061,"relics_obtained":[{"floor":7,"key":"Mercury Hourglass"},{"floor":9,"key":"Mummified Hand"},{"floor":10,"key":"Mango"},{"floor":19,"key":"Toxic Egg 2"},{"floor":24,"key":"PreservedInsect"},{"floor":27,"key":"Bag of Preparation"},{"floor":39,"key":"CaptainsWheel"},{"floor":40,"key":"Potion Belt"},{"floor":42,"key":"Bag of Marbles"},{"floor":43,"key":"Tough Bandages"},{"floor":44,"key":"Juzu Bracelet"},{"floor":47,"key":"Vajra"},{"floor":54,"key":"Unceasing Top"}],"event_choices":[{"damage_healed":0,"gold_gain":0,"player_choice":"Got Potions","damage_taken":0,"max_hp_gain":0,"max_hp_loss":0,"event_name":"Lab","floor":25,"gold_loss":0},{"damage_healed":0,"gold_gain":0,"player_choice":"Fight","damage_taken":0,"max_hp_gain":0,"max_hp_loss":0,"event_name":"MindBloom","floor":39,"gold_loss":0}],"is_beta":false,"boss_relics":[{"not_picked":["SlaversCollar","Runic Dome"],"picked":"HoveringKite"},{"not_picked":["Sozu","SacredBark"],"picked":"Coffee Dripper"}],"items_purged_floors":[0,0,14,37,53],"is_endless":false,"potions_floor_spawned":[3,8,10,13,21,27,28,31,33,38,40,42,47],"ascension_level":4}}