{"host":"fortuna","time":1612286917,"event":{"mods":["100% Spire Juice","Act Like it!","Arknights","BaseMod","Downfall","Gensokyo","Hallownest","Luminous","Minty Spire (QoL Compilation)","Reimu£®≤©¿ˆ¡È√Œ£©","Relic Stats","StSLib","The Administrix","Waifu the Spire","WarShipGirlsR/’ΩΩ¢…Ÿ≈ÆR mod","Yakumo Yukari mod"],"gold_per_floor":[110,126,126,56,56,88,88,117,117,117,144,154,34,57,57,160,160,180,0,18,28,28,62,32,58,12,30,65,85,105,431,191,294,294,307,307,307,319,339,370,380,400,424,454,454,467,508,38,38,38,38,38,38,75,75],"floor_reached":56,"language":"ZHS","playtime":2724,"items_purged":["Moonworks:MiracleWalker"],"score":1636,"play_id":"ea7d3999-04d4-4ec9-87e5-052144596244","local_time":"20210203012837","is_ascension_mode":true,"campfire_choices":[{"data":"Moonworks:TreasureThief","floor":7.0,"key":"SMITH"},{"data":"Moonworks:StiffCrystal","floor":15.0,"key":"SMITH"},{"data":"Moonworks:AnotherUltimateWeapon","floor":32.0,"key":"SMITH"},{"floor":45,"key":"RECALL"},{"data":"Moonworks:PlushieMaster","floor":49,"key":"SMITH"},{"data":"Moonworks:MetallicMonocoque","floor":52,"key":"SMITH"}],"circlet_count":0,"master_deck":["Moonworks:Strike","Moonworks:Strike","Moonworks:Strike+1","Moonworks:Strike","Moonworks:Defend","Moonworks:Defend","Moonworks:Defend","Moonworks:Defend","Moonworks:Ambush","Moonworks:LongDistanceShot","Moonworks:Dinner","Moonworks:BigMagnum+1","Gensokyo:CrescentMoonSlash","Moonworks:TreasureThief+1","Moonworks:StiffCrystal+1","Moonworks:LulusLuckyEgg","Moonworks:RedAndBlue","Moonworks:NicePresent+1","Moonworks:EvilSpyWorkPreparation","Moonworks:CloudOfSeagulls+1","Moonworks:Bloodlust+1","Moonworks:UnpaidWork","Moonworks:WeAreWaruda","Moonworks:SweetBattle+1","Moonworks:CrystalBarrier","Moonworks:AwakeningOfTalent","Moonworks:LuckyCharm+1","Moonworks:AnotherUltimateWeapon","Moonworks:ImOnFire+1","Moonworks:ForcedRevival+1","Moonworks:NicePresent+1","Moonworks:NicePresent","Moonworks:IndiscriminateFireSupport+1","Moonworks:PlushieMaster+1","Moonworks:MetallicMonocoque+1","Moonworks:AnotherUltimateWeapon","Moonworks:MeltingMemories"],"relics":["Moonworks:BrokenBomb","Moonworks:Homemark","NeowsBlessing","Torii","Calipers","Pantograph","Gensokyo:CelestialsFlawlessClothing","Smiling Mask","Philosopher\u0027s Stone","Gensokyo:MaskOfHope","Gensokyo:ConquerorOfFear","Pen Nib","RuthlessExorcism:ReiMu","Tea:ReiMu","Oddly Smooth Stone","Old Coin","RedLine:ReiMu","Lantern","Vajra","Juzu Bracelet","CeramicFish","DollysMirror","Bag of Marbles"],"acts_visited":["Gensokyo:Gensokyo","Gensokyo:Gensokyoer","Gensokyo:Gensokyoest","TheEnding"],"potions_floor_usage":[],"damage_taken":[{"damage":0.0,"enemies":"Gensokyo:Gryphon","floor":1.0,"turns":1.0},{"damage":0.0,"enemies":"Gensokyo:Python","floor":2.0,"turns":1.0},{"damage":0.0,"enemies":"Gensokyo:Cirno","floor":6.0,"turns":2.0},{"damage":32.0,"enemies":"Gensokyo:Mamizou","floor":8.0,"turns":9.0},{"damage":7.0,"enemies":"Gensokyo:Aya","floor":11.0,"turns":5.0},{"damage":2.0,"enemies":"Gensokyo:3_Fairies","floor":12.0,"turns":4.0},{"damage":29.0,"enemies":"Gensokyo:Kokoro","floor":16.0,"turns":11.0},{"damage":6.0,"enemies":"Gensokyo:2_Gloops","floor":18.0,"turns":4.0},{"damage":6.0,"enemies":"Gensokyo:3_Dogs","floor":20.0,"turns":4.0},{"damage":6.0,"enemies":"Gensokyo:3_Gloops","floor":21.0,"turns":4.0},{"damage":16.0,"enemies":"Gensokyo:Koishi","floor":23.0,"turns":6.0},{"damage":33.0,"enemies":"Gensokyo:Tenshi","floor":25.0,"turns":4.0},{"damage":10.0,"enemies":"Gensokyo:Wraith","floor":27.0,"turns":4.0},{"damage":6.0,"enemies":"Gensokyo:Reisen","floor":28.0,"turns":4.0},{"damage":6.0,"enemies":"Gensokyo:Chomper_and_Gloop","floor":29.0,"turns":4.0},{"damage":4.0,"enemies":"Gensokyo:3_Gloops","floor":30.0,"turns":4.0},{"damage":25.0,"enemies":"Gensokyo:Koishi","floor":31.0,"turns":5.0},{"damage":27.0,"enemies":"Gensokyo:Kaguya","floor":33.0,"turns":9.0},{"damage":0.0,"enemies":"Gensokyo:3_Boulders","floor":35.0,"turns":4.0},{"damage":4,"enemies":"Gensokyo:AncientGuardian","floor":38,"turns":4},{"damage":0,"enemies":"Gensokyo:Dusk_and_Dawn","floor":39,"turns":5},{"damage":6,"enemies":"Gensokyo:Kasen","floor":40,"turns":3},{"damage":3,"enemies":"Gensokyo:4_Bats","floor":41,"turns":3},{"damage":0,"enemies":"Gensokyo:SeedOfUnknown","floor":42,"turns":5},{"damage":0,"enemies":"Gensokyo:Doremy","floor":44,"turns":5},{"damage":6,"enemies":"Gensokyo:Rafflesia","floor":46,"turns":5},{"damage":11,"enemies":"Gensokyo:Kasen","floor":47,"turns":4},{"damage":4,"enemies":"Gensokyo:Scarlet_Devils","floor":50,"turns":6},{"damage":0,"enemies":"Shield and Spear","floor":54,"turns":5},{"damage":48,"enemies":"The Heart","floor":55,"turns":8}],"seed_played":"-4339566217343681916","potions_obtained":[{"floor":2.0,"key":"ColorlessPotion"},{"floor":6.0,"key":"Block Potion"},{"floor":12.0,"key":"BlessingOfTheForge"},{"floor":18.0,"key":"Fire Potion"},{"floor":25.0,"key":"LiquidBronze"},{"floor":27.0,"key":"Regen Potion"},{"floor":30.0,"key":"PowerPotion"},{"floor":38,"key":"SteroidPotion"},{"floor":44,"key":"EntropicBrew"}],"is_trial":false,"path_per_floor":["M","M","?","?","$","E","R","E","T","?","E","M","$","T","R","B",null,"M","?","M","M","?","E","?","E","T","M","E","M","M","E","R","B",null,"M","?","?","M","M","E","M","M","T","E","R","M","E","$","R","B",null,"R","$","E","B",null],"character_chosen":"THE_STARBREAKER","items_purchased":["Moonworks:PlushieMaster","Moonworks:MetallicMonocoque","DollysMirror"],"campfire_rested":0,"item_purchase_floors":[48,48,48],"current_hp_per_floor":[60,60,51,51,51,51,51,25,25,10,8,11,11,11,11,13,60,60,60,60,54,54,38,38,24,24,16,51,50,60,60,60,60,60,60,60,60,60,60,54,59,60,60,60,60,60,60,60,60,60,60,60,60,60,38],"gold":75,"neow_bonus":"THREE_ENEMY_KILL","is_daily":false,"chose_seed":false,"campfire_upgraded":5,"win_rate":0.0,"timestamp":1612286917,"path_taken":["M","M","?","?","$","E","R","E","T","?","E","?","?","?","R","BOSS","M","?","M","M","?","E","?","E","T","M","E","M","?","E","R","BOSS","M","?","?","?","M","E","?","M","T","E","R","M","E","$","R","BOSS","R","$","E","BOSS"],"items_purchased_type":["Card","Card","Relic"],"build_version":"2020-12-18","purchased_purges":1,"victory":true,"max_hp_per_floor":[60,60,60,60,60,60,60,60,60,60,60,60,60,60,60,60,60,60,60,60,60,60,60,60,60,60,60,60,60,60,60,60,60,60,60,60,60,60,60,60,60,60,60,60,60,60,60,60,60,60,60,60,60,60,60],"relic_stats":{"Torii":32,"counters":[30,142],"Pantograph":25,"CeramicFish":45,"Pen Nib":[16],"Juzu Bracelet":0,"Smiling Mask":25,"obtain_stats":[{"Lantern":40,"Calipers":8,"Torii":6,"CeramicFish":47,"Gensokyo:UndefinedDarkness":22,"Tea:ReiMu":26,"Vajra":43,"Juzu Bracelet":44,"Smiling Mask":11,"Old Coin":31,"RedLine:ReiMu":34,"Frozen Eye":23,"DollysMirror":48,"Pantograph":9,"Philosopher\u0027s Stone":17,"Gensokyo:MaskOfHope":19,"NeowsBlessing":0,"Oddly Smooth Stone":28,"Pen Nib":23,"Gensokyo:ConquerorOfFear":23,"Gensokyo:CelestialsFlawlessClothing":10,"Moonworks:Homemark":0,"Bag of Marbles":54,"Moonworks:BrokenBomb":0,"RuthlessExorcism:ReiMu":25},{"Lantern":22,"Calipers":4,"Torii":3,"CeramicFish":27,"Gensokyo:UndefinedDarkness":10,"Tea:ReiMu":12,"Vajra":24,"Juzu Bracelet":25,"Smiling Mask":5,"Old Coin":17,"RedLine:ReiMu":18,"Frozen Eye":10,"DollysMirror":27,"Pantograph":4,"Philosopher\u0027s Stone":7,"Gensokyo:MaskOfHope":8,"NeowsBlessing":0,"Oddly Smooth Stone":14,"Pen Nib":11,"Gensokyo:ConquerorOfFear":11,"Gensokyo:CelestialsFlawlessClothing":4,"Moonworks:Homemark":0,"Bag of Marbles":29,"Moonworks:BrokenBomb":0,"RuthlessExorcism:ReiMu":12},{"Lantern":101,"Calipers":13,"Torii":4,"CeramicFish":123,"Gensokyo:UndefinedDarkness":45,"Tea:ReiMu":55,"Vajra":109,"Juzu Bracelet":114,"Smiling Mask":18,"Old Coin":76,"RedLine:ReiMu":85,"Frozen Eye":45,"DollysMirror":123,"Pantograph":13,"Philosopher\u0027s Stone":33,"Gensokyo:MaskOfHope":37,"NeowsBlessing":0,"Oddly Smooth Stone":63,"Pen Nib":51,"Gensokyo:ConquerorOfFear":51,"Gensokyo:CelestialsFlawlessClothing":13,"Moonworks:Homemark":0,"Bag of Marbles":134,"Moonworks:BrokenBomb":0,"RuthlessExorcism:ReiMu":55}]},"card_choices":[{"not_picked":["Moonworks:ImOnFire","Moonworks:SealedMemories"],"picked":"Moonworks:Dinner","floor":1.0},{"not_picked":["Moonworks:BackdoorTrade","Moonworks:MixPhenomenon"],"picked":"Moonworks:BigMagnum","floor":2.0},{"not_picked":["Moonworks:CookingTime","Moonworks:CloudOfSeagulls"],"picked":"Moonworks:TreasureThief","floor":6.0},{"not_picked":["Moonworks:IndiscriminateFireSupport","Moonworks:ReproductionOfRecords"],"picked":"Moonworks:StiffCrystal","floor":8.0},{"not_picked":["Moonworks:Assault","Moonworks:SakisCookie"],"picked":"Moonworks:LulusLuckyEgg","floor":11.0},{"not_picked":["Moonworks:EvilSpyWorkPreparation","Moonworks:Poppoformation"],"picked":"Moonworks:RedAndBlue","floor":12.0},{"not_picked":["Moonworks:Wanted","Moonworks:SinkOrSwim"],"picked":"Moonworks:AnotherUltimateWeapon","floor":16.0},{"not_picked":["Moonworks:Assault","Moonworks:EvilSpyWorkPreparation"],"picked":"Moonworks:NicePresent+1","floor":18.0},{"not_picked":["Moonworks:Heat300Percent","Moonworks:BigBangBell+1"],"picked":"Moonworks:EvilSpyWorkPreparation","floor":20.0},{"not_picked":["Moonworks:Assault+1","Moonworks:Poppoformation"],"picked":"Moonworks:CloudOfSeagulls+1","floor":21.0},{"not_picked":["Moonworks:FinalSurgery+1","Moonworks:SakisCookie+1"],"picked":"Moonworks:Bloodlust+1","floor":23.0},{"not_picked":[],"picked":"Moonworks:UnpaidWork","floor":24.0},{"not_picked":[],"picked":"Moonworks:WeAreWaruda","floor":24.0},{"not_picked":["Moonworks:CastOff+1","Moonworks:SubspaceTunnel"],"picked":"Moonworks:SweetBattle+1","floor":25.0},{"not_picked":["Moonworks:SweetBattle","Moonworks:CloudOfSeagulls","Moonworks:Dinner+1"],"picked":"SKIP","floor":27.0},{"not_picked":["Moonworks:SakisCookie","Moonworks:BigMagnum"],"picked":"Moonworks:CrystalBarrier","floor":28.0},{"not_picked":["Moonworks:LulusLuckyEgg+1","Moonworks:BigMagnum"],"picked":"Moonworks:MiracleWalker","floor":29.0},{"not_picked":["Moonworks:EvilSpyWorkPreparation","Moonworks:Assault"],"picked":"Moonworks:AwakeningOfTalent","floor":30.0},{"not_picked":["Moonworks:RagingMadness","Moonworks:LeapThroughSpace"],"picked":"Moonworks:LuckyCharm+1","floor":31.0},{"not_picked":["Moonworks:SinkOrSwim","Moonworks:RocketCannon"],"picked":"Moonworks:AnotherUltimateWeapon","floor":33.0},{"not_picked":["Moonworks:CloudOfSeagulls+1","Moonworks:Assault+1","Moonworks:EvilSpyWorkPreparation+1"],"picked":"SKIP","floor":35.0},{"not_picked":["Moonworks:FinalSurgery","Moonworks:SakisCookie+1"],"picked":"Moonworks:ImOnFire+1","floor":38},{"not_picked":["Moonworks:LulusLuckyEgg","Moonworks:RagingMadness","Moonworks:BigMagnum"],"picked":"SKIP","floor":39},{"not_picked":["Moonworks:BigMagnum+1","Moonworks:ImOnFire"],"picked":"Moonworks:ForcedRevival+1","floor":40},{"not_picked":["Moonworks:IntelligenceOfficer","Moonworks:BigMagnum+1"],"picked":"Moonworks:NicePresent+1","floor":41},{"not_picked":["Moonworks:IndiscriminateFireSupport","Moonworks:BigMagnum+1"],"picked":"Moonworks:NicePresent","floor":42},{"not_picked":["Moonworks:SelfDestruct","Moonworks:IndiscriminateFireSupport","Moonworks:SealedMemories+1"],"picked":"SKIP","floor":44},{"not_picked":["Moonworks:SakisCookie+1","Moonworks:CloudOfSeagulls","Moonworks:TacticalRetreat+1"],"picked":"SKIP","floor":46},{"not_picked":["Moonworks:IntelligenceOfficer+1","Moonworks:Bloodlust"],"picked":"Moonworks:IndiscriminateFireSupport+1","floor":47},{"not_picked":["Moonworks:IndiscriminateFireSupport","Moonworks:SakisCookie+1"],"picked":"Moonworks:MeltingMemories","floor":54}],"player_experience":307288,"relics_obtained":[{"floor":6.0,"key":"Torii"},{"floor":8.0,"key":"Calipers"},{"floor":9.0,"key":"Pantograph"},{"floor":11.0,"key":"Smiling Mask"},{"floor":23.0,"key":"Gensokyo:ConquerorOfFear"},{"floor":23.0,"key":"Pen Nib"},{"floor":25.0,"key":"RuthlessExorcism:ReiMu"},{"floor":26.0,"key":"Tea:ReiMu"},{"floor":28.0,"key":"Oddly Smooth Stone"},{"floor":31.0,"key":"Old Coin"},{"floor":40,"key":"Lantern"},{"floor":43,"key":"Vajra"},{"floor":44,"key":"Juzu Bracelet"},{"floor":47,"key":"CeramicFish"},{"floor":54,"key":"Bag of Marbles"}],"event_choices":[],"is_beta":true,"boss_relics":[{"not_picked":["Velvet Choker","Ectoplasm"],"picked":"Philosopher\u0027s Stone"},{"not_picked":["bronze:MakeshiftBattery","Fusion Hammer"],"picked":"RedLine:ReiMu"}],"items_purged_floors":[48],"is_endless":false,"potions_floor_spawned":[2,6,12,18,25,27,30,38,42,44,54],"ascension_level":2}}