{"host":"g7mkzn6qfoxkk5sz","time":1612253340,"event":{"mods":["BaseMod","Colored Map","Colored Powertips","Downfall","Minty Spire (QoL Compilation)","StSLib"],"gold_per_floor":[199,215,231,231,250,250,276,576,576,640,317,49,49,76,91,194,194,194,208,219,61,61,79,88,88,22,22,48,90,90,117,145,253,280,280,26,61,61,87,116,148,148,167,185,221,221,265,265,291,291],"floor_reached":51,"language":"ENG","playtime":2586,"items_purged":["Regret","downfall:Icky","downfall:Icky"],"score":893,"play_id":"1d975020-9bba-43f3-b230-609916194588","local_time":"20210202100900","is_ascension_mode":false,"campfire_choices":[{"data":"Guardian:TwinSlam","floor":1,"key":"SMITH"},{"data":"Guardian:SpikerProtocol","floor":9,"key":"SMITH"},{"floor":13,"key":"REST"},{"data":"Guardian:TimeBomb","floor":18,"key":"SMITH"},{"data":"Guardian:ArmoredProtocol","floor":25,"key":"SMITH"},{"data":"Guardian:DecasProtection","floor":27,"key":"SMITH"},{"data":"Guardian:CurlUp","floor":35,"key":"SMITH"},{"data":"Guardian:TimeBomb","floor":42,"key":"SMITH"},{"floor":46,"key":"REST"}],"circlet_count":0,"master_deck":["Guardian:Strike_Guardian","Guardian:Defend_Guardian","Guardian:CurlUp+1","Guardian:TwinSlam+1","Guardian:SpikerProtocol+1","Guardian:Incinerate","downfall:Icky","Guardian:PiercingHide","Guardian:PiercingHide","Guardian:PrimingBeam","Guardian:SpikerProtocol","Guardian:ExploitGems","Guardian:TimeBomb+1","Guardian:BronzeArmor","Guardian:Planning","Guardian:ChargeCore","Guardian:ArmoredProtocol+1","Writhe","Guardian:CrystalBeam+1","Guardian:DecasProtection+1","Guardian:Incinerate+1","Guardian:Reroute","Guardian:AncientConstruct+1","Guardian:Orbwalk+1","Guardian:Emergency+1","Guardian:ArmoredProtocol+1","Parasite","Guardian:TimeBomb+1","downfall:Aged","Guardian:SentryBeam+1","Decay","Guardian:Gem_Synthetic","Guardian:BronzeArmor+1"],"relics":["Guardian:ModeShifter","Tiny Chest","Akabeko","Orrery","Anchor","Pen Nib","Cursed Key","Guardian:BottledStasis","CeramicFish","Mango","Nunchaku","downfall:RedIOU","Astrolabe","ClockworkSouvenir","Meat on the Bone","Boot","Happy Flower","Slimebound:StickyStick","Pear"],"acts_visited":["Exordium","TheCity","TheBeyond"],"potions_floor_usage":[10,29,33,33,33,33,36,36,50,50,50,50,50],"damage_taken":[{"damage":0,"enemies":"2 Louse","floor":2,"turns":3},{"damage":6,"enemies":"Jaw Worm","floor":3,"turns":3},{"damage":1,"enemies":"Small Slimes","floor":5,"turns":3},{"damage":32,"enemies":"3 Sentries","floor":10,"turns":10},{"damage":2,"enemies":"downfall:FleeingMerchant","floor":11,"turns":4},{"damage":5,"enemies":"downfall:FleeingMerchant","floor":12,"turns":4},{"damage":0,"enemies":"3 Sentries","floor":14,"turns":5},{"damage":0,"enemies":"Large Slime","floor":15,"turns":3},{"damage":42,"enemies":"WA_ARCHETYPE_RETAIN","floor":16,"turns":12},{"damage":0,"enemies":"Chosen","floor":19,"turns":4},{"damage":9,"enemies":"Sentry and Sphere","floor":20,"turns":6},{"damage":5,"enemies":"downfall:FleeingMerchant","floor":21,"turns":4},{"damage":3,"enemies":"downfall:FleeingMerchant","floor":26,"turns":4},{"damage":8,"enemies":"3 Cultists","floor":28,"turns":4},{"damage":2,"enemies":"Gremlin Leader","floor":29,"turns":6},{"damage":0,"enemies":"Snecko","floor":31,"turns":4},{"damage":17,"enemies":"Snake Plant","floor":32,"turns":3},{"damage":40,"enemies":"SI_MIRROR_ARCHETYPE","floor":33,"turns":9},{"damage":15,"enemies":"downfall:FleeingMerchant","floor":36,"turns":4},{"damage":0,"enemies":"Orb Walker","floor":39,"turns":3},{"damage":9,"enemies":"3 Darklings","floor":40,"turns":6},{"damage":6,"enemies":"Spire Growth","floor":43,"turns":5},{"damage":4,"enemies":"Jaw Worm Horde","floor":44,"turns":3},{"damage":54,"enemies":"Nemesis","floor":47,"turns":9},{"damage":0,"enemies":"Sphere and 2 Shapes","floor":49,"turns":3},{"damage":37,"enemies":"DF_ARCHETYPE_ORBS","floor":50,"turns":7}],"seed_played":"175085378708958974","potions_obtained":[{"floor":3,"key":"DistilledChaos"},{"floor":14,"key":"Dexterity Potion"},{"floor":15,"key":"SkillPotion"},{"floor":19,"key":"EntropicBrew"},{"floor":29,"key":"SkillPotion"},{"floor":31,"key":"EssenceOfSteel"},{"floor":33,"key":"AttackPotion"}],"is_trial":false,"path_per_floor":["R","M","M","?","M","?","T","?","R","?","$","$","R","E","M","B",null,"R","M","M","$","T","?","T","R","$","R","M","E","?","M","M","B",null,"R","$","T","?","M","M","T","R","M","M","T","R","E","?","M","B",null],"character_chosen":"GUARDIAN","items_purchased":["Orrery","Guardian:TimeBomb","Anchor","Guardian:BottledStasis","Guardian:DecasProtection","ClockworkSouvenir","EntropicBrew","Meat on the Bone"],"campfire_rested":2,"item_purchase_floors":[11,11,12,21,26,36,36,36],"current_hp_per_floor":[80,80,74,74,73,73,73,73,73,41,39,34,58,58,58,16,80,80,80,71,66,66,66,80,80,77,77,69,67,67,67,50,10,94,94,79,79,79,79,70,70,70,64,60,60,88,56,56,56,31],"gold":291,"neow_bonus":"HUNDRED_GOLD","is_daily":false,"chose_seed":false,"campfire_upgraded":7,"win_rate":0.0,"timestamp":1612253340,"path_taken":["R","M","M","?","M","?","T","?","R","?","?","$","R","E","M","BOSS","R","M","M","$","?","?","T","R","$","R","M","E","?","?","M","BOSS","R","$","?","?","M","?","T","R","?","M","?","R","E","?","M","BOSS"],"items_purchased_type":["Relic","Card","Relic","Relic","Card","Relic","Potion","Relic"],"build_version":"2020-12-22","purchased_purges":3,"victory":true,"max_hp_per_floor":[80,80,80,80,80,80,80,80,80,80,80,80,80,80,80,80,80,80,80,80,80,80,80,94,94,94,94,94,94,94,94,94,94,94,94,94,94,94,94,94,94,94,94,94,94,94,104,104,104,104],"card_choices":[{"not_picked":["Guardian:Incinerate","Guardian:Suspension"],"picked":"Guardian:SpikerProtocol","floor":2},{"not_picked":["Guardian:Gem_Cyan","Guardian:Suspension"],"picked":"Guardian:Incinerate","floor":3},{"not_picked":["Guardian:Gem_Red","Guardian:CrystalBeam"],"picked":"Guardian:Gem_Fragmented","floor":5},{"not_picked":["Guardian:TimeBomb","Guardian:CrystalBeam"],"picked":"Guardian:PiercingHide","floor":10},{"not_picked":["Guardian:Recover","Guardian:RollAttack"],"picked":"Guardian:PiercingHide","floor":11},{"not_picked":["Guardian:Incinerate","Guardian:GatlingBeam"],"picked":"Guardian:PrimingBeam","floor":11},{"not_picked":["Guardian:WalkerClaw","Guardian:Gem_Cyan"],"picked":"Guardian:SpikerProtocol","floor":11},{"not_picked":["Guardian:Incinerate","Guardian:Recover"],"picked":"Guardian:Gem_Orange","floor":11},{"not_picked":["Guardian:MultiBeam","Guardian:Reroute"],"picked":"Guardian:ExploitGems","floor":11},{"not_picked":["Guardian:PrismaticBarrier","Guardian:Incinerate"],"picked":"Guardian:Gem_Crimson","floor":12},{"not_picked":["Guardian:Gem_Lightblue","Guardian:TemporalStrike"],"picked":"Guardian:Gem_Synthetic","floor":14},{"not_picked":["Guardian:Gem_Yellow","Guardian:EvasiveProtocol"],"picked":"Guardian:BronzeArmor","floor":15},{"not_picked":["Guardian:FierceBash","Guardian:HyperBeam_Guardian"],"picked":"Guardian:Gem_Orange","floor":16},{"not_picked":["Guardian:Gem_Cyan","Guardian:Gem_Green"],"picked":"Guardian:Planning","floor":19},{"not_picked":["Guardian:VentSteam","Guardian:Gem_Purple","Guardian:ShieldCharger+1"],"picked":"SKIP","floor":20},{"not_picked":["Guardian:Gem_Fragmented","Guardian:TimeCapacitor"],"picked":"Guardian:ChargeCore","floor":21},{"not_picked":["Guardian:Reroute","Guardian:Gem_Red"],"picked":"Guardian:CrystalBeam+1","floor":26},{"not_picked":["Guardian:DonusPower","Guardian:BronzeOrb"],"picked":"Guardian:Incinerate+1","floor":28},{"not_picked":["Guardian:ExploitGems","Guardian:PrismaticBarrier+1"],"picked":"Guardian:Gem_Lightblue","floor":29},{"not_picked":["Guardian:CrystalBeam","Guardian:Orbwalk"],"picked":"Guardian:Gem_Fragmented","floor":31},{"not_picked":["Guardian:WalkerClaw+1","Guardian:TemporalShield"],"picked":"Guardian:Reroute","floor":32},{"not_picked":["Guardian:TimeSifter","Guardian:Gem_Orange"],"picked":"Guardian:AncientConstruct","floor":33},{"not_picked":["Guardian:WalkerClaw+1","Guardian:Suspension+1"],"picked":"Guardian:Gem_Blue","floor":36},{"not_picked":["Guardian:TimeCapacitor+1","Guardian:EvasiveProtocol+1"],"picked":"Guardian:TimeBomb","floor":39},{"not_picked":["Guardian:CrystalBeam","Guardian:PrismaticBeam+1"],"picked":"Guardian:Gem_Yellow","floor":40},{"not_picked":["Guardian:Suspension","Guardian:ChargeCore"],"picked":"Guardian:SentryBeam+1","floor":43},{"not_picked":["Guardian:Planning","Guardian:Incinerate","Guardian:Gem_White"],"picked":"SKIP","floor":44},{"not_picked":["Guardian:Suspension+1","Guardian:WalkerClaw"],"picked":"Guardian:Gem_Synthetic","floor":47},{"not_picked":["Guardian:PrimingBeam","Guardian:Planning"],"picked":"Guardian:BronzeArmor+1","floor":49}],"player_experience":467949,"relics_obtained":[{"floor":7,"key":"Bag of Preparation"},{"floor":10,"key":"Akabeko"},{"floor":14,"key":"Pen Nib"},{"floor":22,"key":"CeramicFish"},{"floor":24,"key":"Mango"},{"floor":29,"key":"Nunchaku"},{"floor":37,"key":"Boot"},{"floor":41,"key":"Happy Flower"},{"floor":45,"key":"Slimebound:StickyStick"},{"floor":47,"key":"Pear"}],"event_choices":[{"damage_healed":0,"gold_gain":0,"player_choice":"Box","damage_taken":0,"relics_obtained":["Tiny Chest"],"max_hp_gain":0,"max_hp_loss":0,"event_name":"Big Fish","floor":6,"gold_loss":0,"cards_obtained":["Regret"]},{"damage_healed":0,"gold_gain":0,"cards_transformed":["Guardian:Strike_Guardian","Guardian:Defend_Guardian"],"player_choice":"Became Test Subject","damage_taken":0,"max_hp_gain":0,"max_hp_loss":0,"event_name":"Drug Dealer","floor":23,"gold_loss":0,"cards_obtained":["Guardian:Gem_Crimson","Guardian:ArmoredProtocol"]}],"is_beta":false,"boss_relics":[{"not_picked":["Tiny House","Black Star"],"picked":"Cursed Key"},{"not_picked":["Sozu","Runic Dome"],"picked":"Astrolabe"}],"items_purged_floors":[11,12,36],"is_endless":false,"potions_floor_spawned":[3,14,15,19,29,31,32,33,39,40,44],"ascension_level":0}}