{"host":"0xtpc43j5kblke7u","time":1612241092,"event":{"mods":["AchievementEnabler","BaseMod","Colored Map","Highlight Path","Minty Spire (QoL Compilation)"],"gold_per_floor":[118,138,3,18,18,18,51,66,66,66,94,43,43,59,59,161,211,224,224,238,238,238],"floor_reached":21,"language":"ENG","playtime":1794,"items_purged":[],"score":227,"play_id":"15828183-68d8-4801-a0cd-25a8db02652e","local_time":"20210201234452","is_ascension_mode":true,"campfire_choices":[{"data":"Eruption","floor":6,"key":"SMITH"},{"floor":10,"key":"REST"},{"data":"CrushJoints","floor":15,"key":"SMITH"}],"circlet_count":0,"master_deck":["Strike_P","Strike_P+1","Strike_P","Strike_P","Defend_P","Defend_P","Defend_P","Defend_P","Eruption+1","Vigilance","DeusExMachina","Pray","CrushJoints+1","ReachHeaven","Study+1","TalkToTheHand","ClearTheMind","Protect","EmptyFist","FlurryOfBlows","BowlingBash","Establishment","Prostrate","ThirdEye","Flash of Steel"],"relics":["PureWater","Tiny Chest","Blood Vial","Ornamental Fan","Tiny House"],"acts_visited":["Exordium","TheCity"],"potions_floor_usage":[7,11,18,18],"damage_taken":[{"damage":2,"enemies":"Cultist","floor":1,"turns":4},{"damage":7,"enemies":"Jaw Worm","floor":2,"turns":3},{"damage":0,"enemies":"Small Slimes","floor":4,"turns":3},{"damage":21,"enemies":"Lagavulin","floor":7,"turns":4},{"damage":30,"enemies":"Exordium Thugs","floor":8,"turns":6},{"damage":22,"enemies":"3 Sentries","floor":11,"turns":9},{"damage":0,"enemies":"Looter","floor":14,"turns":3},{"damage":24,"enemies":"The Guardian","floor":16,"turns":6},{"damage":26,"enemies":"Spheric Guardian","floor":18,"turns":5},{"damage":14,"enemies":"2 Thieves","floor":20,"turns":4},{"damage":68,"enemies":"Chosen and Byrds","floor":21,"turns":6}],"seed_played":"7009883411271253552","potions_obtained":[{"floor":1,"key":"Energy Potion"},{"floor":8,"key":"BottledMiracle"},{"floor":16,"key":"Swift Potion"},{"floor":17,"key":"Energy Potion"}],"is_trial":false,"path_per_floor":["M","M","$","M","?","R","E","M","T","R","E","$","?","M","R","B",null,"M","?","M","M"],"character_chosen":"WATCHER","items_purchased":["ReachHeaven","Study","FlurryOfBlows"],"campfire_rested":1,"item_purchase_floors":[3,3,12],"current_hp_per_floor":[70,63,63,63,63,63,42,12,12,33,13,13,72,72,72,48,77,51,51,39,0,0],"gold":238,"neow_bonus":"ONE_RANDOM_RARE_CARD","is_daily":false,"chose_seed":false,"campfire_upgraded":2,"win_rate":0.0,"timestamp":1612241092,"path_taken":["M","M","$","?","?","R","E","M","T","R","E","$","?","M","R","BOSS","M","?","M","?"],"items_purchased_type":["Card","Card","Card"],"build_version":"2020-12-22","purchased_purges":0,"victory":false,"max_hp_per_floor":[72,72,72,72,72,72,72,72,72,72,72,72,72,72,72,72,77,77,77,77,77,77],"card_choices":[{"not_picked":["Worship","Crescendo"],"picked":"Pray","floor":1},{"not_picked":["FlurryOfBlows","Halt"],"picked":"CrushJoints","floor":2},{"not_picked":["FollowUp","Crescendo"],"picked":"TalkToTheHand","floor":4},{"not_picked":["Evaluate","ForeignInfluence"],"picked":"ClearTheMind","floor":7},{"not_picked":["FlyingSleeves","Prostrate"],"picked":"Protect","floor":8},{"not_picked":["Blasphemy","Evaluate"],"picked":"EmptyFist","floor":11},{"not_picked":["Wireheading","Study"],"picked":"BowlingBash","floor":14},{"not_picked":["MasterReality","Brilliance"],"picked":"Establishment","floor":16},{"not_picked":["PathToVictory","SashWhip"],"picked":"Prostrate","floor":17},{"not_picked":["Pray","Sanctity"],"picked":"ThirdEye","floor":18},{"not_picked":["Consecrate","FearNoEvil","Worship"],"picked":"SKIP","floor":20}],"player_experience":657491,"relics_obtained":[{"floor":7,"key":"Tiny Chest"},{"floor":9,"key":"Blood Vial"},{"floor":11,"key":"Ornamental Fan"}],"event_choices":[{"damage_healed":0,"gold_gain":0,"player_choice":"Grow","damage_taken":0,"max_hp_gain":0,"max_hp_loss":0,"event_name":"Living Wall","floor":5,"gold_loss":0,"cards_upgraded":["Study"]},{"damage_healed":59,"gold_gain":0,"player_choice":"Full Heal","damage_taken":0,"max_hp_gain":0,"max_hp_loss":0,"event_name":"Wheel of Change","floor":13,"gold_loss":0},{"damage_healed":0,"gold_gain":0,"player_choice":"1 cards matched","damage_taken":0,"max_hp_gain":0,"max_hp_loss":0,"event_name":"Match and Keep!","floor":19,"gold_loss":0,"cards_obtained":["Flash of Steel"]}],"is_beta":false,"boss_relics":[{"not_picked":["Runic Pyramid","SlaversCollar"],"picked":"Tiny House"}],"items_purged_floors":[],"is_endless":false,"potions_floor_spawned":[1,8,16],"killed_by":"Chosen and Byrds","ascension_level":4}}