{"host":"0k696jvpnlqjk4gh","time":1612308832,"event":{"mods":["AchievementEnabler","BaseMod","Colored Map","Colored Powertips","Minty Spire (QoL Compilation)","Quick Restart"],"gold_per_floor":[114,34,34,44,44,79,79,104,104,123,123,136,65,140,140,243,243,255,221,221,234,159,191,191,202,202,202,221,235,235,235,235],"floor_reached":31,"language":"ENG","playtime":838,"items_purged":[],"score":302,"play_id":"afc861c4-f6bf-42bd-81de-029edda59dbd","local_time":"20210202233352","is_ascension_mode":true,"campfire_choices":[{"data":"Combust","floor":7,"key":"SMITH"},{"data":"Dramatic Entrance","floor":11,"key":"SMITH"},{"floor":15,"key":"REST"}],"circlet_count":0,"master_deck":["Strike_R","Strike_R","Strike_R","Strike_R","Defend_R","Defend_R","Defend_R","Bash","Headbutt","Combust+1","Bludgeon","Dramatic Entrance+1","Flex","Immolate+1","Rupture","Reaper+1","Armaments","Combust","Fire Breathing","Reckless Charge+1"],"relics":["Black Blood","NeowsBlessing","Meat on the Bone","Kunai","Ancient Tea Set","Molten Egg 2","Lantern","Sundial","Vajra"],"acts_visited":["Exordium","TheCity"],"potions_floor_usage":[23,25,28,31,31],"damage_taken":[{"damage":0,"enemies":"Jaw Worm","floor":1,"turns":1},{"damage":0,"enemies":"Small Slimes","floor":4,"turns":1},{"damage":0,"enemies":"3 Sentries","floor":6,"turns":1},{"damage":14,"enemies":"Gremlin Nob","floor":8,"turns":3},{"damage":7,"enemies":"Cultist","floor":10,"turns":3},{"damage":0,"enemies":"Red Slaver","floor":12,"turns":1},{"damage":55,"enemies":"Hexaghost","floor":16,"turns":8},{"damage":12,"enemies":"3 Byrds","floor":18,"turns":2},{"damage":8,"enemies":"Chosen","floor":21,"turns":4},{"damage":53,"enemies":"Gremlin Leader","floor":23,"turns":6},{"damage":33,"enemies":"Centurion and Healer","floor":25,"turns":4},{"damage":42,"enemies":"Snake Plant","floor":28,"turns":4},{"damage":25,"enemies":"Sentry and Sphere","floor":29,"turns":4},{"damage":40,"enemies":"Book of Stabbing","floor":31,"turns":3}],"seed_played":"-6433815183758216461","potions_obtained":[{"floor":1,"key":"Ancient Potion"},{"floor":10,"key":"SneckoOil"},{"floor":23,"key":"SneckoOil"},{"floor":28,"key":"SteroidPotion"},{"floor":29,"key":"LiquidBronze"}],"is_trial":false,"path_per_floor":["M","$","?","M","?","E","R","E","T","M","R","M","$","?","R","B",null,"M","$","?","M","?","E","?","M","T","?","M","M","T","E"],"character_chosen":"IRONCLAD","items_purchased":["Combust","Rupture","Combust"],"campfire_rested":1,"item_purchase_floors":[2,13,19],"current_hp_per_floor":[80,80,62,68,68,74,74,66,66,65,65,71,71,60,80,43,80,80,80,80,80,80,58,58,50,50,50,32,31,31,0,0],"gold":235,"neow_bonus":"THREE_ENEMY_KILL","is_daily":false,"chose_seed":false,"campfire_upgraded":2,"win_rate":0.0,"timestamp":1612308832,"path_taken":["M","$","?","M","?","E","R","E","T","?","R","M","?","?","R","BOSS","M","$","?","M","?","E","?","M","T","?","M","?","?","E"],"items_purchased_type":["Card","Card","Card"],"build_version":"2020-12-22","purchased_purges":0,"victory":false,"max_hp_per_floor":[80,80,80,80,80,80,80,80,80,80,80,80,80,80,80,80,80,80,80,80,80,80,80,80,80,80,80,80,80,80,80,80],"card_choices":[{"not_picked":["Searing Blow","Havoc"],"picked":"Headbutt","floor":1},{"not_picked":["Pommel Strike","Twin Strike","Clothesline"],"picked":"SKIP","floor":4},{"not_picked":["Heavy Blade","Feel No Pain","Havoc"],"picked":"SKIP","floor":6},{"not_picked":["Flame Barrier","Iron Wave"],"picked":"Flex","floor":8},{"not_picked":["Clothesline+1","Wild Strike+1"],"picked":"Immolate+1","floor":10},{"not_picked":["Clothesline+1","Headbutt+1","Intimidate"],"picked":"SKIP","floor":12},{"not_picked":["Feed+1","Corruption"],"picked":"Reaper+1","floor":16},{"not_picked":["Sword Boomerang+1","Perfected Strike+1"],"picked":"Armaments","floor":18},{"not_picked":["Anger+1","Perfected Strike+1"],"picked":"Fire Breathing","floor":21},{"not_picked":["Infernal Blade","Havoc"],"picked":"Reckless Charge+1","floor":23},{"not_picked":["Clash+1","Warcry","Headbutt+1"],"picked":"SKIP","floor":25},{"not_picked":["Clash+1","Sever Soul+1","Berserk"],"picked":"SKIP","floor":28},{"not_picked":["Perfected Strike+1","Second Wind","Iron Wave+1"],"picked":"SKIP","floor":29}],"player_experience":123735,"relics_obtained":[{"floor":6,"key":"Kunai"},{"floor":8,"key":"Ancient Tea Set"},{"floor":9,"key":"Molten Egg 2"},{"floor":23,"key":"Sundial"},{"floor":30,"key":"Vajra"}],"event_choices":[{"damage_healed":0,"gold_gain":0,"player_choice":"Success","damage_taken":18,"relics_obtained":["Meat on the Bone"],"max_hp_gain":0,"max_hp_loss":0,"event_name":"Scrap Ooze","floor":3,"gold_loss":0},{"damage_healed":0,"gold_gain":0,"player_choice":"2 cards matched","damage_taken":0,"max_hp_gain":0,"max_hp_loss":0,"event_name":"Match and Keep!","floor":5,"gold_loss":0,"cards_obtained":["Bludgeon","Dramatic Entrance"]},{"damage_healed":0,"gold_gain":75,"player_choice":"Gather Gold","damage_taken":11,"max_hp_gain":0,"max_hp_loss":0,"event_name":"World of Goop","floor":14,"gold_loss":0},{"damage_healed":0,"gold_gain":0,"player_choice":"Opened","damage_taken":0,"relics_obtained":["Lantern"],"max_hp_gain":0,"max_hp_loss":0,"event_name":"The Mausoleum","floor":20,"gold_loss":0},{"cards_removed":["Strike_R"],"damage_healed":0,"gold_gain":0,"player_choice":"Gave Gold","damage_taken":0,"max_hp_gain":0,"max_hp_loss":0,"event_name":"Beggar","floor":22,"gold_loss":75},{"damage_healed":0,"gold_gain":0,"player_choice":"Ignored","damage_taken":0,"max_hp_gain":0,"max_hp_loss":0,"event_name":"Ghosts","floor":24,"gold_loss":0},{"cards_removed":["Defend_R"],"damage_healed":0,"gold_gain":0,"player_choice":"Purged","damage_taken":0,"max_hp_gain":0,"max_hp_loss":0,"event_name":"Purifier","floor":27,"gold_loss":0}],"is_beta":false,"boss_relics":[{"not_picked":["Empty Cage","Velvet Choker"],"picked":"Black Blood"}],"items_purged_floors":[],"is_endless":false,"potions_floor_spawned":[1,10,23,28,29],"killed_by":"Book of Stabbing","ascension_level":1}}