{"host":"uv5ws9rdk87e8i5k","time":1612291512,"event":{"mods":["AchievementEnabler","BaseMod","Colored Map","Minty Spire (QoL Compilation)","Permanent Neow","Quick Restart","StSLib","SuperFastMode","The Necromancer"],"gold_per_floor":[109,109,109,122,139,139,139,157,157,188,188,198,215,246,246,322,322,322],"floor_reached":17,"language":"ENG","playtime":365,"items_purged":[],"score":301,"play_id":"35723aa9-1993-462a-a2d9-f1549a641500","local_time":"20210202124512","is_ascension_mode":true,"campfire_choices":[{"data":"Cloudkill","floor":6,"key":"SMITH"},{"data":"Summon_Lich","floor":11,"key":"SMITH"},{"data":"Violent_Necrosis","floor":15,"key":"SMITH"}],"circlet_count":0,"master_deck":["AscendersBane","Strike_W","Strike_W","Strike_W","Defend_W","Defend_W","Defend_W","Defend_W","Negative_Energy_Arrows","Bone_Wall","Cloudkill+1","Violent_Necrosis+1","Siphon_Strength","Summon_Lich+1","Summon_Undead","Stop_Heart","Summon_Vampire_Lady"],"relics":["Vampire_Amulet","Orichalcum","Mummified Hand","Bronze Scales","Velvet Choker"],"acts_visited":["Exordium","TheCity"],"potions_floor_usage":[4,10,10,14],"damage_taken":[{"damage":11,"enemies":"Jaw Worm","floor":1,"turns":3},{"damage":4,"enemies":"Small Slimes","floor":4,"turns":3},{"damage":0,"enemies":"Cultist","floor":5,"turns":5},{"damage":3,"enemies":"Looter","floor":8,"turns":3},{"damage":20,"enemies":"3 Sentries","floor":10,"turns":6},{"damage":4,"enemies":"Gremlin Gang","floor":12,"turns":3},{"damage":9,"enemies":"Blue Slaver","floor":13,"turns":4},{"damage":13,"enemies":"Lagavulin","floor":14,"turns":5},{"damage":6,"enemies":"Hexaghost","floor":16,"turns":7}],"seed_played":"357386188228303552","potions_obtained":[{"floor":1,"key":"Explosive Potion"},{"floor":3,"key":"DuplicationPotion"},{"floor":8,"key":"Regen Potion"},{"floor":12,"key":"EssenceOfSteel"},{"floor":14,"key":"SpeedPotion"},{"floor":16,"key":"Fire Potion"}],"is_trial":false,"path_per_floor":["M","?","?","M","M","R","?","M","T","E","R","M","M","E","R","B",null],"character_chosen":"NECROMANCER","items_purchased":[],"campfire_rested":0,"item_purchase_floors":[],"current_hp_per_floor":[37,60,60,60,62,62,62,61,61,62,62,66,59,57,57,53,67,67],"gold":322,"neow_bonus":"THREE_RARE_CARDS","is_daily":false,"chose_seed":false,"campfire_upgraded":3,"win_rate":0.0,"timestamp":1612291512,"path_taken":["M","?","?","M","?","R","?","M","T","E","R","M","M","E","R","BOSS"],"items_purchased_type":[],"build_version":"2020-12-22","purchased_purges":0,"victory":false,"max_hp_per_floor":[71,71,71,71,71,71,71,71,71,71,71,71,71,71,71,71,71,71],"card_choices":[{"not_picked":["Blood_Magic","Blood_Wake"],"picked":"Cloudkill","floor":0.0},{"not_picked":["Plague_Bolt","Blood_Shield"],"picked":"Violent_Necrosis","floor":1},{"not_picked":["Bones_to_Steel","Blood_Curse","Uncharnel"],"picked":"SKIP","floor":4},{"not_picked":["Bone_Bullets","Negative_Energy_Mist","Blood_Whip"],"picked":"SKIP","floor":5},{"not_picked":["Chill_Blood","Negative_Energy_Burst"],"picked":"Siphon_Strength","floor":8},{"not_picked":["Bone_Armor","Blood_Whip"],"picked":"Summon_Lich","floor":10},{"not_picked":["Consume_Illness","Death_March_Dance"],"picked":"Summon_Undead","floor":12},{"not_picked":["Skeleton_Dragon","Negative_Energy_Mist"],"picked":"Stop_Heart","floor":13},{"not_picked":["Blood_Whip","Negative_Energy_Sphere","Negative_Energy_Shield"],"picked":"SKIP","floor":14},{"not_picked":["Blood_Magic","Reap_The_Weak"],"picked":"Summon_Vampire_Lady","floor":16}],"player_experience":339049,"relics_obtained":[{"floor":9,"key":"Orichalcum"},{"floor":10,"key":"Mummified Hand"},{"floor":14,"key":"Bronze Scales"}],"event_choices":[{"damage_healed":23,"gold_gain":0,"player_choice":"Banana","damage_taken":0,"max_hp_gain":0,"max_hp_loss":0,"event_name":"Big Fish","floor":2,"gold_loss":0},{"damage_healed":0,"gold_gain":0,"player_choice":"Got Potions","damage_taken":0,"max_hp_gain":0,"max_hp_loss":0,"event_name":"Lab","floor":3,"gold_loss":0},{"cards_removed":["Strike_W"],"damage_healed":0,"gold_gain":0,"player_choice":"Purged","damage_taken":0,"max_hp_gain":0,"max_hp_loss":0,"event_name":"Purifier","floor":7,"gold_loss":0}],"is_beta":false,"boss_relics":[{"not_picked":["Pandora\u0027s Box","Empty Cage"],"picked":"Velvet Choker"}],"items_purged_floors":[],"is_endless":false,"potions_floor_spawned":[1,8,12,14,16],"ascension_level":16}}