{"host":"9viy3memdfgcf4vy","time":1612290158,"event":{"mods":["BaseMod","Colored Map","Downfall","Minty Spire (QoL Compilation)","StSLib"],"gold_per_floor":[99,111,129,142,142,142,142,159,178,190,90,104,132,132,143,238,238,238,238,238,238,238],"floor_reached":20,"language":"ENG","playtime":1912,"items_purged":[],"score":282,"play_id":"bbbcf326-4aa6-4594-943b-fd5f6d5f426c","local_time":"20210202202238","is_ascension_mode":true,"campfire_choices":[{"data":"Slimebound:DuplicatedForm","floor":1,"key":"SMITH"},{"floor":6,"key":"RECALL"},{"data":"Slimebound:TagTeam","floor":11,"key":"SMITH"},{"data":"Slimebound:Equalize","floor":18,"key":"SMITH"}],"circlet_count":0,"master_deck":["AscendersBane","Slimebound:Strike_Slimebound","Slimebound:Strike_Slimebound","Slimebound:Strike_Slimebound","Slimebound:Defend_Slimebound","Slimebound:Defend_Slimebound","Slimebound:Defend_Slimebound","Slimebound:Defend_Slimebound","Slimebound:Split","Slimebound:CorrosiveSpit","Slimebound:DuplicatedForm+1","Slimebound:HauntingLick","Slimebound:SlimeSpikes","Slimebound:SplitBruiser","Slimebound:TagTeam+1","Slimebound:SlimeBarrage","Slimebound:SplitLeeching","Slimebound:SlimeSpikes","Slimebound:Equalize+1","Slimebound:TagTeam+1","Slimebound:SplitSpecialist","Slimebound:OozeBath","downfall:Bewildered"],"relics":["Slimebound:AbsorbEndCombat","Shuriken","downfall:HeartBlessingRed","Ancient Tea Set","Busted Crown","sneckomod:BabySnecko"],"acts_visited":["Exordium","TheCity"],"potions_floor_usage":[8,16,16,20],"damage_taken":[{"damage":15,"enemies":"Cultist","floor":2,"turns":4},{"damage":4,"enemies":"2 Louse","floor":3,"turns":4},{"damage":28,"enemies":"Jaw Worm","floor":4,"turns":4},{"damage":32,"enemies":"Large Slime","floor":8,"turns":6},{"damage":0,"enemies":"Exordium Wildlife","floor":9,"turns":3},{"damage":18,"enemies":"2 Fungi Beasts","floor":10,"turns":4},{"damage":6,"enemies":"Exordium Thugs","floor":12,"turns":4},{"damage":22,"enemies":"Lagavulin","floor":13,"turns":4},{"damage":12,"enemies":"Exordium Wildlife","floor":15,"turns":4},{"damage":26,"enemies":"WA_ARCHETYPE_RETAIN","floor":16,"turns":4},{"damage":62,"enemies":"Masked Bandits","floor":20,"turns":3}],"seed_played":"-5223830226376664005","potions_obtained":[{"floor":2,"key":"SneckoOil"},{"floor":8,"key":"Explosive Potion"},{"floor":13,"key":"Slimebound:ThreeZeroPotion"},{"floor":15,"key":"hexamod:SoulburnPotion"},{"floor":16,"key":"LiquidBronze"}],"is_trial":false,"path_per_floor":["R","M","M","M","?","R","T","M","M","M","R","M","E","?","M","B",null,"R","?","?"],"character_chosen":"SLIMEBOUND","items_purchased":[],"campfire_rested":0,"item_purchase_floors":[],"current_hp_per_floor":[59,65,65,56,56,56,56,43,45,48,48,46,43,43,35,38,58,58,58,0,0,0],"gold":238,"neow_bonus":"ONE_RANDOM_RARE_CARD","is_daily":false,"chose_seed":false,"campfire_upgraded":3,"win_rate":0.0,"timestamp":1612290158,"path_taken":["R","M","M","?","?","R","T","M","M","M","R","M","E","?","M","BOSS","R","?","?"],"items_purchased_type":[],"build_version":"2020-12-22","purchased_purges":0,"victory":false,"max_hp_per_floor":[65,65,65,65,65,65,65,65,65,65,65,65,65,65,65,65,65,65,65,65,65,65],"card_choices":[{"not_picked":["Slimebound:FinishingTackle","Slimebound:SamplingLick"],"picked":"Slimebound:HauntingLick","floor":2},{"not_picked":["Slimebound:ForwardTackle","Slimebound:RollThrough"],"picked":"Slimebound:SlimeSpikes","floor":3},{"not_picked":["Slimebound:RejuvenatingLick","Slimebound:SplitAcid"],"picked":"Slimebound:SplitBruiser","floor":4},{"not_picked":["Slimebound:HauntingLick","Slimebound:DivideAndConquer"],"picked":"Slimebound:TagTeam","floor":8},{"not_picked":["Slimebound:SplitAcid","Slimebound:SplitMire"],"picked":"Slimebound:SlimeBarrage","floor":9},{"not_picked":["Slimebound:LeechEnergy","Slimebound:Prepare"],"picked":"Slimebound:SplitLeeching","floor":10},{"not_picked":["Slimebound:SplitBruiser","Slimebound:RollThrough"],"picked":"Slimebound:SlimeSpikes","floor":12},{"not_picked":["Slimebound:RollThrough","Slimebound:CheckThePlaybook"],"picked":"Slimebound:Equalize","floor":13},{"not_picked":["Slimebound:SlimeSpikes","Slimebound:TongueLash"],"picked":"Slimebound:SplitSpecialist","floor":15},{"not_picked":["Slimebound:CheckThePlaybook","Slimebound:SelfFormingGoo"],"picked":"Slimebound:OozeBath","floor":16}],"player_experience":459285,"relics_obtained":[{"floor":7,"key":"Shuriken"},{"floor":13,"key":"Ancient Tea Set"}],"event_choices":[{"cards_removed":["Slimebound:Tackle"],"damage_healed":0,"gold_gain":0,"player_choice":"Card Removal","damage_taken":0,"max_hp_gain":0,"max_hp_loss":0,"event_name":"The Cleric","floor":5,"gold_loss":0},{"damage_healed":0,"gold_gain":0,"player_choice":"Fought Bandits","damage_taken":0,"max_hp_gain":0,"max_hp_loss":0,"event_name":"Masked Bandits","floor":20,"gold_loss":0}],"is_beta":false,"boss_relics":[{"not_picked":["Sozu","Pandora\u0027s Box"],"picked":"Busted Crown"}],"items_purged_floors":[],"is_endless":false,"potions_floor_spawned":[2,8,13,15,16],"killed_by":"Masked Bandits","ascension_level":12}}