{"host":"k85tjwrh7mjrrc9a","time":1612289229,"event":{"mods":["AchievementEnabler","BaseMod","Colored Powertips","Highlight Path","Minty Spire (QoL Compilation)","Rare Cards Sparkle","StSLib"],"gold_per_floor":[113,263,238,252,58,58,90,90,90,110,175,188,198,231,231,304,304,319,369,173,191,34,61,61,74,74,74,107,107,107,134,134,213,213,213,213,213,42,42,76,157,168,168,198,212,212,230,241,241,241],"floor_reached":51,"language":"ENG","playtime":3082,"items_purged":[],"score":1476,"play_id":"bb8cd7f5-951d-432a-8b26-4ed6951e1eef","local_time":"20210202130709","is_ascension_mode":true,"campfire_choices":[{"data":"Apotheosis","floor":6,"key":"SMITH"},{"data":"True Grit","floor":8,"key":"SMITH"},{"floor":15,"key":"REST"},{"floor":24,"key":"REST"},{"floor":27,"key":"REST"},{"floor":30,"key":"REST"},{"floor":32,"key":"REST"},{"floor":46,"key":"REST"},{"floor":49,"key":"REST"}],"circlet_count":0,"master_deck":["AscendersBane","Strike_R","Strike_R","Strike_R","Strike_R","Strike_R","Defend_R","Defend_R","Defend_R","Defend_R","Bash","Body Slam","Doubt","True Grit+1","Spot Weakness","Apotheosis+1","Pommel Strike","Shockwave","Limit Break","Pommel Strike","Iron Wave","Limit Break+1","Inflame","Secret Technique+1","Cleave","Offering+1","Madness+1","Madness+1"],"relics":["Burning Blood","Mango","Akabeko","Ornamental Fan","Self Forming Clay","Toxic Egg 2","Fusion Hammer","ClockworkSouvenir","Tiny Chest","Potion Belt","Singing Bowl","Centennial Puzzle","SlaversCollar","Bag of Marbles","Cauldron","Molten Egg 2","Mercury Hourglass","Gremlin Horn","Vajra"],"acts_visited":["Exordium","TheCity","TheBeyond"],"potions_floor_usage":[11,11,21,28,28,31,33,33,33,35,38,48,50,50,50],"damage_taken":[{"damage":9,"enemies":"Jaw Worm","floor":1,"turns":5},{"damage":5,"enemies":"2 Louse","floor":4,"turns":4},{"damage":23,"enemies":"3 Sentries","floor":7,"turns":9},{"damage":12,"enemies":"Small Slimes","floor":10,"turns":3},{"damage":27,"enemies":"Gremlin Nob","floor":11,"turns":5},{"damage":6,"enemies":"Looter","floor":12,"turns":3},{"damage":4,"enemies":"Blue Slaver","floor":13,"turns":3},{"damage":29,"enemies":"Lagavulin","floor":14,"turns":10},{"damage":37,"enemies":"The Guardian","floor":16,"turns":10},{"damage":14,"enemies":"Shell Parasite","floor":18,"turns":4},{"damage":4,"enemies":"Chosen","floor":21,"turns":3},{"damage":0,"enemies":"Gremlin Leader","floor":23,"turns":5},{"damage":20,"enemies":"Snecko","floor":25,"turns":4},{"damage":34,"enemies":"Book of Stabbing","floor":28,"turns":5},{"damage":14,"enemies":"Slavers","floor":31,"turns":2},{"damage":81,"enemies":"Automaton","floor":33,"turns":8},{"damage":0,"enemies":"3 Darklings","floor":35,"turns":2},{"damage":10,"enemies":"Giant Head","floor":40,"turns":4},{"damage":1,"enemies":"3 Shapes","floor":42,"turns":4},{"damage":42,"enemies":"Reptomancer","floor":44,"turns":5},{"damage":26,"enemies":"Maw","floor":45,"turns":6},{"damage":7,"enemies":"Spire Growth","floor":47,"turns":4},{"damage":34,"enemies":"Writhing Mass","floor":48,"turns":4},{"damage":61,"enemies":"Donu and Deca","floor":50,"turns":6}],"seed_played":"-8235549255419406646","potions_obtained":[{"floor":1,"key":"EssenceOfSteel"},{"floor":7,"key":"Swift Potion"},{"floor":11,"key":"Explosive Potion"},{"floor":16,"key":"EntropicBrew"},{"floor":21,"key":"Swift Potion"},{"floor":31,"key":"Explosive Potion"},{"floor":38,"key":"Fruit Juice"},{"floor":38,"key":"SneckoOil"},{"floor":38,"key":"LiquidBronze"},{"floor":38,"key":"SpeedPotion"},{"floor":38,"key":"BloodPotion"},{"floor":40,"key":"LiquidMemories"},{"floor":48,"key":"BloodPotion"}],"is_trial":false,"path_per_floor":["M","?","$","M","$","R","E","R","T","M","?","M","M","E","R","B",null,"M","?","$","M","$","E","R","M","T","R","E","?","R","E","R","B",null,"M","$","T","$","?","E","T","M","T","E","M","R","M","M","R","B",null],"character_chosen":"IRONCLAD","items_purchased":["True Grit","Apotheosis","Secret Technique+1","ClockworkSouvenir","Cauldron"],"campfire_rested":7,"item_purchase_floors":[3,5,20,22,38],"current_hp_per_floor":[79,79,79,80,80,80,63,63,63,57,36,36,38,15,39,8,64,56,56,56,58,58,64,82,68,68,82,56,56,81,75,86,28,72,78,78,78,83,67,65,65,72,72,38,20,49,50,44,74,39],"gold":241,"neow_bonus":"ONE_RARE_RELIC","is_daily":false,"chose_seed":false,"campfire_upgraded":2,"win_rate":0.0,"timestamp":1612289229,"path_taken":["M","?","$","M","$","R","E","R","T","M","?","M","M","E","R","BOSS","M","?","$","M","?","E","R","M","T","R","E","?","R","E","R","BOSS","M","$","?","$","?","E","?","M","T","E","?","R","M","M","R","BOSS"],"items_purchased_type":["Card","Card","Card","Relic","Relic"],"build_version":"2020-12-22","purchased_purges":0,"victory":true,"max_hp_per_floor":[82,82,82,82,82,82,82,82,82,82,82,82,82,82,82,82,82,82,82,82,82,82,82,82,82,82,82,84,84,84,86,86,86,86,86,86,86,91,91,93,93,95,95,97,99,99,101,103,103,103],"card_choices":[{"not_picked":["Dual Wield","Warcry"],"picked":"Body Slam","floor":1},{"not_picked":["Flex","Perfected Strike"],"picked":"Spot Weakness","floor":4},{"not_picked":["Evolve","Flex"],"picked":"Pommel Strike","floor":7},{"not_picked":["Anger","Body Slam"],"picked":"Shockwave","floor":10},{"not_picked":["Havoc","Anger"],"picked":"Limit Break","floor":11},{"not_picked":["Shockwave","Warcry"],"picked":"Pommel Strike","floor":12},{"not_picked":["Power Through","Twin Strike"],"picked":"Iron Wave","floor":13},{"not_picked":["Havoc+1","Power Through+1","Bludgeon"],"picked":"SKIP","floor":14},{"not_picked":["Brutality","Juggernaut"],"picked":"Limit Break+1","floor":16},{"not_picked":["Anger","Pummel"],"picked":"Inflame","floor":18},{"not_picked":["Pommel Strike","Sentinel+1","Clash"],"picked":"SKIP","floor":21},{"not_picked":["Intimidate+1","Exhume+1"],"picked":"Cleave","floor":23},{"not_picked":["Entrench+1","Intimidate+1","Dropkick"],"picked":"SKIP","floor":25},{"not_picked":["Havoc+1","Twin Strike","Pommel Strike"],"picked":"Singing Bowl","floor":28},{"not_picked":["Iron Wave","Flame Barrier+1","Flex+1"],"picked":"Singing Bowl","floor":31},{"not_picked":["Exhume+1","Corruption"],"picked":"Offering+1","floor":33},{"not_picked":["Body Slam+1","Sword Boomerang+1","Dual Wield+1"],"picked":"Singing Bowl","floor":40},{"not_picked":["Twin Strike+1","Pummel+1","Pommel Strike+1"],"picked":"Singing Bowl","floor":42},{"not_picked":["Twin Strike+1","Cleave+1","Intimidate+1"],"picked":"Singing Bowl","floor":44},{"not_picked":["Sword Boomerang+1","Pommel Strike+1","Carnage+1"],"picked":"Singing Bowl","floor":45},{"not_picked":["Power Through+1","Clash+1","Thunderclap+1"],"picked":"Singing Bowl","floor":47},{"not_picked":["Thunderclap+1","Twin Strike+1","Clash+1"],"picked":"Singing Bowl","floor":48}],"player_experience":245327,"relics_obtained":[{"floor":7,"key":"Akabeko"},{"floor":9,"key":"Ornamental Fan"},{"floor":11,"key":"Self Forming Clay"},{"floor":14,"key":"Toxic Egg 2"},{"floor":23,"key":"Tiny Chest"},{"floor":26,"key":"Potion Belt"},{"floor":28,"key":"Singing Bowl"},{"floor":31,"key":"Centennial Puzzle"},{"floor":37,"key":"Bag of Marbles"},{"floor":40,"key":"Molten Egg 2"},{"floor":41,"key":"Mercury Hourglass"},{"floor":43,"key":"Gremlin Horn"},{"floor":44,"key":"Vajra"}],"event_choices":[{"damage_healed":0,"gold_gain":150,"player_choice":"AGREE","damage_taken":0,"max_hp_gain":0,"max_hp_loss":0,"event_name":"Liars Game","floor":2,"gold_loss":0,"cards_obtained":["Doubt"]},{"damage_healed":0,"gold_gain":0,"player_choice":"Searched \u00271\u0027 times","damage_taken":0,"max_hp_gain":0,"max_hp_loss":0,"event_name":"Dead Adventurer","floor":11,"gold_loss":0},{"damage_healed":0,"gold_gain":50,"player_choice":"Stole From Cult","damage_taken":0,"max_hp_gain":0,"max_hp_loss":0,"event_name":"Nest","floor":19,"gold_loss":0},{"damage_healed":0,"gold_gain":0,"player_choice":"Ignored","damage_taken":0,"max_hp_gain":0,"max_hp_loss":0,"event_name":"Transmorgrifier","floor":29,"gold_loss":0},{"damage_healed":0,"gold_gain":0,"player_choice":"Embrace Madness","damage_taken":16,"max_hp_gain":0,"max_hp_loss":0,"event_name":"Winding Halls","floor":39,"gold_loss":0,"cards_obtained":["Madness","Madness"]}],"is_beta":false,"boss_relics":[{"not_picked":["Ectoplasm","Empty Cage"],"picked":"Fusion Hammer"},{"not_picked":["SacredBark","Pandora\u0027s Box"],"picked":"SlaversCollar"}],"items_purged_floors":[],"is_endless":false,"potions_floor_spawned":[1,7,10,11,16,21,25,31,40,44,47,48],"ascension_level":17}}