{"host":"06gxn1c1bsk424jw","time":1612243563,"event":{"mods":["BaseMod","DeckTracker","Minty Spire (QoL Compilation)","SuperFastMode"],"gold_per_floor":[111,127,147,147,167,194,211,244,294,294,64,64,64,80,80,178,178,192,24,74,98,148,189,189,239,266,316,386,396,16,41,41,118,118,134,209,259,324,374,401,151,185,185,185,219,219,36,55,55,55],"floor_reached":51,"language":"KOR","playtime":4007,"items_purged":["Defend_R","Perfected Strike","Strike_R","Strike_R","Defend_R"],"score":1436,"play_id":"7a2f5196-c90f-4ea7-a4fe-9fe649fb47b4","local_time":"20210202142603","is_ascension_mode":true,"campfire_choices":[{"floor":12,"key":"REST"},{"data":"Fire Breathing","floor":15,"key":"SMITH"},{"data":"Burning Pact","floor":24,"key":"SMITH"},{"data":"Immolate","floor":32,"key":"SMITH"},{"data":"Barricade","floor":44,"key":"SMITH"},{"data":"Offering","floor":46,"key":"SMITH"},{"data":"Dual Wield","floor":49,"key":"SMITH"}],"circlet_count":0,"master_deck":["AscendersBane","Strike_R","Bash","Power Through","Uppercut","Second Wind","Power Through","Fire Breathing+1","Injury","Immolate+1","Feed","Bludgeon+1","Shockwave+1","Metallicize+1","Second Wind+1","Feel No Pain+1","RitualDagger","Disarm+1","Burning Pact+1","Wild Strike+1","Fire Breathing+1","Reaper","Dual Wield+1","Dark Embrace+1","Offering+1","Barricade+1","Feel No Pain","Metallicize","Bloodletting","Wild Strike","Body Slam+1"],"relics":["Burning Blood","NeowsBlessing","Matryoshka","Regal Pillow","Anchor","Orichalcum","Bloody Idol","SsserpentHead","Astrolabe","Art of War","Bag of Preparation","PreservedInsect","Pen Nib","Ginger","Bronze Scales","Philosopher\u0027s Stone","TungstenRod","MealTicket","Membership Card","Magic Flower","Shuriken","Ancient Tea Set"],"acts_visited":["Exordium","TheCity","TheBeyond"],"potions_floor_usage":[6,6,7,16,50,50],"damage_taken":[{"damage":0,"enemies":"Jaw Worm","floor":1,"turns":1},{"damage":0,"enemies":"2 Louse","floor":2,"turns":2},{"damage":0,"enemies":"Small Slimes","floor":3,"turns":2},{"damage":12,"enemies":"Exordium Thugs","floor":5,"turns":4},{"damage":31,"enemies":"Lagavulin","floor":6,"turns":7},{"damage":4,"enemies":"3 Louse","floor":7,"turns":4},{"damage":30,"enemies":"3 Sentries","floor":8,"turns":10},{"damage":3,"enemies":"Large Slime","floor":14,"turns":6},{"damage":19,"enemies":"Hexaghost","floor":16,"turns":12},{"damage":0,"enemies":"Shell Parasite","floor":18,"turns":5},{"damage":2,"enemies":"3 Byrds","floor":21,"turns":6},{"damage":1,"enemies":"Gremlin Leader","floor":23,"turns":7},{"damage":14,"enemies":"Snake Plant","floor":28,"turns":5},{"damage":0,"enemies":"Cultist and Chosen","floor":29,"turns":6},{"damage":8,"enemies":"Slavers","floor":31,"turns":4},{"damage":59,"enemies":"Champ","floor":33,"turns":12},{"damage":1,"enemies":"3 Darklings","floor":35,"turns":4},{"damage":0,"enemies":"Mind Bloom Boss Battle","floor":36,"turns":5},{"damage":0,"enemies":"Orb Walker","floor":38,"turns":2},{"damage":0,"enemies":"Nemesis","floor":40,"turns":5},{"damage":5,"enemies":"Reptomancer","floor":42,"turns":4},{"damage":21,"enemies":"Nemesis","floor":45,"turns":5},{"damage":8,"enemies":"Transient","floor":48,"turns":5},{"damage":23,"enemies":"Donu and Deca","floor":50,"turns":7}],"seed_played":"2459792049344272721","potions_obtained":[{"floor":1,"key":"SkillPotion"},{"floor":3,"key":"SteroidPotion"},{"floor":6,"key":"GamblersBrew"},{"floor":8,"key":"Swift Potion"},{"floor":18,"key":"ElixirPotion"},{"floor":28,"key":"SmokeBomb"},{"floor":29,"key":"EntropicBrew"},{"floor":31,"key":"AttackPotion"},{"floor":38,"key":"AttackPotion"}],"is_trial":false,"path_per_floor":["M","M","M","?","M","E","M","E","T","?","$","R","?","M","R","B",null,"M","$","?","M","?","E","R","?","T","?","M","M","$","E","R","B",null,"M","?","?","M","?","E","$","E","T","R","E","R","$","M","R","B",null],"character_chosen":"IRONCLAD","items_purchased":["Immolate","Feel No Pain","Ginger","Membership Card","Offering","Metallicize","Bloodletting","Wild Strike"],"campfire_rested":1,"item_purchase_floors":[11,19,30,41,41,47,47,47],"current_hp_per_floor":[74,75,75,80,74,49,51,27,27,27,27,66,66,69,69,56,74,80,80,74,81,81,83,83,83,83,83,83,86,86,89,89,41,77,87,89,89,89,89,89,89,89,89,89,82,82,89,89,89,75],"gold":55,"neow_bonus":"THREE_ENEMY_KILL","is_daily":false,"chose_seed":false,"campfire_upgraded":6,"win_rate":0.0,"timestamp":1612243563,"path_taken":["M","M","M","?","M","E","M","E","T","?","$","R","?","M","R","BOSS","M","$","?","M","?","E","R","?","T","?","?","M","?","E","R","BOSS","M","?","?","?","?","E","?","E","T","R","E","R","$","M","R","BOSS"],"items_purchased_type":["Card","Card","Relic","Relic","Card","Card","Card","Card"],"build_version":"2020-12-22","purchased_purges":5,"victory":true,"max_hp_per_floor":[75,75,75,80,80,80,80,80,80,80,80,80,80,80,80,80,80,80,80,80,83,83,83,83,83,83,83,86,86,86,89,89,89,89,89,89,89,89,89,89,89,89,89,89,89,89,89,89,89,89],"card_choices":[{"not_picked":["Reckless Charge","Clothesline"],"picked":"Power Through","floor":1},{"not_picked":["Anger","Havoc"],"picked":"Uppercut","floor":2},{"not_picked":["Flex","Thunderclap"],"picked":"Second Wind","floor":3},{"not_picked":["Reckless Charge","Iron Wave"],"picked":"Perfected Strike","floor":5},{"not_picked":["Heavy Blade","Flex","Thunderclap"],"picked":"SKIP","floor":6},{"not_picked":["Shrug It Off","Wild Strike"],"picked":"Power Through","floor":7},{"not_picked":["Combust","Power Through"],"picked":"Fire Breathing","floor":8},{"not_picked":["Pummel","Carnage","Havoc"],"picked":"SKIP","floor":14},{"not_picked":["Juggernaut","Limit Break"],"picked":"Feed","floor":16},{"not_picked":["Hemokinesis","Iron Wave"],"picked":"Second Wind+1","floor":18},{"not_picked":["Sever Soul+1","Inflame"],"picked":"Disarm+1","floor":21},{"not_picked":["Havoc+1","True Grit","Anger"],"picked":"SKIP","floor":23},{"not_picked":["Havoc+1","True Grit","Anger"],"picked":"SKIP","floor":23},{"not_picked":["Warcry","Heavy Blade"],"picked":"Wild Strike+1","floor":28},{"not_picked":["Twin Strike","Flex","Body Slam"],"picked":"SKIP","floor":29},{"not_picked":["Entrench","Warcry"],"picked":"Fire Breathing+1","floor":31},{"not_picked":["Fiend Fire","Feed"],"picked":"Reaper","floor":33},{"not_picked":["Twin Strike","Thunderclap","Warcry"],"picked":"SKIP","floor":35},{"not_picked":["True Grit+1","Exhume"],"picked":"Dual Wield","floor":38},{"not_picked":["Pommel Strike+1","Cleave"],"picked":"Dark Embrace+1","floor":40},{"not_picked":["Warcry","Clash"],"picked":"Barricade","floor":42},{"not_picked":["Havoc","Pummel"],"picked":"Feel No Pain","floor":45},{"not_picked":["Seeing Red","Twin Strike+1"],"picked":"Body Slam+1","floor":48}],"player_experience":723471,"relics_obtained":[{"floor":6,"key":"Matryoshka"},{"floor":8,"key":"Regal Pillow"},{"floor":9,"key":"Anchor"},{"floor":9,"key":"Orichalcum"},{"floor":23,"key":"Art of War"},{"floor":26,"key":"Bag of Preparation"},{"floor":26,"key":"PreservedInsect"},{"floor":31,"key":"Bronze Scales"},{"floor":36,"key":"TungstenRod"},{"floor":40,"key":"MealTicket"},{"floor":42,"key":"Magic Flower"},{"floor":43,"key":"Shuriken"},{"floor":45,"key":"Ancient Tea Set"}],"event_choices":[{"damage_healed":0,"gold_gain":0,"player_choice":"Donut","damage_taken":0,"max_hp_gain":5,"max_hp_loss":0,"event_name":"Big Fish","floor":4,"gold_loss":0},{"damage_healed":0,"gold_gain":0,"player_choice":"Take Wound","damage_taken":0,"relics_obtained":["Golden Idol"],"max_hp_gain":0,"max_hp_loss":0,"event_name":"Golden Idol","floor":10,"gold_loss":0,"cards_obtained":["Injury"]},{"damage_healed":0,"gold_gain":0,"player_choice":"Trade","damage_taken":0,"relics_obtained":["SsserpentHead"],"max_hp_gain":0,"max_hp_loss":0,"event_name":"FaceTrader","floor":13,"gold_loss":0},{"damage_healed":0,"gold_gain":0,"player_choice":"Joined the Cult","damage_taken":6,"max_hp_gain":0,"max_hp_loss":0,"event_name":"Nest","floor":20,"gold_loss":0,"cards_obtained":["RitualDagger"]},{"damage_healed":0,"gold_gain":0,"player_choice":"Read","damage_taken":0,"max_hp_gain":0,"max_hp_loss":0,"event_name":"The Library","floor":22,"gold_loss":0,"cards_obtained":["Burning Pact"]},{"damage_healed":0,"gold_gain":0,"player_choice":"Gave Idol","damage_taken":0,"relics_obtained":["Bloody Idol"],"max_hp_gain":0,"max_hp_loss":0,"event_name":"Forgotten Altar","floor":25,"relics_lost":["Golden Idol"],"gold_loss":0},{"damage_healed":0,"gold_gain":0,"player_choice":"Gave Potion","damage_taken":0,"relics_obtained":["Pen Nib"],"max_hp_gain":0,"max_hp_loss":0,"event_name":"WeMeetAgain","floor":27,"gold_loss":0},{"damage_healed":0,"gold_gain":0,"player_choice":"Fight","damage_taken":0,"max_hp_gain":0,"max_hp_loss":0,"event_name":"MindBloom","floor":36,"gold_loss":0},{"damage_healed":0,"gold_gain":0,"player_choice":"Forge","damage_taken":0,"max_hp_gain":0,"max_hp_loss":0,"event_name":"Accursed Blacksmith","floor":37,"gold_loss":0,"cards_upgraded":["Feel No Pain"]},{"cards_removed":["Defend_R"],"damage_healed":0,"gold_gain":0,"player_choice":"Purged","damage_taken":0,"max_hp_gain":0,"max_hp_loss":0,"event_name":"Purifier","floor":39,"gold_loss":0}],"is_beta":false,"boss_relics":[{"not_picked":["Tiny House","Ectoplasm"],"picked":"Astrolabe"},{"not_picked":["Busted Crown","Fusion Hammer"],"picked":"Philosopher\u0027s Stone"}],"items_purged_floors":[11,19,30,41,47],"is_endless":false,"potions_floor_spawned":[1,3,5,6,8,18,28,29,31,36,38,48],"ascension_level":15}}