{"host":"e3jr8cs0hrgde9ri","time":1612239952,"event":{"mods":["2.2 Compatiblity","BaseMod","Highlight Path","Minty Spire (QoL Compilation)","Permanent Neow","Quick Restart","SuperFastMode"],"gold_per_floor":[116,33,33,52,52,52,77,77,77,101,120,140,140,180,180,180,180],"floor_reached":16,"language":"ENG","playtime":383,"items_purged":[],"score":204,"play_id":"9af6e817-7db0-4f6c-bc50-38a7d42ef129","local_time":"20210201202552","is_ascension_mode":true,"campfire_choices":[{"data":"Deadly Poison","floor":6,"key":"SMITH"},{"data":"Predator","floor":8,"key":"SMITH"},{"data":"Dagger Spray","floor":13,"key":"SMITH"},{"data":"Catalyst","floor":15,"key":"SMITH"}],"circlet_count":0,"master_deck":["AscendersBane","Strike_G","Strike_G","Strike_G","Strike_G","Defend_G","Defend_G","Defend_G","Defend_G","Defend_G","Survivor","Neutralize","Dagger Spray+1","Deadly Poison+1","Predator+1","Catalyst+1","Footwork"],"relics":["Snecko Eye","Golden Idol","Pocketwatch","Orichalcum"],"acts_visited":["Exordium"],"potions_floor_usage":[14,14,16],"damage_taken":[{"damage":8,"enemies":"Small Slimes","floor":1,"turns":4},{"damage":6,"enemies":"Jaw Worm","floor":4,"turns":4},{"damage":0,"enemies":"Cultist","floor":7,"turns":3},{"damage":0,"enemies":"2 Fungi Beasts","floor":10,"turns":3},{"damage":1,"enemies":"Red Slaver","floor":11,"turns":2},{"damage":4,"enemies":"Gremlin Gang","floor":12,"turns":3},{"damage":33,"enemies":"Gremlin Nob","floor":14,"turns":4},{"damage":22,"enemies":"Slime Boss","floor":16,"turns":6}],"seed_played":"-3520852235457644630","potions_obtained":[{"floor":4,"key":"Regen Potion"},{"floor":10,"key":"Ancient Potion"},{"floor":14,"key":"Swift Potion"}],"is_trial":false,"path_per_floor":["M","$","?","M","?","R","M","R","T","M","M","M","R","E","R","B"],"character_chosen":"THE_SILENT","items_purchased":["Dagger Spray","Deadly Poison"],"campfire_rested":0,"item_purchase_floors":[2,2],"current_hp_per_floor":[51,51,51,45,38,38,38,38,38,38,37,33,33,12,12,0,0],"gold":180,"neow_bonus":"BOSS_RELIC","is_daily":false,"chose_seed":false,"campfire_upgraded":4,"win_rate":0.0,"timestamp":1612239952,"path_taken":["M","$","?","M","?","R","M","R","T","M","M","M","R","E","R","BOSS"],"items_purchased_type":["Card","Card"],"build_version":"2020-12-22","purchased_purges":0,"victory":false,"max_hp_per_floor":[66,66,60,60,60,60,60,60,60,60,60,60,60,60,60,60,60],"card_choices":[{"not_picked":["Underhanded Strike","Dodge and Roll","Prepared"],"picked":"SKIP","floor":1},{"not_picked":["Acrobatics","Heel Hook","Deflect"],"picked":"SKIP","floor":4},{"not_picked":["Deadly Poison","Cloak And Dagger"],"picked":"Predator","floor":7},{"not_picked":["Cloak And Dagger","Quick Slash","Burst"],"picked":"SKIP","floor":10},{"not_picked":["Eviscerate","Backflip"],"picked":"Catalyst","floor":11},{"not_picked":["Backstab","Deflect","Catalyst"],"picked":"SKIP","floor":12},{"not_picked":["Dagger Throw","Unload"],"picked":"Footwork","floor":14}],"player_experience":1805260,"relics_obtained":[{"floor":9,"key":"Pocketwatch"},{"floor":14,"key":"Orichalcum"}],"event_choices":[{"damage_healed":0,"gold_gain":0,"player_choice":"Lose Max HP","damage_taken":0,"relics_obtained":["Golden Idol"],"max_hp_gain":0,"max_hp_loss":6,"event_name":"Golden Idol","floor":3,"gold_loss":0},{"cards_removed":["Strike_G"],"damage_healed":0,"gold_gain":0,"player_choice":"Card Removal","damage_taken":7,"max_hp_gain":0,"max_hp_loss":0,"event_name":"Golden Wing","floor":5,"gold_loss":0}],"is_beta":false,"boss_relics":[],"items_purged_floors":[],"is_endless":false,"potions_floor_spawned":[4,10,14],"killed_by":"Slime Boss","ascension_level":20}}