{"host":"Berg","time":1612272655,"event":{"mods":["AchievementEnabler","BaseMod","Colored Map","Downfall","Gremlin Skip","Highlight Path","Minty Spire (QoL Compilation)","Relic Stats","StSLib"],"gold_per_floor":[99,109,123,185,185,205,232,263,263,263,281,311,321,6,19,19,19,19],"floor_reached":16,"language":"ENG","playtime":997,"items_purged":[],"score":107,"play_id":"909f25e0-12de-4d5a-8719-59f6c07cd0ea","local_time":"20210202083055","is_ascension_mode":true,"campfire_choices":[{"data":"hexamod:SpectersWail","floor":1,"key":"SMITH"},{"floor":10,"key":"REST"}],"circlet_count":0,"master_deck":["hexamod:Strike+1","hexamod:Strike","hexamod:Strike","hexamod:Strike","hexamod:Defend","hexamod:Defend+1","hexamod:Defend","hexamod:Defend+1","hexamod:Sear","hexamod:Float","hexamod:SpectersWail+1","hexamod:ThirdSeal","hexamod:Hexaguard+1","hexamod:Firestarter","hexamod:SixthSeal","hexamod:FastForward","hexamod:PowerFromBeyond","hexamod:RadiantFlame","hexamod:CatchUp+1","hexamod:HauntingEcho+1","hexamod:HeatCrush","hexamod:FifthSeal","hexamod:ForkedFlame","expansioncontent:DashGenerateEvil","hexamod:FirstSeal","hexamod:HeatShield"],"relics":["hexamod:SpiritBrand","PreservedInsect","Bronze Scales","Shuriken","Odd Mushroom"],"acts_visited":["Exordium"],"potions_floor_usage":[16,16],"damage_taken":[{"damage":8,"enemies":"2 Louse","floor":2,"turns":2},{"damage":2,"enemies":"Small Slimes","floor":3,"turns":3},{"damage":9,"enemies":"Gremlin Nob","floor":4,"turns":3},{"damage":0,"enemies":"Cultist","floor":6,"turns":4},{"damage":9,"enemies":"Lagavulin","floor":8,"turns":5},{"damage":8,"enemies":"Red Slaver","floor":11,"turns":3},{"damage":14,"enemies":"The Mushroom Lair","floor":12,"turns":3},{"damage":2,"enemies":"3 Louse","floor":13,"turns":2},{"damage":5,"enemies":"downfall:FleeingMerchant","floor":14,"turns":4},{"damage":4,"enemies":"Gremlin Gang","floor":15,"turns":2},{"damage":36,"enemies":"DF_ARCHETYPE_STREAMLINE","floor":16,"turns":8}],"seed_played":"-8239208865114965981","potions_obtained":[{"floor":2,"key":"Dexterity Potion"},{"floor":4,"key":"Weak Potion"},{"floor":11,"key":"PowerPotion"}],"is_trial":false,"path_per_floor":["R","M","M","?","?","M","T","E","?","R","M","?","M","$","M","B"],"character_chosen":"THE_SPIRIT","items_purchased":["expansioncontent:DashGenerateEvil","hexamod:FirstSeal","hexamod:HeatShield"],"campfire_rested":1,"item_purchase_floors":[14,14,14],"current_hp_per_floor":[70,62,60,51,51,51,51,42,47,69,61,47,45,40,36,0,0,0],"gold":19,"neow_bonus":"THREE_CARDS","is_daily":false,"chose_seed":false,"campfire_upgraded":1,"win_rate":0.0,"timestamp":1612272655,"path_taken":["R","M","M","?","?","M","T","E","?","R","M","?","M","$","M","BOSS"],"items_purchased_type":["Card","Card","Card"],"build_version":"2020-12-18","purchased_purges":0,"victory":false,"max_hp_per_floor":[70,70,70,70,70,70,70,70,75,75,75,75,75,75,75,75,75,75],"relic_stats":{"counters":[11,39],"Shuriken":[2],"Bronze Scales":[48],"PreservedInsect":149,"obtain_stats":[{"Shuriken":8,"Bronze Scales":7,"PreservedInsect":4,"Odd Mushroom":12,"hexamod:SpiritBrand":0},{"Shuriken":5,"Bronze Scales":4,"PreservedInsect":2,"Odd Mushroom":7,"hexamod:SpiritBrand":0},{"Shuriken":17,"Bronze Scales":12,"PreservedInsect":5,"Odd Mushroom":23,"hexamod:SpiritBrand":0}]},"card_choices":[{"not_picked":["hexamod:ExtraCrispy","hexamod:Firestarter"],"picked":"hexamod:SpectersWail","floor":0},{"not_picked":["hexamod:Haunt","hexamod:RecurringNightmare"],"picked":"hexamod:ThirdSeal","floor":2},{"not_picked":["hexamod:InspiringFlames","hexamod:FastForward"],"picked":"hexamod:Hexaguard","floor":3},{"not_picked":["hexamod:BurningTouch","hexamod:NecessarySacrifice"],"picked":"hexamod:Firestarter","floor":3},{"not_picked":["hexamod:ThermalTransfer","hexamod:AdvancingGuard"],"picked":"hexamod:SixthSeal","floor":4},{"not_picked":["hexamod:RadiantFlame","hexamod:HeatShield"],"picked":"hexamod:FastForward","floor":4},{"not_picked":["hexamod:HeatMetal","hexamod:ShieldOfDarkness"],"picked":"hexamod:PowerFromBeyond","floor":6},{"not_picked":["hexamod:Again","hexamod:ChargedBarrage"],"picked":"hexamod:RadiantFlame","floor":8},{"not_picked":["hexamod:Firestarter","hexamod:BacktrackSmack","hexamod:Haunt"],"picked":"SKIP","floor":8},{"not_picked":["hexamod:InspiringFlames","hexamod:GhostLash"],"picked":"hexamod:CatchUp","floor":11},{"not_picked":["hexamod:Hexaguard","hexamod:ParanormalForm"],"picked":"hexamod:HauntingEcho","floor":11},{"not_picked":["hexamod:NightmareGuise","hexamod:SwordOfDarkness"],"picked":"hexamod:HeatCrush","floor":12},{"not_picked":["hexamod:FastForward","hexamod:Haunt","hexamod:SpectersWail"],"picked":"SKIP","floor":13},{"not_picked":["hexamod:HeatShield","hexamod:NecessarySacrifice"],"picked":"hexamod:FifthSeal","floor":14},{"not_picked":["hexamod:ChargedBarrage","hexamod:SkipABeat"],"picked":"hexamod:ForkedFlame","floor":14},{"not_picked":["hexamod:InspiringFlames","hexamod:FirstSeal","hexamod:SwordOfDarkness"],"picked":"SKIP","floor":15}],"player_experience":1378921,"relics_obtained":[{"floor":7,"key":"Bronze Scales"},{"floor":8,"key":"Shuriken"},{"floor":12,"key":"Odd Mushroom"}],"event_choices":[{"damage_healed":0,"gold_gain":0,"player_choice":"Donut","damage_taken":0,"max_hp_gain":5,"max_hp_loss":0,"event_name":"Big Fish","floor":9,"gold_loss":0},{"damage_healed":0,"gold_gain":0,"player_choice":"Fought Mushrooms","damage_taken":0,"max_hp_gain":0,"max_hp_loss":0,"event_name":"Mushrooms","floor":12,"gold_loss":0}],"is_beta":true,"boss_relics":[],"items_purged_floors":[],"is_endless":false,"potions_floor_spawned":[2,4,11,12],"killed_by":"DF_ARCHETYPE_STREAMLINE","ascension_level":1}}