{"host":"0v07cr0k93jhgkpm","time":1612246501,"event":{"mods":["BaseMod","Colored Map","DeckTracker","Minty Spire (QoL Compilation)","Quick Restart","SuperFastMode"],"gold_per_floor":[114,130,205,216,233,233,247,247,297,314,314,326,336,336,336,336,336],"floor_reached":16,"language":"KOR","playtime":342,"items_purged":[],"score":192,"play_id":"94d007ee-8ac6-4d70-9f00-9da8b0b47b08","local_time":"20210202151501","is_ascension_mode":true,"campfire_choices":[{"data":"Evolve","floor":6.0,"key":"SMITH"},{"floor":11.0,"key":"REST"},{"data":"Entrench","floor":15,"key":"SMITH"}],"circlet_count":0,"master_deck":["AscendersBane","Strike_R+1","Strike_R","Strike_R","Strike_R","Strike_R","Defend_R","Defend_R","Defend_R","Defend_R","Bash","Evolve+1","Shrug It Off","Shrug It Off","Shrug It Off","Burning Pact+1","Feel No Pain","Bloodletting","Entrench+1","Parasite"],"relics":["Burning Blood","NeowsBlessing","Bag of Preparation"],"acts_visited":["Exordium"],"potions_floor_usage":[16],"damage_taken":[{"damage":0.0,"enemies":"2 Louse","floor":1.0,"turns":1.0},{"damage":0.0,"enemies":"Small Slimes","floor":2.0,"turns":1.0},{"damage":0.0,"enemies":"Cultist","floor":4.0,"turns":1.0},{"damage":15.0,"enemies":"2 Fungi Beasts","floor":5.0,"turns":4.0},{"damage":23.0,"enemies":"Exordium Thugs","floor":7.0,"turns":6.0},{"damage":15.0,"enemies":"Looter","floor":10.0,"turns":4.0},{"damage":12.0,"enemies":"Red Slaver","floor":12.0,"turns":4.0},{"damage":27,"enemies":"Exordium Thugs","floor":13,"turns":7},{"damage":4,"enemies":"Hexaghost","floor":16,"turns":6}],"seed_played":"-1627169757105335355","potions_obtained":[{"floor":1.0,"key":"Dexterity Potion"},{"floor":4.0,"key":"GamblersBrew"}],"is_trial":false,"path_per_floor":["M","M","?","M","M","R","M","?","T","M","R","M","M","?","R","B"],"character_chosen":"IRONCLAD","items_purchased":[],"campfire_rested":1,"item_purchase_floors":[],"current_hp_per_floor":[74,75,64,70,61,61,44,21,21,12,34,28,7,25,25,21,21],"gold":336,"neow_bonus":"THREE_ENEMY_KILL","is_daily":false,"chose_seed":false,"campfire_upgraded":2,"win_rate":0.0,"timestamp":1612246501,"path_taken":["M","M","?","M","M","R","M","?","T","M","R","M","M","?","R","BOSS"],"items_purchased_type":[],"build_version":"2020-12-22","purchased_purges":0,"victory":false,"max_hp_per_floor":[75,75,75,75,75,75,75,75,75,75,75,75,75,75,75,75,75],"card_choices":[{"not_picked":["Sever Soul","Heavy Blade"],"picked":"Evolve","floor":1.0},{"not_picked":["True Grit","Entrench"],"picked":"Shrug It Off","floor":2.0},{"not_picked":["Iron Wave","Clothesline"],"picked":"Shrug It Off","floor":4.0},{"not_picked":["Wild Strike","Warcry"],"picked":"Shrug It Off","floor":5.0},{"not_picked":["Metallicize","Anger"],"picked":"Burning Pact","floor":7.0},{"not_picked":["Shrug It Off","Inflame"],"picked":"Feel No Pain","floor":10.0},{"not_picked":["Headbutt","Anger"],"picked":"Bloodletting","floor":12.0},{"not_picked":["Shrug It Off","Armaments"],"picked":"Entrench","floor":13}],"player_experience":2511134,"relics_obtained":[{"floor":9.0,"key":"Bag of Preparation"}],"event_choices":[{"damage_healed":0.0,"max_hp_gain":0.0,"max_hp_loss":0.0,"gold_gain":75.0,"event_name":"World of Goop","player_choice":"Gather Gold","floor":3.0,"gold_loss":0.0,"damage_taken":11.0},{"damage_healed":0.0,"max_hp_gain":0.0,"max_hp_loss":0.0,"gold_gain":0.0,"event_name":"Shining Light","player_choice":"Entered Light","floor":8.0,"gold_loss":0.0,"damage_taken":23.0,"cards_upgraded":["Strike_R","Burning Pact"]},{"damage_healed":18,"gold_gain":0,"player_choice":"Healed and dodged fight","damage_taken":0,"max_hp_gain":0,"max_hp_loss":0,"event_name":"Mushrooms","floor":14,"gold_loss":0,"cards_obtained":["Parasite"]}],"is_beta":false,"boss_relics":[],"items_purged_floors":[],"is_endless":false,"potions_floor_spawned":[1,4,10],"killed_by":"Hexaghost","ascension_level":20}}