{"host":"qdfumeom6htv8yxl","time":1612300628,"event":{"mods":["AchievementEnabler","BaseMod","Bestiary","Block Reminder","Colored Powertips","Highlight Path","Minty Spire (QoL Compilation)","Quick Restart","Relic Stats"],"gold_per_floor":[118,135,155,155,173,173,173,173],"floor_reached":7,"language":"ENG","playtime":236,"items_purged":[],"score":86,"play_id":"4d6130ad-d83f-4ad0-816d-a6214453f7a3","local_time":"20210202151708","is_ascension_mode":true,"campfire_choices":[{"data":"Beam Cell","floor":6,"key":"SMITH"}],"circlet_count":0,"master_deck":["AscendersBane","Strike_B","Strike_B","Strike_B","Strike_B","Defend_B","Defend_B","Defend_B","Defend_B","Zap","Dualcast","Go for the Eyes","Rebound","Beam Cell+1"],"relics":["Runic Pyramid","Pen Nib"],"acts_visited":[],"potions_floor_usage":[],"damage_taken":[{"damage":9,"enemies":"Jaw Worm","floor":1,"turns":4},{"damage":4,"enemies":"Cultist","floor":2,"turns":4},{"damage":9,"enemies":"2 Louse","floor":3,"turns":3},{"damage":4,"enemies":"Looter","floor":5,"turns":3},{"damage":54,"enemies":"Gremlin Nob","floor":7,"turns":4}],"seed_played":"7268850797873163122","potions_obtained":[{"floor":3,"key":"LiquidMemories"}],"is_trial":false,"path_per_floor":["M","M","M","?","M","R","E"],"character_chosen":"DEFECT","items_purchased":[],"campfire_rested":0,"item_purchase_floors":[],"current_hp_per_floor":[55,51,42,42,38,38,0,0],"gold":173,"neow_bonus":"BOSS_RELIC","is_daily":false,"chose_seed":false,"campfire_upgraded":1,"win_rate":0.0,"timestamp":1612300628,"path_taken":["M","M","M","?","?","R","E"],"items_purchased_type":[],"build_version":"2020-12-22","purchased_purges":0,"victory":false,"max_hp_per_floor":[71,71,71,71,71,71,71,71],"relic_stats":{"counters":[5,18],"Pen Nib":[1],"obtain_stats":[{"Pen Nib":4,"Cracked Core":0,"Runic Pyramid":0},{"Pen Nib":3,"Cracked Core":0,"Runic Pyramid":0},{"Pen Nib":11,"Cracked Core":0,"Runic Pyramid":0}]},"card_choices":[{"not_picked":["Steam","Undo"],"picked":"Go for the Eyes","floor":1},{"not_picked":["Compile Driver","Undo"],"picked":"Rebound","floor":2},{"not_picked":["Hello World","Static Discharge"],"picked":"Undo","floor":3},{"not_picked":["Blizzard","Loop"],"picked":"Beam Cell","floor":5}],"player_experience":1972846,"relics_obtained":[],"event_choices":[{"cards_removed":["Undo"],"damage_healed":0,"gold_gain":0,"player_choice":"Gave Card","damage_taken":0,"relics_obtained":["Pen Nib"],"max_hp_gain":0,"max_hp_loss":0,"event_name":"WeMeetAgain","floor":4,"gold_loss":0}],"is_beta":false,"boss_relics":[],"items_purged_floors":[],"is_endless":false,"potions_floor_spawned":[3],"killed_by":"Gremlin Nob","ascension_level":20}}