{"host":"81vb4cbob60wa1na","time":1612303513,"event":{"mods":["BaseMod","Bestiary","Colored Map","Colored Powertips","Downfall","Highlight Path","Minty Spire (QoL Compilation)","Quick Restart","Rare Cards Sparkle","StSLib"],"gold_per_floor":[111,111,111,42,53,53,79,90,90,90,123,123,138,158,158,256,256,273,273,273,128,148,148,148,160,212,212,227,256,256,171,171,269,319,339,0,20,70,70,70,70,70],"floor_reached":41,"language":"ENG","playtime":1823,"items_purged":[],"score":440,"play_id":"c2fe285e-7fa6-4d3c-940d-03a6fb5d2f92","local_time":"20210202170513","is_ascension_mode":true,"campfire_choices":[{"data":"Double Tap","floor":6,"key":"SMITH"},{"data":"Inflame","floor":12,"key":"SMITH"},{"data":"Inflame","floor":15,"key":"SMITH"},{"data":"Limit Break","floor":23,"key":"SMITH"},{"data":"Battle Trance","floor":27,"key":"SMITH"},{"floor":32,"key":"REST"},{"floor":40,"key":"REST"}],"circlet_count":0,"master_deck":["Defend_R","Defend_R","Defend_R","Bash+1","Double Tap+1","Anger+1","Disarm","Shrug It Off","Inflame+1","Havoc","Inflame+1","Headbutt","Limit Break+1","Thunderclap+1","Slimebound:Tackle+1","Slimebound:Tackle+1","Slimebound:Tackle+1","Flex","Battle Trance+1","Rupture+1","Demon Form","Ghostly Armor+1","Spot Weakness+1","Dual Wield+1"],"relics":["Burning Blood","Self Forming Clay","Bottled Lightning","SlaversCollar","Sling","Nloth\u0027s Gift","Akabeko","Ornamental Fan","Sundial","Tiny House","Red Mask","CaptainsWheel"],"acts_visited":["Exordium","TheCity","TheBeyond"],"potions_floor_usage":[11,16,18,28,30,35,38,38],"damage_taken":[{"damage":6,"enemies":"Jaw Worm","floor":1,"turns":4},{"damage":5,"enemies":"2 Louse","floor":5,"turns":3},{"damage":16,"enemies":"Lagavulin","floor":7,"turns":5},{"damage":0,"enemies":"Cultist","floor":8,"turns":3},{"damage":15,"enemies":"Gremlin Nob","floor":11,"turns":4},{"damage":20,"enemies":"Exordium Thugs","floor":13,"turns":4},{"damage":8,"enemies":"Exordium Wildlife","floor":14,"turns":4},{"damage":32,"enemies":"The Guardian","floor":16,"turns":14},{"damage":2,"enemies":"3 Byrds","floor":18,"turns":4},{"damage":2,"enemies":"Spheric Guardian","floor":22,"turns":3},{"damage":36,"enemies":"Shelled Parasite and Fungi","floor":25,"turns":5},{"damage":10,"enemies":"Chosen and Byrds","floor":28,"turns":5},{"damage":21,"enemies":"Gremlin Leader","floor":29,"turns":3},{"damage":10,"enemies":"Cultist and Chosen","floor":30,"turns":2},{"damage":41,"enemies":"Champ","floor":33,"turns":7},{"damage":18,"enemies":"3 Shapes","floor":35,"turns":5},{"damage":31,"enemies":"3 Darklings","floor":37,"turns":6},{"damage":30,"enemies":"Mind Bloom Boss Battle","floor":38,"turns":6},{"damage":68,"enemies":"Reptomancer","floor":41,"turns":2}],"seed_played":"7022748922828645908","potions_obtained":[{"floor":7,"key":"BlessingOfTheForge"},{"floor":13,"key":"FearPotion"},{"floor":16,"key":"hexamod:SoulburnPotion"},{"floor":25,"key":"SkillPotion"},{"floor":28,"key":"SmokeBomb"},{"floor":33,"key":"Strength Potion"},{"floor":34,"key":"SkillPotion"},{"floor":37,"key":"BloodPotion"}],"is_trial":false,"path_per_floor":["M","?","?","$","M","R","E","M","T","?","E","R","M","M","R","B",null,"M","?","?","$","M","R","?","M","T","R","M","E","M","?","R","B",null,"M","?","M","?","?","R","E"],"character_chosen":"IRONCLAD","items_purchased":["Disarm","Sling"],"campfire_rested":2,"item_purchase_floors":[4,21],"current_hp_per_floor":[80,80,64,64,65,65,55,61,61,61,52,52,38,36,36,10,80,80,80,80,80,80,80,80,50,50,50,46,31,27,27,51,16,85,73,73,48,41,41,66,0,0],"gold":70,"neow_bonus":"ONE_RANDOM_RARE_CARD","is_daily":false,"chose_seed":false,"campfire_upgraded":5,"win_rate":0.0,"timestamp":1612303513,"path_taken":["M","?","?","$","M","R","E","M","T","?","E","R","?","M","R","BOSS","M","?","?","$","M","R","?","?","T","R","M","E","M","?","R","BOSS","M","?","M","?","?","R","E"],"items_purchased_type":["Card","Relic"],"build_version":"2020-12-22","purchased_purges":0,"victory":false,"max_hp_per_floor":[80,80,80,80,80,80,80,80,80,80,80,80,80,80,80,80,80,80,80,80,80,80,80,80,80,80,80,80,80,80,80,80,80,85,85,85,85,85,85,85,85,85],"card_choices":[{"not_picked":["Shrug It Off","Clothesline"],"picked":"Anger","floor":1},{"not_picked":["Clothesline","Infernal Blade"],"picked":"Shrug It Off","floor":5},{"not_picked":["Wild Strike","Havoc"],"picked":"Barricade","floor":7},{"not_picked":["Twin Strike","Heavy Blade"],"picked":"Inflame","floor":8},{"not_picked":["Havoc","Inflame","Flex"],"picked":"SKIP","floor":11},{"not_picked":["Havoc","Flex"],"picked":"Inflame","floor":11},{"not_picked":["Dropkick","Dark Embrace","Perfected Strike"],"picked":"SKIP","floor":13},{"not_picked":["Uppercut","Rage"],"picked":"Headbutt","floor":14},{"not_picked":["Brutality","Feed"],"picked":"Limit Break","floor":16},{"not_picked":["Iron Wave","Ghostly Armor"],"picked":"Thunderclap+1","floor":18},{"not_picked":["Clash+1","Carnage"],"picked":"Flex","floor":22},{"not_picked":["Burning Pact+1","Cleave"],"picked":"Battle Trance","floor":25},{"not_picked":["Combust","Seeing Red","Clash"],"picked":"SKIP","floor":28},{"not_picked":["Clothesline","Exhume"],"picked":"Rupture","floor":29},{"not_picked":["Offering","Feed"],"picked":"Demon Form","floor":33},{"not_picked":["Searing Blow","Rampage+1"],"picked":"Ghostly Armor+1","floor":35},{"not_picked":["Perfected Strike","Reaper"],"picked":"Spot Weakness+1","floor":37},{"not_picked":["Ghostly Armor+1","Fire Breathing+1"],"picked":"Dual Wield+1","floor":38}],"player_experience":223860,"relics_obtained":[{"floor":7,"key":"Mercury Hourglass"},{"floor":9,"key":"Self Forming Clay"},{"floor":11,"key":"Bottled Lightning"},{"floor":26,"key":"Akabeko"},{"floor":29,"key":"Ornamental Fan"},{"floor":38,"key":"CaptainsWheel"}],"event_choices":[{"damage_healed":0,"gold_gain":0,"player_choice":"Grow","damage_taken":0,"max_hp_gain":0,"max_hp_loss":0,"event_name":"Living Wall","floor":2,"gold_loss":0,"cards_upgraded":["Anger"]},{"damage_healed":0,"gold_gain":0,"player_choice":"Entered Light","damage_taken":16,"max_hp_gain":0,"max_hp_loss":0,"event_name":"Shining Light","floor":3,"gold_loss":0,"cards_upgraded":["Bash","Defend_R"]},{"damage_healed":0,"gold_gain":0,"cards_transformed":["Barricade"],"player_choice":"Transformed","damage_taken":0,"max_hp_gain":0,"max_hp_loss":0,"event_name":"Transmorgrifier","floor":10,"gold_loss":0,"cards_obtained":["Havoc"]},{"damage_healed":0,"gold_gain":0,"player_choice":"Ignored","damage_taken":0,"max_hp_gain":0,"max_hp_loss":0,"event_name":"Beggar","floor":20,"gold_loss":0},{"damage_healed":0,"gold_gain":0,"player_choice":"Traded Relic","damage_taken":0,"relics_obtained":["Nloth\u0027s Gift"],"max_hp_gain":0,"max_hp_loss":0,"event_name":"N\u0027loth","floor":24,"relics_lost":["Mercury Hourglass"],"gold_loss":0},{"damage_healed":0,"gold_gain":0,"player_choice":"Obtained Relic","damage_taken":0,"relics_obtained":["Sundial"],"max_hp_gain":0,"max_hp_loss":0,"event_name":"Addict","floor":31,"gold_loss":85},{"damage_healed":0,"gold_gain":0,"player_choice":"Paid","damage_taken":0,"relics_obtained":["Red Mask"],"max_hp_gain":0,"max_hp_loss":0,"event_name":"Tomb of Lord Red Mask","floor":36,"gold_loss":339},{"damage_healed":0,"gold_gain":0,"player_choice":"Fight","damage_taken":0,"max_hp_gain":0,"max_hp_loss":0,"event_name":"MindBloom","floor":38,"gold_loss":0},{"cards_removed":["Defend_R"],"damage_healed":0,"gold_gain":0,"player_choice":"Removed Skill","damage_taken":0,"max_hp_gain":0,"max_hp_loss":0,"event_name":"Falling","floor":39,"gold_loss":0}],"is_beta":false,"boss_relics":[{"not_picked":["Busted Crown","Snecko Eye"],"picked":"SlaversCollar"},{"not_picked":["Runic Dome","Runic Pyramid"],"picked":"Tiny House"}],"items_purged_floors":[],"is_endless":false,"potions_floor_spawned":[7,13,16,25,28,30,33,37],"killed_by":"Reptomancer","ascension_level":1}}