{"host":"4rvk26w7t08d5zdj","time":1612232644,"event":{"mods":["AchievementEnabler","BaseMod","Colored Powertips","Conspire","Energized Spire","GifTheSpireLib","Minty Spire (QoL Compilation)","Rare Cards Sparkle","Relic Filter Mod","Reliquary","StSLib","The Animator","The Blue Laboratory"],"gold_per_floor":[124,124,124,147,147,190,208,208,208,220,238,413,439,482,482,586,586,618,533,533,533,514,514,389,389,389,406,416,416,428,444,444,444,444],"floor_reached":33,"language":"ENG","playtime":2380,"items_purged":[],"score":284,"play_id":"6ff6b8e3-6335-41a7-9e92-8d26776ea636","local_time":"20210201182404","is_ascension_mode":false,"campfire_choices":[{"data":"animator:Pride","floor":8.0,"key":"SMITH"},{"floor":15.0,"key":"REST"},{"floor":23.0,"key":"REST"},{"floor":29.0,"key":"REST"},{"floor":32,"key":"REST"}],"circlet_count":0,"master_deck":["animator:Strike_Elsword","animator:Defend_Elsword","animator:Strike","animator:Strike","animator:Defend","animator:Chung","animator:Raven","animator:Ain","animator:Aisha","animator:Pride+1","animator:Rena","animator:Ciel","animator:DolaSchwi","animator:ElricEdward","Doubt","animator:DwarfShaman","animator:Lu","animator:GoblinSlayer","animator:RoyMustang+1","animator:Ain+1","animator:Sebas+1","animator:Caster","animator:Jibril","animator:SakuraMatou","animator:Shuna","animator:Ara+1","animator:Elsword","animator:PandorasActor","animator:DwarfShaman+1"],"relics":["animator:LivingPicture","animator:TheMissingPiece","animator:PurgingStone","animator:AlchemistGlove","Strawberry","StoneCalendar","Ginger","Astrolabe","Paper Frog","Peace Pipe","Unceasing Top","Mercury Hourglass"],"acts_visited":["Exordium","TheCity"],"potions_floor_usage":[30,31],"damage_taken":[{"damage":0.0,"enemies":"conspire:RoseBush","floor":1.0,"turns":3.0},{"damage":3.0,"enemies":"Jaw Worm","floor":4.0,"turns":8.0},{"damage":3.0,"enemies":"Lagavulin","floor":6.0,"turns":8.0},{"damage":0.0,"enemies":"Small Slimes","floor":7.0,"turns":5.0},{"damage":10.0,"enemies":"Exordium Wildlife","floor":10.0,"turns":7.0},{"damage":0.0,"enemies":"conspire:2 RoseBushes","floor":11.0,"turns":5.0},{"damage":2.0,"enemies":"3 Sentries","floor":13.0,"turns":7.0},{"damage":7.0,"enemies":"Looter","floor":14.0,"turns":3.0},{"damage":26.0,"enemies":"The Guardian","floor":16.0,"turns":7.0},{"damage":8.0,"enemies":"Chosen","floor":18.0,"turns":5.0},{"damage":0.0,"enemies":"conspire:MimicChest","floor":21.0,"turns":1.0},{"damage":35.0,"enemies":"2 Thieves","floor":22.0,"turns":4.0},{"damage":21.0,"enemies":"Snake Plant","floor":27.0,"turns":4.0},{"damage":2.0,"enemies":"Snecko","floor":28.0,"turns":3.0},{"damage":12,"enemies":"Centurion and Healer","floor":30,"turns":7},{"damage":17,"enemies":"Snake Plant","floor":31,"turns":3},{"damage":68,"enemies":"Automaton","floor":33,"turns":6}],"seed_played":"-4092742361249311035","potions_obtained":[{"floor":1.0,"key":"BlessingOfTheForge"},{"floor":10.0,"key":"blueLaboratory:Moonshine"},{"floor":11.0,"key":"blueLaboratory:FrostheartPotion"},{"floor":13.0,"key":"animator:GrowthPotion"},{"floor":14.0,"key":"SmokeBomb"},{"floor":18.0,"key":"Strength Potion"},{"floor":27.0,"key":"blueLaboratory:HorrorPotion"},{"floor":30,"key":"blueLaboratory:AbyssPotion"}],"is_trial":false,"path_per_floor":["M","?","?","M","?","E","M","R","T","M","M","?","E","M","R","B",null,"M","?","?","?","M","R","$","?","T","M","M","R","M","M","R","B"],"character_chosen":"THE_ANIMATOR","items_purchased":["animator:SakuraMatou","animator:Shuna"],"campfire_rested":4,"item_purchase_floors":[24,24],"current_hp_per_floor":[67,67,72,69,44,48,49,49,49,39,40,40,38,31,55,29,81,73,73,73,73,38,62,62,62,62,43,41,65,53,36,60,0,0],"gold":444,"neow_bonus":"THREE_CARDS","is_daily":false,"chose_seed":false,"campfire_upgraded":1,"win_rate":0.0,"timestamp":1612232644,"path_taken":["M","?","?","M","?","E","M","R","T","M","?","?","E","M","R","BOSS","M","?","?","?","M","R","$","?","T","M","?","R","M","M","R","BOSS"],"items_purchased_type":["Card","Card"],"build_version":"2020-12-22","purchased_purges":0,"victory":false,"max_hp_per_floor":[67,67,72,72,72,79,80,80,80,80,81,81,81,81,81,81,81,81,81,81,81,81,81,81,81,81,83,83,83,83,83,83,83,83],"card_choices":[{"not_picked":["animator:ElricAlphonse","animator:DolaSchwi"],"picked":"animator:Ain","floor":0.0},{"not_picked":["animator:Tet","animator:Kazuma"],"picked":"animator:Aisha","floor":1.0},{"not_picked":["animator:DolaSchwi","animator:ChlammyZell"],"picked":"animator:Pride","floor":4.0},{"not_picked":["animator:Emonzaemon","animator:Envy"],"picked":"animator:Rena","floor":6.0},{"not_picked":["animator:Ara","animator:Raven"],"picked":"animator:Ciel","floor":7.0},{"not_picked":["animator:Alexander","animator:WinryRockbell"],"picked":"animator:DolaSchwi","floor":10.0},{"not_picked":["animator:Shalltear","animator:WinryRockbell"],"picked":"animator:ElricEdward","floor":11.0},{"not_picked":["animator:WinryRockbell","animator:Hans"],"picked":"animator:DwarfShaman","floor":13.0},{"not_picked":["animator:Ain","animator:Ara"],"picked":"animator:Lu","floor":14.0},{"not_picked":["animator:Rimuru","animator:HigakiRinne"],"picked":"animator:GoblinSlayer","floor":16.0},{"not_picked":["animator:ChlammyZell","animator:ElricEdward"],"picked":"animator:Caster","floor":18.0},{"not_picked":["animator:DolaCouronne","animator:Kazuma"],"picked":"animator:Jibril","floor":22.0},{"not_picked":["animator:Megumin","animator:Mitsurugi"],"picked":"animator:Ara+1","floor":27.0},{"not_picked":["animator:Raven","animator:Ara"],"picked":"animator:Elsword","floor":28.0},{"not_picked":["animator:UneriGinkaku","animator:Ciel"],"picked":"animator:PandorasActor","floor":30},{"not_picked":["animator:Hans","animator:Darkness"],"picked":"animator:DwarfShaman+1","floor":31}],"player_experience":1064881,"relics_obtained":[{"floor":6.0,"key":"Strawberry"},{"floor":9.0,"key":"StoneCalendar"},{"floor":13.0,"key":"Ginger"},{"floor":26.0,"key":"Mercury Hourglass"}],"event_choices":[{"damage_healed":0.0,"max_hp_gain":0.0,"max_hp_loss":0.0,"gold_gain":0.0,"event_name":"The Cleric","player_choice":"Leave","floor":2.0,"gold_loss":0.0,"damage_taken":0.0},{"damage_healed":0.0,"max_hp_gain":5.0,"max_hp_loss":0.0,"gold_gain":0.0,"event_name":"Big Fish","player_choice":"Donut","floor":3.0,"gold_loss":0.0,"damage_taken":0.0},{"damage_healed":0.0,"max_hp_gain":0.0,"max_hp_loss":0.0,"gold_gain":0.0,"event_name":"Scrap Ooze","player_choice":"Success","floor":5.0,"gold_loss":0.0,"damage_taken":25.0,"relics_obtained":["animator:AlchemistGlove"]},{"damage_healed":0.0,"max_hp_gain":0.0,"max_hp_loss":0.0,"gold_gain":175.0,"event_name":"Liars Game","player_choice":"AGREE","floor":12.0,"gold_loss":0.0,"damage_taken":0.0,"cards_obtained":["Doubt"]},{"damage_healed":0.0,"max_hp_gain":0.0,"max_hp_loss":0.0,"gold_gain":0.0,"event_name":"Addict","player_choice":"Obtained Relic","floor":19.0,"gold_loss":85.0,"damage_taken":0.0,"relics_obtained":["Paper Frog"]},{"damage_healed":0.0,"max_hp_gain":0.0,"max_hp_loss":0.0,"gold_gain":0.0,"event_name":"The Mausoleum","player_choice":"Opened","floor":20.0,"gold_loss":0.0,"damage_taken":0.0,"relics_obtained":["Peace Pipe"]},{"damage_healed":0.0,"max_hp_gain":0.0,"max_hp_loss":0.0,"gold_gain":0.0,"event_name":"WeMeetAgain","player_choice":"Gave Potion","floor":25.0,"gold_loss":0.0,"damage_taken":0.0,"relics_obtained":["Unceasing Top"]}],"is_beta":false,"boss_relics":[{"not_picked":["SacredBark","Velvet Choker"],"picked":"Astrolabe"}],"items_purged_floors":[],"is_endless":false,"potions_floor_spawned":[1,10,11,13,14,18,27,30],"killed_by":"Automaton","ascension_level":0}}