{"host":"spoxbmo2txwgdxt2","time":1612248520,"event":{"mods":["AchievementEnabler","Act Like it!","BaseMod","Colored Powertips","Gensokyo","Hallownest","Lobotomy","LobotomyExtend","Minty Spire (QoL Compilation)","Quick Restart","Remilia£®¿Ÿ√◊¿Ú—«£©","Shop Mod","StSLib"],"gold_per_floor":[115,132,132,142,142,142,142],"floor_reached":6,"language":"ZHS","playtime":542,"items_purged":[],"score":36,"play_id":"076a8d86-ad2e-4a64-a08c-42c2be3ffdab","local_time":"20210202144840","is_ascension_mode":false,"campfire_choices":[],"circlet_count":0,"master_deck":["Strike_RM+1","Strike_RM","Strike_RM","Strike_RM","Defend_RM","Defend_RM","Defend_RM","Defend_RM","RedMoon","ScarletShoot","Variant","GlobalNightmare","BeautyBeast","Ultimatum+1","Regret","VoidDream"],"relics":["ScarletHat","CogitoBucket","LetterFromLob","Gungnir"],"acts_visited":["Exordium"],"potions_floor_usage":[4],"damage_taken":[{"damage":0.0,"enemies":"Jaw Worm","floor":1.0,"turns":4.0},{"damage":0,"enemies":"Small Slimes","floor":2,"turns":5},{"damage":4,"enemies":"Cultist","floor":4,"turns":3},{"damage":9,"enemies":"3 Sentries","floor":6,"turns":4}],"seed_played":"4352343596269524007","potions_obtained":[{"floor":4,"key":"Fruit Juice"}],"is_trial":false,"path_per_floor":["M","M","?","M","?","E"],"character_chosen":"REMILIA","items_purchased":[],"campfire_rested":0,"item_purchase_floors":[],"current_hp_per_floor":[75,75,75,76,60,53,53],"gold":142,"neow_bonus":"","is_daily":false,"chose_seed":false,"campfire_upgraded":0,"win_rate":0.0,"timestamp":1612248520,"path_taken":["M","M","?","M","?","E"],"items_purchased_type":[],"build_version":"2020-12-22","purchased_purges":0,"victory":false,"max_hp_per_floor":[75,75,75,80,80,80,80],"card_choices":[{"not_picked":["MeatLantern","OldLady"],"picked":"Variant","floor":1.0},{"not_picked":["Maim","BloodHunter"],"picked":"GlobalNightmare","floor":1.0},{"not_picked":["Murderer","WallGazer"],"picked":"BeautyBeast","floor":2},{"not_picked":["BloodHunter","EndlessAdversity"],"picked":"Ultimatum","floor":2},{"not_picked":["Mercenary","UniverseFragment"],"picked":"VoidDream","floor":4},{"not_picked":["CharismaGuard","DevilSight","BloodHunter"],"picked":"SKIP","floor":4},{"not_picked":["ScarletDevil","CurseOfVladTepes","BlasphemousPunishment"],"picked":"SKIP","floor":4}],"player_experience":319366,"relics_obtained":[{"floor":1.0,"key":"LetterFromLob"}],"event_choices":[{"damage_healed":0,"gold_gain":0,"player_choice":"Box","damage_taken":0,"relics_obtained":["Gungnir"],"max_hp_gain":0,"max_hp_loss":0,"event_name":"Big Fish","floor":3,"gold_loss":0,"cards_obtained":["Regret"]},{"damage_healed":0,"gold_gain":0,"player_choice":"Entered Light","damage_taken":16,"max_hp_gain":0,"max_hp_loss":0,"event_name":"Shining Light","floor":5,"gold_loss":0,"cards_upgraded":["Ultimatum","Strike_RM"]}],"is_beta":false,"boss_relics":[],"items_purged_floors":[],"is_endless":false,"potions_floor_spawned":[4],"killed_by":"3 Sentries","ascension_level":0}}