{"host":"jhywql2x2v3ppvhm","time":1612284008,"event":{"mods":["BaseMod","Colored Map","Colored Powertips","Downfall","Googly Eyes","Hermit","Marisa????????","Minty Spire (QoL Compilation)","Rare Cards Sparkle","Shop Mod","Slay the Relics Exporter","StSLib","The Animator","The Bug Knight","The Cursed","The Disciple","The Necromancer","The Runesmith","The Servant 0.9.4","slay the spire mod where everything is the same but ironclad has a cowboy hat"],"gold_per_floor":[99,114,132,132,132,149,175,15,115,115,133,189,114,127,137,240,240,90,107,307,307,324,324,324,334,344,61,79,106,68,93,118,230,242,4,28,2,15,66,98,123,123,73,84,111,1,12,12,12,12,12],"floor_reached":49,"language":"ENG","playtime":2579,"items_purged":["downfall:Malfunctioning","downfall:Haunted"],"score":659,"play_id":"e34f74bb-f711-49b7-9088-f94df3a704bf","local_time":"20210202114008","is_ascension_mode":false,"campfire_choices":[{"data":"Slimebound:Split","floor":1.0,"key":"SMITH"},{"floor":10,"key":"RECALL"},{"data":"Slimebound:SplitBruiser","floor":18,"key":"SMITH"},{"data":"Slimebound:SplitBruiser","floor":30,"key":"SMITH"},{"data":"Slimebound:ProtectTheBoss","floor":35,"key":"SMITH"},{"floor":43,"key":"DIG"}],"circlet_count":0,"master_deck":["Slimebound:Strike_Slimebound","Slimebound:Strike_Slimebound","Slimebound:Strike_Slimebound+1","Slimebound:Tackle+1","Slimebound:Defend_Slimebound","Slimebound:Defend_Slimebound","Slimebound:Defend_Slimebound+1","Slimebound:Defend_Slimebound","Slimebound:Split+1","Slimebound:CorrosiveSpit","Slimebound:OneTwoCombo+1","Slimebound:SlimeTap","Slimebound:SplitBruiser+1","Slimebound:SplitBruiser+1","Slimebound:SplitSpecialist","Slimebound:RallyTheTroops","Slimebound:MinionMaster","Slimebound:PressTheAttack","Slimebound:LeadByExample+1","Slimebound:SplitAcid","Slimebound:ProtectTheBoss+1","Slimebound:SplitAcid+1","Slimebound:SplitBruiser+1","Slimebound:SplitBruiser+1","Slimebound:Darklings","CurseOfTheBell","Slimebound:SlimeBrawl+1","Slimebound:SplitAcid","Slimebound:SplitBruiser","Slimebound:FormOfPuddle","Slimebound:SplitBruiser","Slimebound:SlimeBrawl","Slimebound:SplitBruiser","Slimebound:Repurpose","Parasite","Slimebound:DivideAndConquer","Slimebound:SplitBruiser+1","Wraith"],"relics":["Slimebound:AbsorbEndCombat","Potion Belt","Membership Card","Pear","Slimebound:GreedOozeRelic","SacredBark","downfall:HeartBlessingRed","The Courier","PreservedInsect","Calling Bell","Slimebound:StickyStick","White Beast Statue","Torii","downfall:HeartBlessingGreen","downfall:HeartBlessingBlue","Strawberry","HollowMod:StagPassRelic","Shovel","Nunchaku","Akabeko","Regal Pillow","MerchantsRug","Runesmith:AutoHammer","TungstenRod","War Paint"],"acts_visited":["Exordium","TheCity","TheBeyond"],"potions_floor_usage":[16,22,28,29,33,33,38,45,47],"damage_taken":[{"damage":1.0,"enemies":"Jaw Worm","floor":2.0,"turns":3.0},{"damage":1,"enemies":"Cultist","floor":3,"turns":4},{"damage":0,"enemies":"Small Slimes","floor":6,"turns":2},{"damage":5,"enemies":"downfall:FleeingMerchant","floor":8,"turns":4},{"damage":8,"enemies":"3 Louse","floor":11,"turns":2},{"damage":21,"enemies":"3 Sentries","floor":12,"turns":4},{"damage":0,"enemies":"Large Slime","floor":14,"turns":3},{"damage":0,"enemies":"2 Fungi Beasts","floor":15,"turns":2},{"damage":4,"enemies":"SI_SHIV_ARCHETYPE","floor":16,"turns":5},{"damage":10,"enemies":"Spheric Guardian","floor":19,"turns":3},{"damage":15,"enemies":"3 Byrds","floor":22,"turns":3},{"damage":17,"enemies":"Centurion and Healer","floor":25,"turns":3},{"damage":16,"enemies":"Cultist and Chosen","floor":26,"turns":4},{"damage":7,"enemies":"downfall:FleeingMerchant","floor":27,"turns":4},{"damage":0,"enemies":"3 Cultists","floor":28,"turns":2},{"damage":16,"enemies":"Slavers","floor":29,"turns":3},{"damage":14,"enemies":"Snake Plant","floor":31,"turns":3},{"damage":0,"enemies":"Snecko","floor":32,"turns":3},{"damage":16,"enemies":"IC_MUSHROOM_ARCHETYPE","floor":33,"turns":3},{"damage":11,"enemies":"3 Shapes","floor":36,"turns":2},{"damage":0,"enemies":"downfall:FleeingMerchant","floor":37,"turns":2},{"damage":38,"enemies":"3 Darklings","floor":38,"turns":5},{"damage":20,"enemies":"2 Orb Walkers","floor":39,"turns":3},{"damage":23,"enemies":"Reptomancer","floor":40,"turns":4},{"damage":0,"enemies":"Writhing Mass","floor":44,"turns":4},{"damage":45,"enemies":"Nemesis","floor":45,"turns":3},{"damage":9,"enemies":"Jaw Worm Horde","floor":47,"turns":3},{"damage":9,"enemies":"Spire Growth","floor":49,"turns":1}],"seed_played":"7067703313915345839","potions_obtained":[{"floor":2.0,"key":"LiquidMemories"},{"floor":5,"key":"downfall:CursedFountainPotion"},{"floor":14,"key":"Fire Potion"},{"floor":16,"key":"Slimebound:SpawnSlimePotion"},{"floor":25,"key":"Slimebound:ThreeZeroPotion"},{"floor":29,"key":"sneckomod:MuddlingPotion"},{"floor":33,"key":"Block Potion"},{"floor":36,"key":"sneckomod:MuddlingPotion"},{"floor":37,"key":"SteroidPotion"},{"floor":38,"key":"Fire Potion"},{"floor":39,"key":"FairyPotion"},{"floor":40,"key":"champ:CounterPotion"},{"floor":44,"key":"Energy Potion"},{"floor":45,"key":"FearPotion"},{"floor":47,"key":"BlessingOfTheForge"}],"is_trial":false,"path_per_floor":["R","M","M","?","?","M","T","$","?","R","M","?","?","M","M","B",null,"R","M","?","?","M","T","T","M","M","$","M","E","R","M","M","B",null,"R","M","$","M","?","E","T","?","R","M","E","$","M","?","M"],"character_chosen":"SLIMEBOUND","items_purchased":["Membership Card","Lizard Tail","Slimebound:ProtectTheBoss","PreservedInsect","Fire Potion","Explosive Potion","Strawberry","Slimebound:SplitBruiser","HollowMod:StagPassRelic","Slimebound:FormOfPuddle","Slimebound:SplitBruiser","Slimebound:SlimeBrawl","Slimebound:SplitBruiser","Slimebound:Repurpose","MerchantsRug","Runesmith:AutoHammer","Slimebound:SplitBruiser","TungstenRod","War Paint"],"campfire_rested":0,"item_purchase_floors":[8,27,27,27,27,27,37,37,37,37,37,37,37,37,46,46,46,46,46],"current_hp_per_floor":[65,65,65,65,65,65,65,62,62,62,56,47,47,47,49,49,75,75,65,65,65,50,50,50,33,19,14,14,37,37,23,25,15,75,85,74,81,43,23,57,57,57,57,57,12,12,3,3,0,0,0],"gold":12,"neow_bonus":"ONE_RANDOM_RARE_CARD","is_daily":false,"chose_seed":false,"campfire_upgraded":4,"win_rate":0.0,"timestamp":1612284008,"path_taken":["R","M","M","?","?","?","T","$","?","R","M","?","?","M","M","BOSS","R","M","?","?","M","?","T","M","M","?","M","E","R","M","M","BOSS","R","M","$","M","?","E","T","?","R","M","E","$","M","?","M"],"items_purchased_type":["Relic","Relic","Card","Relic","Potion","Potion","Relic","Card","Relic","Card","Card","Card","Card","Card","Relic","Relic","Card","Relic","Relic"],"build_version":"2020-12-22","purchased_purges":2,"victory":false,"max_hp_per_floor":[65,65,65,65,65,65,65,65,65,65,65,75,75,75,75,75,75,75,75,75,75,75,75,75,75,75,75,75,75,75,75,75,75,75,85,85,92,92,92,92,92,92,92,92,92,92,92,92,92,92,92],"card_choices":[{"not_picked":["Slimebound:ServeAndProtect","Slimebound:SamplingLick"],"picked":"Slimebound:SlimeTap","floor":2.0},{"not_picked":["Slimebound:SlimeTap","Slimebound:HauntingLick"],"picked":"Slimebound:SplitBruiser","floor":3},{"not_picked":["Slimebound:DisruptingSlam","Slimebound:Dissolve","Slimebound:RainOfGoop"],"picked":"SKIP","floor":6},{"not_picked":["Slimebound:SplitAcid","Slimebound:GoopTackle"],"picked":"Slimebound:SplitBruiser","floor":8},{"not_picked":["Slimebound:SlimeSpikes","Slimebound:DisruptingSlam","Slimebound:LivingWall"],"picked":"SKIP","floor":11},{"not_picked":["Slimebound:GoopTackle","Slimebound:Replication"],"picked":"Slimebound:SplitSpecialist","floor":12},{"not_picked":["Slimebound:ComboTackle","Slimebound:FinishingTackle","Slimebound:Replication"],"picked":"SKIP","floor":14},{"not_picked":["Slimebound:FlameTackle","Slimebound:HauntingLick"],"picked":"Slimebound:RallyTheTroops","floor":15},{"not_picked":["Slimebound:TagTeam","Slimebound:LeechLife"],"picked":"Slimebound:MinionMaster","floor":16},{"not_picked":["Slimebound:GoopTackle","Slimebound:ComboTackle+1","Slimebound:Dissolve+1"],"picked":"SKIP","floor":19},{"not_picked":["Slimebound:GoopTackle","Slimebound:Recollect","Slimebound:LivingWall"],"picked":"SKIP","floor":22},{"not_picked":["Slimebound:SlimeSpikes","Slimebound:Schlurp"],"picked":"Slimebound:PressTheAttack","floor":25},{"not_picked":["Slimebound:ItLooksTasty","Slimebound:LivingWall"],"picked":"Slimebound:LeadByExample+1","floor":26},{"not_picked":["Slimebound:SplitBruiser","Slimebound:ItLooksTasty+1"],"picked":"Slimebound:SplitAcid","floor":27},{"not_picked":["Slimebound:FinishingTackle+1","Slimebound:GoopSpray","Slimebound:RollThrough"],"picked":"SKIP","floor":28},{"not_picked":["Slimebound:RollThrough+1","Slimebound:ItLooksTasty"],"picked":"Slimebound:SplitAcid+1","floor":29},{"not_picked":["Slimebound:LivingWall","Slimebound:AcidTongue"],"picked":"Slimebound:SplitBruiser","floor":31},{"not_picked":["Slimebound:LeechingTouch","Slimebound:LeechEnergy"],"picked":"Slimebound:SplitBruiser+1","floor":32},{"not_picked":["Slimebound:LeechLife","Slimebound:MassFeed"],"picked":"Slimebound:Darklings","floor":33},{"not_picked":["Slimebound:GoopSpray","Slimebound:Replication"],"picked":"Slimebound:SlimeBrawl+1","floor":36},{"not_picked":["Slimebound:ComboTackle","Slimebound:ProtectTheBoss"],"picked":"Slimebound:SplitAcid","floor":37},{"not_picked":["Slimebound:SplitAcid","Slimebound:LivingWall+1","Slimebound:Grow+1"],"picked":"SKIP","floor":38},{"not_picked":["Slimebound:AcidTongue","Slimebound:FinishingTackle","Slimebound:BestDefense+1"],"picked":"SKIP","floor":40},{"not_picked":["Slimebound:SlimeSpikes","Slimebound:RejuvenatingLick","Slimebound:PressTheAttack+1"],"picked":"SKIP","floor":44},{"not_picked":["Slimebound:SamplingLick","Slimebound:SpikyOuterGoop"],"picked":"Slimebound:DivideAndConquer","floor":45},{"not_picked":["Slimebound:RollThrough+1","Slimebound:ComboTackle+1","Slimebound:ItLooksTasty+1"],"picked":"SKIP","floor":47}],"player_experience":200778,"relics_obtained":[{"floor":7,"key":"Potion Belt"},{"floor":12,"key":"Pear"},{"floor":23,"key":"The Courier"},{"floor":29,"key":"MawBank"},{"floor":34,"key":"Slimebound:StickyStick"},{"floor":34,"key":"White Beast Statue"},{"floor":34,"key":"Torii"},{"floor":39,"key":"Shovel"},{"floor":40,"key":"Nunchaku"},{"floor":41,"key":"Akabeko"},{"floor":42,"key":"Kunai"},{"floor":43,"key":"Regal Pillow"},{"floor":45,"key":"Art of War"}],"event_choices":[{"damage_healed":0,"gold_gain":0,"player_choice":"Fight","damage_taken":0,"max_hp_gain":0,"max_hp_loss":0,"event_name":"Mysterious Sphere","floor":39,"gold_loss":0},{"damage_healed":0,"gold_gain":0,"player_choice":"Ignored","damage_taken":0,"max_hp_gain":0,"max_hp_loss":0,"event_name":"OrinTheCat","floor":48,"gold_loss":0}],"is_beta":false,"boss_relics":[{"not_picked":["Velvet Choker","Cursed Key"],"picked":"SacredBark"},{"not_picked":["Busted Crown","Slimebound:AbsorbEndCombatUpgraded"],"picked":"Calling Bell"}],"items_purged_floors":[27,37],"is_endless":false,"potions_floor_spawned":[2,14,16,25,29,33,36,37,38,39,40,44,45,47],"killed_by":"Spire Growth","ascension_level":0}}