{"host":"sc0o2qwpf9j16a4i","time":1612262508,"event":{"mods":["AchievementEnabler","BaseMod","BetterRewards","Block Reminder","Colored Map","Colored Powertips","Custom Start","Highlight Path","Minty Spire (QoL Compilation)","Relic Stats"],"gold_per_floor":[114,131,143,143,19,54,74,86,111,111,138,155,155,155,155,256,256,276,294,310,310,365,365,401,401,449,472,492,26,65,79,79,183,183,203,213,222,222,238,238,252,273,343,343,12,12,40,76,76,76,76],"floor_reached":50,"language":"ENG","playtime":1366,"items_purged":["Regret"],"score":596,"play_id":"f1b7b132-fafd-41e8-aff7-0dde55df1581","local_time":"20210202124148","daily_mods":["Chimera","Uncertain Future","Lethality"],"is_ascension_mode":false,"campfire_choices":[{"floor":10,"key":"REST"},{"floor":13,"key":"REST"},{"data":"Eruption","floor":15,"key":"SMITH"},{"data":"Bash","floor":23,"key":"SMITH"},{"floor":25,"key":"REST"},{"floor":32,"key":"REST"},{"floor":44,"key":"REST"},{"floor":46,"key":"REST"},{"data":"Accuracy","floor":49,"key":"SMITH"}],"circlet_count":0,"master_deck":["Bash+1","Survivor","Zap","Eruption+1","Strike_R","Strike_G","Strike_B","Defend_R","Defend_G","Defend_P","Dagger Throw","Infinite Blades","Poisoned Stab","Flying Knee","Dagger Spray","Masterful Stab","Glass Knife","Quick Slash","Bullet Time","PiercingWail","Night Terror","Dodge and Roll","Apotheosis","Bouncing Flask","Night Terror","PiercingWail","Accuracy+1","Skewer+1","PiercingWail"],"relics":["Ring of the Snake","Potion Belt","Tiny Chest","Oddly Smooth Stone","Odd Mushroom","Snecko Eye","Juzu Bracelet","CeramicFish","Happy Flower","Medical Kit","Vajra","Red Mask","WristBlade","Question Card","Bottled Tornado","Mummified Hand","Boot"],"acts_visited":["Exordium","TheCity","TheBeyond"],"potions_floor_usage":[12,20,24,24,30,33,48,48,48,50,50],"damage_taken":[{"damage":5,"enemies":"Jaw Worm","floor":1,"turns":4},{"damage":0,"enemies":"Small Slimes","floor":2,"turns":2},{"damage":0,"enemies":"Cultist","floor":3,"turns":3},{"damage":21,"enemies":"Lagavulin","floor":6,"turns":5},{"damage":16,"enemies":"Exordium Thugs","floor":7,"turns":3},{"damage":6,"enemies":"3 Louse","floor":8,"turns":2},{"damage":0,"enemies":"The Mushroom Lair","floor":11,"turns":2},{"damage":0,"enemies":"Looter","floor":12,"turns":1},{"damage":0,"enemies":"Slime Boss","floor":16,"turns":2},{"damage":16,"enemies":"Chosen","floor":18,"turns":2},{"damage":0,"enemies":"Spheric Guardian","floor":19,"turns":2},{"damage":0,"enemies":"Cultist and Chosen","floor":20,"turns":3},{"damage":25,"enemies":"Book of Stabbing","floor":24,"turns":2},{"damage":0,"enemies":"Centurion and Healer","floor":27,"turns":3},{"damage":0,"enemies":"3 Cultists","floor":28,"turns":2},{"damage":2,"enemies":"Masked Bandits","floor":30,"turns":3},{"damage":13,"enemies":"Snecko","floor":31,"turns":3},{"damage":0,"enemies":"Champ","floor":33,"turns":6},{"damage":3,"enemies":"Orb Walker","floor":35,"turns":3},{"damage":0,"enemies":"3 Shapes","floor":36,"turns":2},{"damage":0,"enemies":"Maw","floor":39,"turns":4},{"damage":3,"enemies":"Jaw Worm Horde","floor":41,"turns":2},{"damage":17,"enemies":"Sphere and 2 Shapes","floor":42,"turns":5},{"damage":0,"enemies":"Transient","floor":47,"turns":5},{"damage":7,"enemies":"Nemesis","floor":48,"turns":3},{"damage":79,"enemies":"Donu and Deca","floor":50,"turns":5}],"seed_played":"-3357875821226487955","potions_obtained":[{"floor":2,"key":"LiquidBronze"},{"floor":7,"key":"SkillPotion"},{"floor":11,"key":"Dexterity Potion"},{"floor":12,"key":"SpeedPotion"},{"floor":19,"key":"Block Potion"},{"floor":20,"key":"AttackPotion"},{"floor":31,"key":"Block Potion"},{"floor":33,"key":"CultistPotion"},{"floor":39,"key":"Poison Potion"},{"floor":41,"key":"DuplicationPotion"},{"floor":47,"key":"SkillPotion"}],"is_trial":true,"path_per_floor":["M","M","M","?","$","E","M","M","T","R","?","M","R","?","R","B",null,"M","M","M","?","T","R","E","R","T","M","M","$","?","M","R","B",null,"M","M","?","?","M","T","M","M","T","R","$","R","M","E","R","B"],"character_chosen":"THE_SILENT","items_purchased":["Flying Knee","Apotheosis","Medical Kit","Vajra","Mummified Hand","Accuracy"],"campfire_rested":6,"item_purchase_floors":[5,29,29,29,45,45],"current_hp_per_floor":[65,65,65,65,65,44,28,22,22,43,43,43,64,64,64,64,70,54,54,54,54,54,54,29,50,50,50,50,50,48,35,56,56,70,67,67,67,67,67,67,64,47,47,68,68,70,70,63,63,0,0],"gold":76,"neow_bonus":"","is_daily":false,"chose_seed":false,"campfire_upgraded":3,"win_rate":0.0,"timestamp":1612262508,"path_taken":["M","M","M","?","$","E","M","M","T","R","?","M","R","?","R","BOSS","M","M","M","?","?","R","E","R","T","M","M","$","?","M","R","BOSS","M","M","?","?","M","?","M","M","T","R","$","R","M","E","R","BOSS"],"items_purchased_type":["Card","Card","Relic","Relic","Relic","Card"],"build_version":"2020-12-22","purchased_purges":1,"victory":false,"max_hp_per_floor":[70,70,70,70,70,70,70,70,70,70,70,70,70,70,70,70,70,70,70,70,70,70,70,70,70,70,70,70,70,70,70,70,70,70,70,70,70,70,70,70,70,70,70,70,70,70,70,70,70,70,70],"relic_stats":{"Happy Flower":[15],"counters":[26,79],"Mummified Hand":[1],"CeramicFish":81,"Snecko Eye":[102,91,107,110],"Tiny Chest":2,"Juzu Bracelet":1,"Medical Kit":[1],"Question Card":4,"Boot":[0],"obtain_stats":[{"Potion Belt":4,"Happy Flower":26,"CeramicFish":24,"Oddly Smooth Stone":9,"Vajra":29,"Juzu Bracelet":22,"Odd Mushroom":11,"Bottled Tornado":43,"Medical Kit":29,"Question Card":40,"Boot":48,"WristBlade":34,"Mummified Hand":45,"Snecko Eye":17,"Tiny Chest":6,"Red Mask":30,"Ring of the Snake":0},{"Potion Belt":3,"Happy Flower":13,"CeramicFish":13,"Oddly Smooth Stone":6,"Vajra":15,"Juzu Bracelet":12,"Odd Mushroom":7,"Bottled Tornado":23,"Medical Kit":15,"Question Card":21,"Boot":25,"WristBlade":18,"Mummified Hand":23,"Snecko Eye":9,"Tiny Chest":4,"Red Mask":16,"Ring of the Snake":0},{"Potion Belt":9,"Happy Flower":33,"CeramicFish":33,"Oddly Smooth Stone":19,"Vajra":38,"Juzu Bracelet":31,"Odd Mushroom":21,"Bottled Tornado":66,"Medical Kit":38,"Question Card":59,"Boot":74,"WristBlade":50,"Mummified Hand":66,"Snecko Eye":24,"Tiny Chest":14,"Red Mask":41,"Ring of the Snake":0}],"Ring of the Snake":[52]},"card_choices":[{"not_picked":["PiercingWail","Prepared"],"picked":"Dagger Throw","floor":1},{"not_picked":["Distraction","Finisher"],"picked":"Infinite Blades","floor":2},{"not_picked":["Expertise","Burst"],"picked":"Poisoned Stab","floor":3},{"not_picked":["PiercingWail","Bane"],"picked":"Dagger Spray","floor":6},{"not_picked":["Underhanded Strike","Deflect"],"picked":"Masterful Stab","floor":7},{"not_picked":["Deadly Poison","Dodge and Roll"],"picked":"Glass Knife","floor":8},{"not_picked":["Deadly Poison","Bane"],"picked":"Quick Slash","floor":11},{"not_picked":["Footwork","Dagger Throw"],"picked":"Finisher","floor":12},{"not_picked":["Burst","Tools of the Trade"],"picked":"Bullet Time","floor":16},{"not_picked":["Dodge and Roll","Blade Dance","Acrobatics"],"picked":"SKIP","floor":18},{"not_picked":["Slice+1","Well Laid Plans","Poisoned Stab"],"picked":"SKIP","floor":19},{"not_picked":["Dagger Spray+1","Masterful Stab","Flying Knee"],"picked":"SKIP","floor":20},{"not_picked":["Poisoned Stab+1","Deadly Poison"],"picked":"Night Terror","floor":24},{"not_picked":["Deadly Poison","Prepared+1"],"picked":"Dodge and Roll","floor":27},{"not_picked":["Bane","Deflect","Cloak And Dagger"],"picked":"SKIP","floor":28},{"not_picked":["Endless Agony","Slice"],"picked":"Bouncing Flask","floor":30},{"not_picked":["Escape Plan","Endless Agony","Distraction"],"picked":"SKIP","floor":31},{"not_picked":["Terror","Poisoned Stab","Deflect+1"],"picked":"SKIP","floor":35},{"not_picked":["Cloak And Dagger+1","Reflex","Bane"],"picked":"SKIP","floor":36},{"not_picked":["Endless Agony+1","Accuracy","Underhanded Strike+1"],"picked":"SKIP","floor":39},{"not_picked":["Tools of the Trade","Flechettes+1","Prepared","All Out Attack"],"picked":"SKIP","floor":41},{"not_picked":["Slice+1","Flying Knee+1","Quick Slash"],"picked":"PiercingWail","floor":42},{"not_picked":["Flying Knee+1","Predator+1","Acrobatics+1"],"picked":"Skewer+1","floor":47},{"not_picked":["All Out Attack","Heel Hook","Blade Dance+1"],"picked":"PiercingWail","floor":48}],"player_experience":1127910,"relics_obtained":[{"floor":6,"key":"Tiny Chest"},{"floor":9,"key":"Oddly Smooth Stone"},{"floor":11,"key":"Odd Mushroom"},{"floor":22,"key":"Juzu Bracelet"},{"floor":24,"key":"CeramicFish"},{"floor":26,"key":"Happy Flower"},{"floor":30,"key":"Red Mask"},{"floor":40,"key":"Question Card"},{"floor":43,"key":"Bottled Tornado"},{"floor":48,"key":"Boot"}],"event_choices":[{"damage_healed":0,"gold_gain":0,"player_choice":"Box","damage_taken":0,"relics_obtained":["Potion Belt"],"max_hp_gain":0,"max_hp_loss":0,"event_name":"Big Fish","floor":4,"gold_loss":0,"cards_obtained":["Regret"]},{"damage_healed":0,"gold_gain":0,"player_choice":"Fought Mushrooms","damage_taken":0,"max_hp_gain":0,"max_hp_loss":0,"event_name":"Mushrooms","floor":11,"gold_loss":0},{"damage_healed":0,"gold_gain":0,"player_choice":"Leave","damage_taken":0,"max_hp_gain":0,"max_hp_loss":0,"event_name":"The Cleric","floor":14,"gold_loss":0},{"damage_healed":0,"gold_gain":0,"player_choice":"Read","damage_taken":0,"max_hp_gain":0,"max_hp_loss":0,"event_name":"The Library","floor":21,"gold_loss":0,"cards_obtained":["PiercingWail"]},{"damage_healed":0,"gold_gain":0,"player_choice":"Fought Bandits","damage_taken":0,"max_hp_gain":0,"max_hp_loss":0,"event_name":"Masked Bandits","floor":30,"gold_loss":0},{"damage_healed":0,"gold_gain":0,"player_choice":"Copied","damage_taken":0,"max_hp_gain":0,"max_hp_loss":0,"event_name":"Duplicator","floor":37,"gold_loss":0,"cards_obtained":["Night Terror"]},{"cards_removed":["Finisher"],"damage_healed":0,"gold_gain":0,"player_choice":"Removed Attack","damage_taken":0,"max_hp_gain":0,"max_hp_loss":0,"event_name":"Falling","floor":38,"gold_loss":0}],"is_beta":false,"boss_relics":[{"not_picked":["Tiny House","Velvet Choker"],"picked":"Snecko Eye"},{"not_picked":["Sozu","Coffee Dripper"],"picked":"WristBlade"}],"items_purged_floors":[5],"is_endless":false,"potions_floor_spawned":[2,7,11,12,19,20,31,33,39,41,47],"killed_by":"Donu and Deca","ascension_level":0}}