{"host":"jhywql2x2v3ppvhm","time":1612288970,"event":{"mods":["BaseMod","Colored Map","Colored Powertips","Downfall","Googly Eyes","Hermit","Marisa????????","Minty Spire (QoL Compilation)","Rare Cards Sparkle","Shop Mod","Slay the Relics Exporter","StSLib","The Animator","The Bug Knight","The Cursed","The Disciple","The Necromancer","The Runesmith","The Servant 0.9.4","slay the spire mod where everything is the same but ironclad has a cowboy hat"],"gold_per_floor":[99,119,132,207,207,220,220,231,250,250,266,266,280,310,330,427,427,327,344,344,344,355,255,255,155,60,60,89,103,141,141,169,281,281,281,301,320,317,331,351,375,386,386,414,432,451,451,34,47,47,47,47],"floor_reached":50,"language":"ENG","playtime":2567,"items_purged":["Slimebound:SelfFormingGoo","Parasite"],"score":595,"play_id":"69bdf2c4-fb53-4dd6-ac6b-ca009b9942d0","local_time":"20210202130250","is_ascension_mode":false,"campfire_choices":[{"data":"Slimebound:CorrosiveSpit","floor":1,"key":"SMITH"},{"data":"Slimebound:SamplingLick","floor":10,"key":"SMITH"},{"floor":18,"key":"RECALL"},{"data":"Slimebound:SamplingLick","floor":23,"key":"SMITH"},{"data":"Slimebound:LeechEnergy","floor":25,"key":"SMITH"},{"data":"Slimebound:SlimeSlap","floor":35,"key":"SMITH"},{"data":"Slimebound:RejuvenatingLick","floor":43,"key":"SMITH"},{"data":"Slimebound:RejuvenatingLick","floor":47,"key":"SMITH"}],"circlet_count":0,"master_deck":["Slimebound:Tackle","Slimebound:Split","Slimebound:CorrosiveSpit+1","Slimebound:LeechingTouch","Slimebound:SamplingLick+1","Slimebound:HauntingLick+1","Slimebound:SamplingLick+1","Slimebound:LeechEnergy+1","Slimebound:RejuvenatingLick+1","Slimebound:AcidTongue","Slimebound:MassFeed","Slimebound:GoopTackle","Slimebound:RainOfGoop","Slimebound:OneTwoCombo","Slimebound:RejuvenatingLick+1","Slimebound:SplitSpecialist","Slimebound:LeechEnergy+1","Slimebound:LeechEnergy+1","Slimebound:ItLooksTasty+1","Slimebound:GrowthPunch","Slimebound:LivingWall+1","Slimebound:LeechingTouch+1","Slimebound:Prepare","Slimebound:SplitBruiser+1","Slimebound:SlimeSlap+1","Slimebound:HauntingLick+1","Slimebound:Dissolve+1","Slimebound:Schlurp","Slimebound:GoopSpray","Slimebound:SamplingLick+1","Slimebound:Grow+1","Slimebound:TongueLash"],"relics":["Slimebound:AbsorbEndCombat","Incense Burner","Slimebound:AggressiveSlimeRelic","Kunai","downfall:HeartBlessingGreen","downfall:HeartBlessingRed","downfall:HeartBlessingBlue","TungstenRod","Mercury Hourglass","Coffee Dripper","MerchantsRug","Question Card","MealTicket","Calipers","Pear"],"acts_visited":["Exordium","TheCity","TheBeyond"],"potions_floor_usage":[14,16,16,28,50,50,50],"damage_taken":[{"damage":7,"enemies":"Cultist","floor":2,"turns":5},{"damage":2,"enemies":"Small Slimes","floor":3,"turns":3},{"damage":4,"enemies":"2 Louse","floor":6,"turns":3},{"damage":10,"enemies":"Blue Slaver","floor":8,"turns":3},{"damage":0,"enemies":"Red Slaver","floor":9,"turns":4},{"damage":7,"enemies":"Lots of Slimes","floor":11,"turns":3},{"damage":0,"enemies":"3 Louse","floor":13,"turns":3},{"damage":20,"enemies":"3 Sentries","floor":14,"turns":7},{"damage":0,"enemies":"Gremlin Gang","floor":15,"turns":3},{"damage":48,"enemies":"SI_SHIV_ARCHETYPE","floor":16,"turns":10},{"damage":11,"enemies":"Spheric Guardian","floor":19,"turns":4},{"damage":9,"enemies":"Snecko","floor":22,"turns":4},{"damage":15,"enemies":"downfall:FleeingMerchant","floor":26,"turns":4},{"damage":20,"enemies":"Slavers","floor":28,"turns":3},{"damage":5,"enemies":"3 Cultists","floor":29,"turns":4},{"damage":13,"enemies":"Book of Stabbing","floor":30,"turns":4},{"damage":23,"enemies":"Snake Plant","floor":32,"turns":3},{"damage":29,"enemies":"WA_ARCHETYPE_CALM","floor":33,"turns":8},{"damage":6,"enemies":"3 Darklings","floor":36,"turns":4},{"damage":0,"enemies":"Orb Walker","floor":37,"turns":2},{"damage":2,"enemies":"downfall:FleeingMerchant","floor":38,"turns":4},{"damage":4,"enemies":"Jaw Worm Horde","floor":39,"turns":4},{"damage":15,"enemies":"Sphere and 2 Shapes","floor":40,"turns":3},{"damage":9,"enemies":"Writhing Mass","floor":42,"turns":4},{"damage":6,"enemies":"Reptomancer","floor":44,"turns":4},{"damage":2,"enemies":"4 Shapes","floor":45,"turns":2},{"damage":0,"enemies":"3 Darklings","floor":46,"turns":3},{"damage":13,"enemies":"Maw","floor":49,"turns":5},{"damage":163,"enemies":"IC_BLOCK_ARCHETYPE","floor":50,"turns":6}],"seed_played":"3996249495212799817","potions_obtained":[{"floor":3,"key":"SpeedPotion"},{"floor":9,"key":"Guardian:BlockOnCardUsePotion"},{"floor":11,"key":"SkillPotion"},{"floor":15,"key":"Regen Potion"},{"floor":19,"key":"Energy Potion"},{"floor":29,"key":"Ancient Potion"},{"floor":33,"key":"ColorlessPotion"},{"floor":40,"key":"champ:CounterPotion"},{"floor":45,"key":"Energy Potion"},{"floor":49,"key":"hexamod:SoulburnPotion"}],"is_trial":false,"path_per_floor":["R","M","M","?","?","M","T","M","M","R","M","?","M","E","M","B",null,"R","M","?","?","M","R","T","R","$","?","E","M","E","T","M","B",null,"R","M","M","$","M","M","T","M","R","E","M","M","R","$","M","B"],"character_chosen":"SLIMEBOUND","items_purchased":["Slimebound:GrowthPunch","MerchantsRug","DuplicationPotion","Slimebound:Schlurp","Question Card","Pear","Slimebound:TongueLash"],"campfire_rested":0,"item_purchase_floors":[26,38,38,38,38,48,48],"current_hp_per_floor":[65,58,60,60,60,58,58,50,52,52,49,49,51,37,45,20,65,65,56,56,75,70,70,70,80,73,68,62,68,66,66,52,31,100,100,94,100,98,100,89,89,91,91,93,108,112,112,119,108,0,0,0],"gold":47,"neow_bonus":"ONE_RARE_RELIC","is_daily":false,"chose_seed":false,"campfire_upgraded":7,"win_rate":0.0,"timestamp":1612288970,"path_taken":["R","M","?","?","?","M","T","M","?","R","M","?","M","E","M","BOSS","R","M","?","?","?","R","T","R","$","?","E","M","E","?","M","BOSS","R","M","M","$","M","M","T","?","R","E","M","M","R","$","M","BOSS"],"items_purchased_type":["Card","Relic","Potion","Card","Relic","Relic","Card"],"build_version":"2020-12-22","purchased_purges":2,"victory":false,"max_hp_per_floor":[65,65,65,65,65,65,65,65,65,65,65,65,65,65,65,65,65,65,65,65,75,75,75,75,85,85,85,91,94,97,97,100,100,100,100,100,100,100,100,100,100,103,103,103,112,112,112,119,119,119,119,119],"card_choices":[{"not_picked":["Slimebound:LevelUp","Slimebound:GoopSpray"],"picked":"Slimebound:LeechingTouch","floor":2},{"not_picked":["Slimebound:SpikyOuterGoop","Slimebound:RollThrough"],"picked":"Slimebound:SamplingLick","floor":3},{"not_picked":["Slimebound:SplitLeeching","Slimebound:Repurpose"],"picked":"Slimebound:HauntingLick","floor":6},{"not_picked":["Slimebound:SplitBruiser","Slimebound:SplitLeeching","Slimebound:CheckThePlaybook"],"picked":"SKIP","floor":8},{"not_picked":["Slimebound:RollThrough","Slimebound:GoopTackle"],"picked":"Slimebound:SamplingLick","floor":9},{"not_picked":["Slimebound:FinishingTackle","Slimebound:SplitBruiser"],"picked":"Slimebound:LeechEnergy","floor":11},{"not_picked":["Slimebound:ItLooksTasty","Slimebound:ViciousTackle"],"picked":"Slimebound:RejuvenatingLick","floor":13},{"not_picked":["Slimebound:SpikyOuterGoop","Slimebound:LevelUp","Slimebound:ViciousTackle"],"picked":"SKIP","floor":14},{"not_picked":["Slimebound:HungryTackle","Slimebound:Repurpose"],"picked":"Slimebound:AcidTongue","floor":15},{"not_picked":["Slimebound:SelfFormingGoo","Slimebound:RallyTheTroops"],"picked":"Slimebound:MassFeed","floor":16},{"not_picked":["Slimebound:Schlurp","Slimebound:HauntingLick"],"picked":"Slimebound:LeechEnergy+1","floor":19},{"not_picked":["Slimebound:SlimeBrawl","Slimebound:FinishingTackle+1"],"picked":"Slimebound:LeechEnergy","floor":22},{"not_picked":["Slimebound:BestDefense","Slimebound:RejuvenatingLick"],"picked":"Slimebound:ItLooksTasty+1","floor":26},{"not_picked":["Slimebound:ItLooksTasty+1","Slimebound:ComboTackle"],"picked":"Slimebound:LivingWall+1","floor":28},{"not_picked":["Slimebound:RollThrough","Slimebound:ItLooksTasty"],"picked":"Slimebound:LeechingTouch+1","floor":29},{"not_picked":["Slimebound:CheckThePlaybook","Slimebound:Equalize"],"picked":"Slimebound:Prepare","floor":30},{"not_picked":["Slimebound:SamplingLick","Slimebound:SplitAcid"],"picked":"Slimebound:SplitBruiser+1","floor":32},{"not_picked":["Slimebound:DuplicatedForm","Slimebound:OneTwoCombo"],"picked":"Slimebound:SlimeSlap","floor":33},{"not_picked":["Slimebound:RollThrough+1","Slimebound:Recollect+1"],"picked":"Slimebound:HauntingLick+1","floor":36},{"not_picked":["Slimebound:Prepare","Slimebound:MinionMaster","Slimebound:LivingWall"],"picked":"SKIP","floor":37},{"not_picked":["Slimebound:SlimeBrawl","Slimebound:ItLooksTasty+1"],"picked":"Slimebound:Dissolve+1","floor":38},{"not_picked":["Slimebound:RollThrough","Slimebound:BestDefense","Slimebound:Chomp+1","Slimebound:SlimeSpikes"],"picked":"SKIP","floor":39},{"not_picked":["Slimebound:SpikyOuterGoop+1","Slimebound:Replication","Slimebound:ForwardTackle+1"],"picked":"Slimebound:GoopSpray","floor":40},{"not_picked":["Slimebound:RejuvenatingLick+1","Slimebound:RollThrough","Slimebound:SplitLeeching"],"picked":"Slimebound:SamplingLick+1","floor":42},{"not_picked":["Slimebound:DisruptingSlam","Slimebound:LeadByExample","Slimebound:HungryTackle+1"],"picked":"Slimebound:Grow+1","floor":44},{"not_picked":["Slimebound:ComboTackle","Slimebound:SplitSpecialist","Slimebound:FinishingTackle","Slimebound:Schlurp"],"picked":"SKIP","floor":45},{"not_picked":["Slimebound:TagTeam","Slimebound:FormOfPuddle+1","Slimebound:FinishingTackle+1","Slimebound:ComboTackle+1"],"picked":"SKIP","floor":46},{"not_picked":["Slimebound:PressTheAttack","Slimebound:LeechingTouch","Slimebound:ItLooksTasty+1","Slimebound:LeechEnergy+1"],"picked":"SKIP","floor":49}],"player_experience":205709,"relics_obtained":[{"floor":7,"key":"Slimebound:AggressiveSlimeRelic"},{"floor":14,"key":"Kunai"},{"floor":28,"key":"TungstenRod"},{"floor":30,"key":"CeramicFish"},{"floor":31,"key":"Mercury Hourglass"},{"floor":41,"key":"MealTicket"},{"floor":44,"key":"Calipers"}],"event_choices":[{"cards_removed":["Slimebound:SelfFormingGoo"],"damage_healed":9,"gold_gain":0,"player_choice":"Offered Rare","damage_taken":0,"max_hp_gain":10,"max_hp_loss":0,"event_name":"Bonfire Elementals","floor":21,"gold_loss":0}],"is_beta":false,"boss_relics":[{"not_picked":["expansioncontent:StudyCardRelic","Sozu"],"picked":"Pandora\u0027s Box"},{"not_picked":["Velvet Choker","Snecko Eye"],"picked":"Coffee Dripper"}],"items_purged_floors":[38,48],"is_endless":false,"potions_floor_spawned":[3,9,11,15,19,29,33,37,40,42,44,45,49],"killed_by":"IC_BLOCK_ARCHETYPE","ascension_level":0}}