{"host":"zwuytn9vh5b8tdl7","time":1612233187,"event":{"mods":["AchievementEnabler","BaseMod","Colored Powertips","GifTheSpireLib","Minty Spire (QoL Compilation)","Rare Cards Sparkle","StSLib","The Animator"],"gold_per_floor":[130,140,163,163,188,188,218,236,308,308,321,321,338,354,354,457,457,487,0,0,100,100,100],"floor_reached":22,"language":"ENG","playtime":1085,"items_purged":[],"score":188,"play_id":"d97f5639-9f6a-425c-9438-9407407a0c76","local_time":"20210201213307","is_ascension_mode":false,"campfire_choices":[{"floor":6,"key":"REST"},{"floor":15,"key":"REST"}],"circlet_count":0,"master_deck":["animator:Strike_Fate","animator:Defend_Fate","animator:Strike","animator:Strike","animator:Strike","animator:Defend","animator:Defend","animator:Defend","animator:Alexander","animator:Rider","animator:IrohaTamaki","animator:ElricEdward","animator:Mikaela","animator:EmiyaShirou","animator:MumenRider","animator:Layla","Pain","animator:ElricEdward","animator:Archer","animator:Saitama","animator:FeridBathory","animator:Shinoa","Necronomicurse"],"relics":["animator:LivingPicture","animator:ColorlessFragment","Vajra","Pear","WarpedTongs","SacredBark","Bird Faced Urn","Necronomicon"],"acts_visited":["Exordium","TheCity"],"potions_floor_usage":[14,16,16],"damage_taken":[{"damage":10,"enemies":"Jaw Worm","floor":1,"turns":4},{"damage":4,"enemies":"2 Louse","floor":2,"turns":3},{"damage":2,"enemies":"Cultist","floor":3,"turns":4},{"damage":14,"enemies":"Blue Slaver","floor":5,"turns":4},{"damage":33,"enemies":"3 Sentries","floor":7,"turns":12},{"damage":3,"enemies":"Gremlin Gang","floor":8,"turns":7},{"damage":1,"enemies":"3 Louse","floor":11,"turns":4},{"damage":18,"enemies":"Exordium Wildlife","floor":13,"turns":4},{"damage":34,"enemies":"Exordium Thugs","floor":14,"turns":5},{"damage":21,"enemies":"The Guardian","floor":16,"turns":10},{"damage":51,"enemies":"Spheric Guardian","floor":18,"turns":10},{"damage":15,"enemies":"Chosen","floor":22,"turns":4}],"seed_played":"7700735402060679179","potions_obtained":[{"floor":0,"key":"Weak Potion"},{"floor":0,"key":"DistilledChaos"},{"floor":0,"key":"FairyPotion"},{"floor":14,"key":"Weak Potion"}],"is_trial":false,"path_per_floor":["M","M","M","?","M","R","E","M","T","?","M","?","M","M","R","B",null,"M","$","?","?","M"],"character_chosen":"THE_ANIMATOR","items_purchased":["animator:ColorlessFragment","Bird Faced Urn"],"campfire_rested":2,"item_purchase_floors":[19,19],"current_hp_per_floor":[56,52,50,50,36,55,22,19,29,29,28,28,11,4,27,7,78,27,27,11,11,0,0],"gold":100,"neow_bonus":"THREE_SMALL_POTIONS","is_daily":false,"chose_seed":false,"campfire_upgraded":0,"win_rate":0.0,"timestamp":1612233187,"path_taken":["M","M","M","?","M","R","E","M","T","?","?","?","M","?","R","BOSS","M","$","?","?","M"],"items_purchased_type":["Relic","Relic"],"build_version":"2020-12-22","purchased_purges":0,"victory":false,"max_hp_per_floor":[66,66,66,66,66,66,66,66,76,76,76,76,77,77,77,78,78,78,78,78,78,78,78],"card_choices":[{"not_picked":["animator:Berserker","animator:Gillette"],"picked":"animator:IrohaTamaki","floor":1},{"not_picked":["animator:Gluttony","animator:Sloth"],"picked":"animator:ElricEdward","floor":2},{"not_picked":["animator:KyokoSakura","animator:AcuraShin"],"picked":"animator:Mikaela","floor":3},{"not_picked":["animator:ShinjiMatou","animator:SakuraMatou"],"picked":"animator:EmiyaShirou","floor":5},{"not_picked":["animator:Caster","animator:WinryRockbell"],"picked":"animator:MumenRider","floor":7},{"not_picked":["animator:Scar","animator:Hakurou"],"picked":"animator:Layla","floor":8},{"not_picked":["animator:Scar","animator:KyokoSakura"],"picked":"animator:ElricEdward","floor":11},{"not_picked":["animator:SakuraMatou","animator:Assassin"],"picked":"animator:Archer","floor":13},{"not_picked":["animator:Assassin","animator:WinryRockbell"],"picked":"animator:Saitama","floor":14},{"not_picked":["animator:AcuraShin","animator:Boros"],"picked":"animator:FeridBathory","floor":16},{"not_picked":["animator:OrikoMikuni","animator:Genos+1"],"picked":"animator:Shinoa","floor":18}],"player_experience":356320,"relics_obtained":[{"floor":7,"key":"Vajra"},{"floor":9,"key":"Pear"},{"floor":20,"key":"Necronomicon"}],"event_choices":[{"damage_healed":0,"gold_gain":0,"player_choice":"Ignored","damage_taken":0,"max_hp_gain":0,"max_hp_loss":0,"event_name":"Golden Wing","floor":4,"gold_loss":0},{"damage_healed":0,"gold_gain":0,"player_choice":"Rummage","damage_taken":0,"relics_obtained":["WarpedTongs"],"max_hp_gain":0,"max_hp_loss":0,"event_name":"Accursed Blacksmith","floor":10,"gold_loss":0,"cards_obtained":["Pain"]},{"damage_healed":0,"gold_gain":0,"player_choice":"Ignored","damage_taken":0,"max_hp_gain":0,"max_hp_loss":0,"event_name":"NoteForYourself","floor":12,"gold_loss":0},{"damage_healed":0,"gold_gain":0,"player_choice":"Obtained Book","damage_taken":16,"max_hp_gain":0,"max_hp_loss":0,"event_name":"Cursed Tome","floor":20,"gold_loss":0},{"damage_healed":0,"gold_gain":100,"player_choice":"Pray","damage_taken":0,"max_hp_gain":0,"max_hp_loss":0,"event_name":"Golden Shrine","floor":21,"gold_loss":0}],"is_beta":false,"boss_relics":[{"not_picked":["Tiny House","Pandora\u0027s Box"],"picked":"SacredBark"}],"items_purged_floors":[],"is_endless":false,"potions_floor_spawned":[2,3,7,8,14],"killed_by":"Chosen","ascension_level":0}}