{"host":"7gewg82ormp6yt4e","time":1612270786,"event":{"mods":["BaseMod","Block Reminder","Colored Map","DeckTracker","Highlight Path","Minty Spire (QoL Compilation)","Relic Stats","StSLib","ojb\u0027s Info Mod"],"gold_per_floor":[111,111,5,17,35,70,70,100,100,126,126,150,150,176,176,250,250,266,216,235,29,29,29,57,57,57,77,106,106,106,106,106,183,183,201,201,112,127,140,165,165,175,246,246,278,298,298,323,323,323,323,323,323,11,39,69],"floor_reached":57,"language":"JPN","playtime":3909,"items_purged":["Clumsy"],"score":3279,"play_id":"a8a0ded5-6d78-4062-b85c-47d125523cf1","local_time":"20210202215946","is_ascension_mode":true,"campfire_choices":[{"data":"Evaluate","floor":7,"key":"SMITH"},{"data":"MasterReality","floor":11,"key":"SMITH"},{"data":"Judgement","floor":13,"key":"SMITH"},{"data":"ConjureBlade","floor":15,"key":"SMITH"},{"data":"SandsOfTime","floor":23,"key":"SMITH"},{"data":"1","floor":25,"key":"LIFT"},{"data":"2","floor":30,"key":"LIFT"},{"data":"3","floor":32,"key":"LIFT"},{"floor":41,"key":"RECALL"},{"data":"TalkToTheHand","floor":44,"key":"SMITH"},{"data":"DevaForm","floor":47,"key":"SMITH"},{"data":"ThirdEye","floor":49,"key":"SMITH"},{"data":"SashWhip","floor":53,"key":"SMITH"}],"circlet_count":0,"master_deck":["AscendersBane","Eruption","Vigilance","ConjureBlade+1","SashWhip+1","Judgement+1","FearNoEvil","SandsOfTime+1","CrushJoints","MasterReality+1","CrushJoints","Evaluate+1","EmptyBody","BowlingBash","Sanctity","ReachHeaven","Tantrum","WaveOfTheHand+1","EmptyFist","Omniscience","Collect+1","Apotheosis","DevaForm+1","Meditate+1","Swivel","Necronomicurse","Omniscience","ThirdEye+1","TalkToTheHand+1","ClearTheMind","TalkToTheHand+1","EmptyBody","FearNoEvil","Adaptation","SpiritShield","WheelKick","Wish"],"relics":["Pandora\u0027s Box","Matryoshka","Gremlin Horn","Vajra","Bag of Marbles","Eternal Feather","Bottled Tornado","Odd Mushroom","TeardropLocket","Snecko Eye","Strawberry","Question Card","Girya","Shuriken","Calipers","Necronomicon","Cursed Key","Art of War","GoldenEye","Toy Ornithopter","HornCleat"],"acts_visited":["Exordium","TheCity","TheBeyond","TheEnding"],"potions_floor_usage":[6,6,6,8,10,14,16,28,56,56],"damage_taken":[{"damage":7,"enemies":"2 Louse","floor":1,"turns":2},{"damage":12,"enemies":"Jaw Worm","floor":4,"turns":2},{"damage":0,"enemies":"Cultist","floor":5,"turns":2},{"damage":0,"enemies":"Gremlin Nob","floor":6,"turns":2},{"damage":4,"enemies":"3 Sentries","floor":8,"turns":3},{"damage":0,"enemies":"Lagavulin","floor":10,"turns":4},{"damage":0,"enemies":"The Mushroom Lair","floor":12,"turns":2},{"damage":6,"enemies":"Gremlin Nob","floor":14,"turns":3},{"damage":0,"enemies":"Slime Boss","floor":16,"turns":5},{"damage":0,"enemies":"Chosen","floor":18,"turns":3},{"damage":0,"enemies":"Shell Parasite","floor":20,"turns":1},{"damage":7,"enemies":"Book of Stabbing","floor":24,"turns":3},{"damage":0,"enemies":"Centurion and Healer","floor":27,"turns":1},{"damage":0,"enemies":"Slavers","floor":28,"turns":2},{"damage":0,"enemies":"Collector","floor":33,"turns":3},{"damage":0,"enemies":"Orb Walker","floor":35,"turns":1},{"damage":0,"enemies":"3 Shapes","floor":38,"turns":2},{"damage":0,"enemies":"Maw","floor":39,"turns":2},{"damage":0,"enemies":"Reptomancer","floor":40,"turns":2},{"damage":0,"enemies":"Spire Growth","floor":42,"turns":2},{"damage":0,"enemies":"Giant Head","floor":45,"turns":3},{"damage":0,"enemies":"Sphere and 2 Shapes","floor":46,"turns":5},{"damage":0,"enemies":"Nemesis","floor":48,"turns":3},{"damage":22,"enemies":"Awakened One","floor":50,"turns":5},{"damage":26,"enemies":"Donu and Deca","floor":51,"turns":6},{"damage":26,"enemies":"Shield and Spear","floor":55,"turns":2},{"damage":5,"enemies":"The Heart","floor":56,"turns":7}],"seed_played":"-3794907831770602342","potions_obtained":[{"floor":1,"key":"Weak Potion"},{"floor":4,"key":"EntropicBrew"},{"floor":6,"key":"ColorlessPotion"},{"floor":12,"key":"GamblersBrew"},{"floor":14,"key":"SkillPotion"},{"floor":20,"key":"Strength Potion"},{"floor":27,"key":"Dexterity Potion"},{"floor":33,"key":"CultistPotion"},{"floor":38,"key":"PowerPotion"}],"is_trial":false,"path_per_floor":["M","?","$","M","M","E","R","E","T","E","R","?","R","E","R","B",null,"M","?","M","$","T","R","E","R","T","M","E","?","R","?","R","B",null,"M","?","$","M","M","E","R","M","T","R","E","M","R","E","R","B","B",null,"R","$","E","B",null],"character_chosen":"WATCHER","items_purchased":["EmptyBody","Block Potion","Apotheosis","TalkToTheHand","SpiritShield","WheelKick"],"campfire_rested":0,"item_purchase_floors":[3,3,21,37,54,54],"current_hp_per_floor":[54,49,49,37,37,37,37,33,33,33,42,42,51,45,54,54,65,65,65,65,65,72,75,68,75,75,75,75,54,69,69,75,75,75,75,75,75,75,75,75,75,75,75,75,75,75,75,75,75,53,27,63,75,75,49,54],"gold":69,"neow_bonus":"BOSS_RELIC","is_daily":false,"chose_seed":false,"campfire_upgraded":9,"win_rate":0.0,"timestamp":1612270786,"path_taken":["M","?","$","M","M","E","R","E","T","E","R","?","R","E","R","BOSS","M","?","M","$","?","R","E","R","T","M","E","?","R","?","R","BOSS","M","?","$","M","M","E","R","M","T","R","E","M","R","E","R","BOSS","BOSS","R","$","E","BOSS"],"items_purchased_type":["Card","Potion","Card","Card","Card","Card"],"build_version":"2020-12-22","purchased_purges":1,"victory":true,"max_hp_per_floor":[68,68,68,68,68,68,68,68,68,68,68,68,68,68,68,68,68,68,68,68,68,75,75,75,75,75,75,75,75,75,75,75,75,75,75,75,75,75,75,75,75,75,75,75,75,75,75,75,75,75,75,75,75,75,75,75],"relic_stats":{"Gremlin Horn":[22,22],"counters":[27,78],"Eternal Feather":70,"Question Card":13,"Cursed Key":1,"GoldenEye":[4],"Shuriken":[35],"Snecko Eye":[109,96,79,77],"Pandora\u0027s Box":["ConjureBlade","SashWhip","Judgement","FearNoEvil","SandsOfTime","CrushJoints","MasterReality","CrushJoints"],"Necronomicon":[29],"Art of War":[0],"obtain_stats":[{"Girya":24,"Calipers":28,"Gremlin Horn":6,"Vajra":8,"Eternal Feather":9,"TeardropLocket":14,"Bottled Tornado":10,"Odd Mushroom":12,"Question Card":22,"Cursed Key":34,"GoldenEye":45,"Matryoshka":2,"HornCleat":55,"Shuriken":26,"Strawberry":22,"Snecko Eye":17,"Pandora\u0027s Box":0,"Bag of Marbles":9,"Necronomicon":29,"Art of War":40,"PureWater":0,"Toy Ornithopter":48},{"Girya":12,"Calipers":14,"Gremlin Horn":4,"Vajra":5,"Eternal Feather":5,"TeardropLocket":8,"Bottled Tornado":6,"Odd Mushroom":7,"Question Card":11,"Cursed Key":15,"GoldenEye":21,"Matryoshka":1,"HornCleat":26,"Shuriken":12,"Strawberry":11,"Snecko Eye":9,"Pandora\u0027s Box":0,"Bag of Marbles":5,"Necronomicon":14,"Art of War":19,"PureWater":0,"Toy Ornithopter":23},{"Girya":32,"Calipers":35,"Gremlin Horn":8,"Vajra":11,"Eternal Feather":11,"TeardropLocket":20,"Bottled Tornado":15,"Odd Mushroom":17,"Question Card":29,"Cursed Key":38,"GoldenEye":50,"Matryoshka":2,"HornCleat":71,"Shuriken":32,"Strawberry":29,"Snecko Eye":25,"Pandora\u0027s Box":0,"Bag of Marbles":11,"Necronomicon":35,"Art of War":45,"PureWater":0,"Toy Ornithopter":58}],"Toy Ornithopter":10},"card_choices":[{"not_picked":["SashWhip","Adaptation"],"picked":"Evaluate","floor":1},{"not_picked":["ReachHeaven","Consecrate"],"picked":"BowlingBash","floor":4},{"not_picked":["Crescendo","PathToVictory"],"picked":"Sanctity","floor":5},{"not_picked":["Crescendo","Devotion"],"picked":"ReachHeaven","floor":6},{"not_picked":["CarveReality","Wireheading"],"picked":"Tantrum","floor":8},{"not_picked":["PathToVictory","FlurryOfBlows"],"picked":"WaveOfTheHand","floor":10},{"not_picked":["Protect","WindmillStrike"],"picked":"EmptyFist","floor":14},{"not_picked":["Judgement","Establishment"],"picked":"Omniscience","floor":16},{"not_picked":["WaveOfTheHand","BowlingBash"],"picked":"Collect+1","floor":18},{"not_picked":["BowlingBash","ForeignInfluence","JustLucky"],"picked":"SKIP","floor":20},{"not_picked":["ThirdEye","JustLucky","Tantrum"],"picked":"DevaForm","floor":24},{"not_picked":["EmptyBody","Consecrate","CutThroughFate"],"picked":"Meditate+1","floor":27},{"not_picked":["Prostrate","Collect+1","EmptyBody"],"picked":"Swivel","floor":28},{"not_picked":["Scrawl","DevaForm","Brilliance"],"picked":"Omniscience","floor":33},{"not_picked":["Prostrate","LikeWater","CrushJoints"],"picked":"ThirdEye","floor":35},{"not_picked":["SashWhip","Collect","BattleHymn"],"picked":"ClearTheMind","floor":38},{"not_picked":["FlyingSleeves","Crescendo","SignatureMove+1"],"picked":"TalkToTheHand+1","floor":39},{"not_picked":["Devotion","ForeignInfluence","BattleHymn","Nirvana"],"picked":"SKIP","floor":40},{"not_picked":["JustLucky","SashWhip+1","FollowUp"],"picked":"EmptyBody","floor":42},{"not_picked":["EmptyFist","FlurryOfBlows","JustLucky","ForeignInfluence"],"picked":"SKIP","floor":45},{"not_picked":["ThirdEye","CutThroughFate","EmptyMind"],"picked":"FearNoEvil","floor":46},{"not_picked":["CutThroughFate","Weave","ThirdEye+1"],"picked":"Adaptation","floor":48},{"not_picked":["Sanctity","PathToVictory+1","LikeWater"],"picked":"Wish","floor":55}],"player_experience":2749838,"relics_obtained":[{"floor":6,"key":"Gremlin Horn"},{"floor":8,"key":"Vajra"},{"floor":9,"key":"Bag of Marbles"},{"floor":9,"key":"Eternal Feather"},{"floor":10,"key":"Bottled Tornado"},{"floor":12,"key":"Odd Mushroom"},{"floor":14,"key":"TeardropLocket"},{"floor":22,"key":"Strawberry"},{"floor":22,"key":"Question Card"},{"floor":24,"key":"Girya"},{"floor":26,"key":"Shuriken"},{"floor":28,"key":"Calipers"},{"floor":29,"key":"Necronomicon"},{"floor":40,"key":"Art of War"},{"floor":45,"key":"GoldenEye"},{"floor":48,"key":"Toy Ornithopter"},{"floor":55,"key":"HornCleat"}],"event_choices":[{"damage_healed":0,"gold_gain":0,"player_choice":"Success","damage_taken":5,"relics_obtained":["Matryoshka"],"max_hp_gain":0,"max_hp_loss":0,"event_name":"Scrap Ooze","floor":2,"gold_loss":0},{"damage_healed":0,"gold_gain":0,"player_choice":"Fought Mushrooms","damage_taken":0,"max_hp_gain":0,"max_hp_loss":0,"event_name":"Mushrooms","floor":12,"gold_loss":0},{"damage_healed":0,"gold_gain":0,"player_choice":"Bet on Murderer","damage_taken":0,"max_hp_gain":0,"max_hp_loss":0,"event_name":"The Joust","floor":19,"gold_loss":50},{"damage_healed":0,"gold_gain":0,"player_choice":"Obtained Book","damage_taken":21,"max_hp_gain":0,"max_hp_loss":0,"event_name":"Cursed Tome","floor":29,"gold_loss":0},{"damage_healed":0,"gold_gain":0,"player_choice":"Ignored","damage_taken":0,"max_hp_gain":0,"max_hp_loss":0,"event_name":"Vampires","floor":31,"gold_loss":0},{"damage_healed":0,"gold_gain":0,"player_choice":"Upgraded","damage_taken":0,"max_hp_gain":0,"max_hp_loss":0,"event_name":"Upgrade Shrine","floor":36,"gold_loss":0,"cards_upgraded":["WaveOfTheHand"]}],"is_beta":false,"boss_relics":[{"not_picked":["Fusion Hammer","Black Star"],"picked":"Snecko Eye"},{"not_picked":["VioletLotus","Sozu"],"picked":"Cursed Key"}],"items_purged_floors":[54],"is_endless":false,"potions_floor_spawned":[1,4,6,12,14,20,27,33,38,39,42,45,46],"ascension_level":20}}