{"host":"gaqyve1328ta0etl","time":1612255658,"event":{"mods":["BaseMod","Colored Map","Colored Powertips","Googly Eyes","Minty Spire (QoL Compilation)","Shop Mod","StSLib","SuperFastMode","The Hierophant","The Runesmith"],"gold_per_floor":[116,116,134,152,206,206,219,219,243,257,257,257,277,289,289,289,289],"floor_reached":16,"language":"ENG","playtime":761,"items_purged":[],"score":154,"play_id":"4185122c-b6df-4b8d-bf04-b126d3be9d54","local_time":"20210202004738","is_ascension_mode":true,"campfire_choices":[{"floor":6,"key":"REST"},{"data":"Neutralize","floor":8,"key":"SMITH"},{"floor":12,"key":"REST"},{"data":"Terror","floor":15,"key":"SMITH"}],"circlet_count":0,"master_deck":["AscendersBane","Strike_G","Strike_G","Strike_G","Strike_G","Defend_G","Defend_G","Defend_G","Defend_G","Defend_G","Survivor","Neutralize+1","Dagger Spray+1","Terror+1","Quick Slash","Deflect+1","Blur","Slice"],"relics":["Ring of the Snake","MealTicket","Tiny Chest"],"acts_visited":["Exordium"],"potions_floor_usage":[5,16],"damage_taken":[{"damage":2,"enemies":"Jaw Worm","floor":1,"turns":6},{"damage":0,"enemies":"2 Louse","floor":3,"turns":2},{"damage":0,"enemies":"Small Slimes","floor":4,"turns":3},{"damage":14,"enemies":"Gremlin Gang","floor":5,"turns":5},{"damage":12,"enemies":"Blue Slaver","floor":7,"turns":4},{"damage":12,"enemies":"Exordium Thugs","floor":10,"turns":6},{"damage":0,"enemies":"Large Slime","floor":13,"turns":6},{"damage":0,"enemies":"2 Fungi Beasts","floor":14,"turns":3},{"damage":80,"enemies":"Slime Boss","floor":16,"turns":13}],"seed_played":"3968973495713712705","potions_obtained":[{"floor":3,"key":"Dexterity Potion"},{"floor":4,"key":"ColorlessPotion"},{"floor":5,"key":"FairyPotion"}],"is_trial":false,"path_per_floor":["M","?","M","M","M","R","M","R","T","M","?","R","M","M","R","B"],"character_chosen":"THE_SILENT","items_purchased":[],"campfire_rested":2,"item_purchase_floors":[],"current_hp_per_floor":[61,61,61,61,47,68,56,56,56,44,30,51,51,51,51,0,0],"gold":289,"neow_bonus":"RANDOM_COMMON_RELIC","is_daily":false,"chose_seed":false,"campfire_upgraded":2,"win_rate":0.0,"timestamp":1612255658,"path_taken":["M","?","M","M","M","R","M","R","T","M","?","R","M","M","R","BOSS"],"items_purchased_type":[],"build_version":"2020-12-22","purchased_purges":0,"victory":false,"max_hp_per_floor":[70,70,70,70,70,70,70,70,70,70,70,70,70,70,70,70,70],"card_choices":[{"not_picked":["Acrobatics","Setup"],"picked":"Dagger Spray","floor":1},{"not_picked":["All Out Attack","Blade Dance"],"picked":"Terror","floor":3},{"not_picked":["Prepared","Eviscerate"],"picked":"Quick Slash","floor":4},{"not_picked":["Distraction","Catalyst","Blade Dance"],"picked":"SKIP","floor":5},{"not_picked":["Cloak And Dagger","Underhanded Strike"],"picked":"Deflect","floor":7},{"not_picked":["PiercingWail","All Out Attack"],"picked":"Blur","floor":10},{"not_picked":["Deadly Poison","Leg Sweep"],"picked":"Slice","floor":13},{"not_picked":["Bouncing Flask","Deadly Poison","Blade Dance"],"picked":"SKIP","floor":14}],"player_experience":2072443,"relics_obtained":[{"floor":9,"key":"Tiny Chest"}],"event_choices":[{"cards_removed":["Strike_G"],"damage_healed":0,"gold_gain":0,"player_choice":"Forget","damage_taken":0,"max_hp_gain":0,"max_hp_loss":0,"event_name":"Living Wall","floor":2,"gold_loss":0},{"damage_healed":0,"gold_gain":0,"player_choice":"Entered Light","damage_taken":14,"max_hp_gain":0,"max_hp_loss":0,"event_name":"Shining Light","floor":11,"gold_loss":0,"cards_upgraded":["Dagger Spray","Deflect"]}],"is_beta":false,"boss_relics":[],"items_purged_floors":[],"is_endless":false,"potions_floor_spawned":[3,4,5,10],"killed_by":"Slime Boss","ascension_level":12}}