{"host":"facnppb4175fcpe2","time":1612259500,"event":{"mods":["AchievementEnabler","BaseMod","Colored Map","Colored Powertips","Highlight Path","Minty Spire (QoL Compilation)","Quick Restart","Rare Cards Sparkle","Relic Stats","StSLib","SuperFastMode"],"gold_per_floor":[118,128,128,147,107,142,155,170,247,275,291,323,323,343,343,445,445,459,459,409,422,432,432,432],"floor_reached":23,"language":"ZHS","playtime":740,"items_purged":[],"score":215,"play_id":"75779fae-a5c2-47ef-83c5-6ab0d6359983","local_time":"20210202175140","is_ascension_mode":false,"campfire_choices":[{"data":"Defragment","floor":13.0,"key":"SMITH"},{"data":"Defragment","floor":15.0,"key":"SMITH"}],"circlet_count":0,"master_deck":["Strike_B","Strike_B","Strike_B","Strike_B","Defend_B","Defend_B","Defend_B","Defend_B","Zap","Dualcast","Defragment+1","Seek","Leap","Defragment+1","FTL","Defragment","Leap","Thunder Strike","Lockon","Echo Form"],"relics":["Cracked Core","Lizard Tail","Prayer Wheel","Eternal Feather","Blood Vial","Lantern","Nuclear Battery"],"acts_visited":["Exordium","TheCity"],"potions_floor_usage":[23,23],"damage_taken":[{"damage":6.0,"enemies":"Jaw Worm","floor":1.0,"turns":3.0},{"damage":0.0,"enemies":"Cultist","floor":2.0,"turns":3.0},{"damage":4.0,"enemies":"2 Louse","floor":4.0,"turns":2.0},{"damage":25.0,"enemies":"3 Sentries","floor":6.0,"turns":9.0},{"damage":12.0,"enemies":"Large Slime","floor":7.0,"turns":5.0},{"damage":10.0,"enemies":"Exordium Thugs","floor":8.0,"turns":4.0},{"damage":6.0,"enemies":"Gremlin Nob","floor":10.0,"turns":3.0},{"damage":0.0,"enemies":"Exordium Wildlife","floor":11.0,"turns":4.0},{"damage":22.0,"enemies":"3 Sentries","floor":12.0,"turns":7.0},{"damage":6.0,"enemies":"Looter","floor":14.0,"turns":3.0},{"damage":19.0,"enemies":"The Guardian","floor":16.0,"turns":8.0},{"damage":5.0,"enemies":"Shell Parasite","floor":18.0,"turns":7.0},{"damage":0.0,"enemies":"Chosen","floor":21.0,"turns":3.0},{"damage":33.0,"enemies":"3 Cultists","floor":22.0,"turns":5.0},{"damage":46,"enemies":"Slavers","floor":23,"turns":5}],"seed_played":"-3618540671312757684","potions_obtained":[{"floor":5.0,"key":"EntropicBrew"},{"floor":5.0,"key":"DistilledChaos"},{"floor":5.0,"key":"SteroidPotion"},{"floor":7.0,"key":"PowerPotion"},{"floor":8.0,"key":"DistilledChaos"},{"floor":10.0,"key":"Dexterity Potion"},{"floor":12.0,"key":"Dexterity Potion"},{"floor":14.0,"key":"FearPotion"},{"floor":16.0,"key":"ColorlessPotion"},{"floor":18.0,"key":"GamblersBrew"},{"floor":22.0,"key":"Energy Potion"}],"is_trial":false,"path_per_floor":["M","M","?","M","?","E","M","M","T","E","M","E","R","M","R","B",null,"M","T","?","M","M","E"],"character_chosen":"DEFECT","items_purchased":[],"campfire_rested":0,"item_purchase_floors":[],"current_hp_per_floor":[76,76,58,54,54,29,17,7,7,1,3,15,24,20,29,12,82,77,77,77,79,48,4,4],"gold":432,"neow_bonus":"TEN_PERCENT_HP_BONUS","is_daily":false,"chose_seed":false,"campfire_upgraded":2,"win_rate":0.0,"timestamp":1612259500,"path_taken":["M","M","?","M","?","E","M","M","T","E","M","E","R","M","R","BOSS","M","?","?","?","?","E"],"items_purchased_type":[],"build_version":"2020-12-22","purchased_purges":0,"victory":false,"max_hp_per_floor":[82,82,82,82,82,82,82,82,82,82,82,82,82,82,82,82,82,82,82,82,82,82,82,82],"relic_stats":{"Blood Vial":14,"Lizard Tail":0,"counters":[15,71],"Prayer Wheel":7,"Eternal Feather":18,"obtain_stats":[{"Blood Vial":10,"Lizard Tail":3,"Lantern":12,"Prayer Wheel":6,"Eternal Feather":9,"Cracked Core":0,"Nuclear Battery":17},{"Blood Vial":7,"Lizard Tail":2,"Lantern":9,"Prayer Wheel":4,"Eternal Feather":6,"Cracked Core":0,"Nuclear Battery":11},{"Blood Vial":29,"Lizard Tail":6,"Lantern":40,"Prayer Wheel":17,"Eternal Feather":26,"Cracked Core":0,"Nuclear Battery":51}]},"card_choices":[{"not_picked":["Compile Driver","Steam","Rebound"],"picked":"SKIP","floor":1.0},{"not_picked":["Leap","Ball Lightning"],"picked":"Defragment","floor":2.0},{"not_picked":["Steam","Heatsinks","Streamline"],"picked":"SKIP","floor":4.0},{"not_picked":["Cold Snap","White Noise","Go for the Eyes"],"picked":"SKIP","floor":6.0},{"not_picked":["Self Repair","Rebound"],"picked":"Seek","floor":7.0},{"not_picked":["Cold Snap","Conserve Battery"],"picked":"Leap","floor":7.0},{"not_picked":["Storm","Turbo"],"picked":"Defragment","floor":8.0},{"not_picked":["Leap","Sweeping Beam"],"picked":"FTL","floor":8.0},{"not_picked":["Turbo","Beam Cell"],"picked":"Defragment","floor":10.0},{"not_picked":["Beam Cell","Fusion","White Noise"],"picked":"SKIP","floor":11.0},{"not_picked":["Beam Cell","Rebound","Static Discharge"],"picked":"SKIP","floor":11.0},{"not_picked":["Turbo","Gash"],"picked":"Leap","floor":12.0},{"not_picked":["Hologram","Cold Snap"],"picked":"Thunder Strike","floor":14.0},{"not_picked":["Streamline","Self Repair"],"picked":"Lockon","floor":14.0},{"not_picked":["Rainbow","Meteor Strike"],"picked":"Echo Form","floor":16.0},{"not_picked":["Steam","Scrape","Rip and Tear"],"picked":"SKIP","floor":18.0},{"not_picked":["Gash","Skim","Reinforced Body"],"picked":"SKIP","floor":18.0},{"not_picked":["Sweeping Beam","Auto Shields","Steam+1"],"picked":"SKIP","floor":21.0},{"not_picked":["Steam Power","Sweeping Beam","Turbo"],"picked":"SKIP","floor":21.0},{"not_picked":["White Noise+1","Heatsinks","Streamline"],"picked":"SKIP","floor":22.0},{"not_picked":["Barrage","Defragment","Hologram"],"picked":"SKIP","floor":22.0}],"player_experience":110226,"relics_obtained":[{"floor":6.0,"key":"Prayer Wheel"},{"floor":9.0,"key":"Eternal Feather"},{"floor":10.0,"key":"Blood Vial"},{"floor":12.0,"key":"Lantern"}],"event_choices":[{"damage_healed":0.0,"max_hp_gain":0.0,"max_hp_loss":0.0,"gold_gain":0.0,"event_name":"Scrap Ooze","player_choice":"Success","floor":3.0,"gold_loss":0.0,"damage_taken":18.0,"relics_obtained":["Lizard Tail"]},{"damage_healed":0.0,"max_hp_gain":0.0,"max_hp_loss":0.0,"gold_gain":0.0,"event_name":"The Woman in Blue","player_choice":"Bought 3 Potions","floor":5.0,"gold_loss":0.0,"damage_taken":0.0},{"damage_healed":0.0,"max_hp_gain":0.0,"max_hp_loss":0.0,"gold_gain":0.0,"event_name":"The Joust","player_choice":"Bet on Murderer","floor":20.0,"gold_loss":50.0,"damage_taken":0.0}],"is_beta":false,"boss_relics":[{"not_picked":["Astrolabe","Calling Bell"],"picked":"Nuclear Battery"}],"items_purged_floors":[],"is_endless":false,"potions_floor_spawned":[7,8,10,12,14,16,18,22],"killed_by":"Slavers","ascension_level":0}}