{"host":"1qhzi8r9ejho5yph","time":1612271290,"event":{"mods":["AchievementEnabler","BaseMod","Colored Map","Colored Powertips","Highlight Path","Minty Spire (QoL Compilation)","Permanent Neow","Quick Restart","Random Character Button","StSLib","SuperFastMode"],"gold_per_floor":[110,124,143,159,178,205,205,205,205,18,18,34,34,48,48,152,152,169,94,94,110,110,110,143,143,143,51,51,82,101,119,119,223,223,241,291,310,329,348,348,17,17,17,36,36,36,36,258,258,258,258],"floor_reached":50,"language":"ENG","playtime":1681,"items_purged":["Strike_R","Strike_R"],"score":512,"play_id":"a4f637ca-1a38-450c-9ffc-74c46987446d","local_time":"20210202210810","is_ascension_mode":false,"campfire_choices":[{"data":"Sword Boomerang","floor":7,"key":"SMITH"},{"data":"Sword Boomerang","floor":15,"key":"SMITH"},{"data":"Mayhem","floor":23,"key":"SMITH"},{"data":"Enlightenment","floor":28,"key":"SMITH"},{"data":"Double Tap","floor":32,"key":"SMITH"},{"data":"True Grit","floor":40,"key":"SMITH"},{"data":"Pommel Strike","floor":42,"key":"SMITH"},{"floor":49,"key":"REST"}],"circlet_count":0,"master_deck":["Defend_R","Defend_R","Defend_R","Defend_R","Bash","Reaper","Sword Boomerang+1","Pommel Strike","Whirlwind","Sword Boomerang+1","Mayhem+1","Pommel Strike+1","Ghostly Armor","Double Tap+1","Iron Wave+1","True Grit+1","Ghostly","Ghostly","Ghostly","Ghostly","Ghostly","Disarm","Enlightenment+1","Fiend Fire","Spot Weakness","Impervious","Iron Wave","Feed","Warcry+1","Finesse","Double Tap+1","Iron Wave+1","Madness","Madness","Secret Technique"],"relics":["Burning Blood","Charon\u0027s Ashes","Unceasing Top","CaptainsWheel","SlaversCollar","Ice Cream","Enchiridion","Shuriken","Red Mask","Empty Cage","Turnip","DollysMirror","Boot"],"acts_visited":["Exordium","TheCity","TheBeyond"],"potions_floor_usage":[16,33,50],"damage_taken":[{"damage":6,"enemies":"Cultist","floor":1,"turns":3},{"damage":7,"enemies":"Small Slimes","floor":2,"turns":4},{"damage":10,"enemies":"2 Louse","floor":3,"turns":3},{"damage":8,"enemies":"Exordium Wildlife","floor":4,"turns":4},{"damage":15,"enemies":"Looter","floor":5,"turns":3},{"damage":44,"enemies":"3 Sentries","floor":6,"turns":7},{"damage":0,"enemies":"Large Slime","floor":12,"turns":5},{"damage":0,"enemies":"3 Louse","floor":14,"turns":4},{"damage":30,"enemies":"The Guardian","floor":16,"turns":12},{"damage":10,"enemies":"Shell Parasite","floor":18,"turns":5},{"damage":4,"enemies":"3 Byrds","floor":21,"turns":5},{"damage":2,"enemies":"Book of Stabbing","floor":24,"turns":6},{"damage":4,"enemies":"Masked Bandits","floor":29,"turns":7},{"damage":0,"enemies":"Snecko","floor":30,"turns":5},{"damage":0,"enemies":"Centurion and Healer","floor":31,"turns":3},{"damage":22,"enemies":"Collector","floor":33,"turns":8},{"damage":13,"enemies":"3 Darklings","floor":35,"turns":4},{"damage":1,"enemies":"Mind Bloom Boss Battle","floor":36,"turns":7},{"damage":12,"enemies":"3 Shapes","floor":37,"turns":4},{"damage":10,"enemies":"Jaw Worm Horde","floor":38,"turns":5},{"damage":4,"enemies":"Transient","floor":39,"turns":5},{"damage":14,"enemies":"Maw","floor":44,"turns":8},{"damage":36,"enemies":"Time Eater","floor":50,"turns":8}],"seed_played":"8917065093475126278","potions_obtained":[{"floor":2,"key":"SpeedPotion"},{"floor":5,"key":"Weak Potion"},{"floor":12,"key":"Energy Potion"},{"floor":16,"key":"FearPotion"},{"floor":30,"key":"HeartOfIron"},{"floor":35,"key":"AttackPotion"},{"floor":38,"key":"Strength Potion"}],"is_trial":false,"path_per_floor":["M","M","M","M","M","E","R","?","T","$","?","M","?","M","R","B",null,"M","$","?","M","?","R","E","?","T","$","R","?","M","M","R","B",null,"M","?","M","M","M","R","$","R","T","M","?","?","?","?","R","B"],"character_chosen":"IRONCLAD","items_purchased":["Mayhem","Enlightenment","Finesse","DollysMirror"],"campfire_rested":1,"item_purchase_floors":[10,27,41,41],"current_hp_per_floor":[80,79,79,77,68,40,40,40,40,40,28,34,27,42,42,24,80,76,76,76,78,40,40,40,24,24,24,24,38,40,40,40,40,40,40,40,34,33,35,35,35,35,35,27,22,22,22,22,34,0,0],"gold":258,"neow_bonus":"ONE_RANDOM_RARE_CARD","is_daily":false,"chose_seed":false,"campfire_upgraded":7,"win_rate":0.0,"timestamp":1612271290,"path_taken":["M","M","M","?","M","E","R","?","T","$","?","M","?","?","R","BOSS","M","$","?","M","?","R","E","?","T","$","R","?","M","M","R","BOSS","M","?","M","M","M","R","$","R","T","M","?","?","?","?","R","BOSS"],"items_purchased_type":["Card","Card","Card","Relic"],"build_version":"2020-12-22","purchased_purges":2,"victory":false,"max_hp_per_floor":[80,80,80,80,80,80,80,80,80,80,80,80,80,80,80,80,80,80,80,80,80,40,40,40,40,40,40,40,40,40,40,40,40,40,40,40,40,43,43,43,43,43,43,43,43,43,43,43,43,43,43],"card_choices":[{"not_picked":["Anger","Rage"],"picked":"Sword Boomerang","floor":1},{"not_picked":["Entrench","Havoc","Armaments"],"picked":"SKIP","floor":2},{"not_picked":["Infernal Blade","Twin Strike"],"picked":"Pommel Strike","floor":3},{"not_picked":["Burning Pact","Rampage","Warcry"],"picked":"SKIP","floor":4},{"not_picked":["Shrug It Off","Perfected Strike"],"picked":"Whirlwind","floor":5},{"not_picked":["Warcry","Perfected Strike"],"picked":"Sword Boomerang","floor":6},{"not_picked":["Bludgeon","Perfected Strike"],"picked":"Pommel Strike","floor":12},{"not_picked":["Clash","Havoc"],"picked":"Ghostly Armor","floor":14},{"not_picked":["Barricade","Brutality"],"picked":"Double Tap","floor":16},{"not_picked":["Body Slam","Thunderclap"],"picked":"Iron Wave+1","floor":18},{"not_picked":["Wild Strike","Dual Wield"],"picked":"True Grit","floor":21},{"not_picked":["Burning Pact+1","Sword Boomerang"],"picked":"Disarm","floor":24},{"not_picked":["Body Slam","True Grit"],"picked":"Fiend Fire","floor":29},{"not_picked":["Rampage","Clash+1","Blood for Blood"],"picked":"SKIP","floor":30},{"not_picked":["Flame Barrier","Entrench"],"picked":"Spot Weakness","floor":31},{"not_picked":["Fiend Fire","Double Tap"],"picked":"Impervious","floor":33},{"not_picked":["Anger","Clash","Entrench+1"],"picked":"SKIP","floor":35},{"not_picked":["Anger","Bloodletting"],"picked":"Iron Wave","floor":36},{"not_picked":["Iron Wave","Flex+1"],"picked":"Feed","floor":37},{"not_picked":["Cleave+1","Entrench+1"],"picked":"Warcry+1","floor":38},{"not_picked":["Clash","Blood for Blood","Power Through+1"],"picked":"SKIP","floor":39},{"not_picked":["Cleave+1","Heavy Blade"],"picked":"Iron Wave+1","floor":44},{"not_picked":["Purity","Secret Weapon"],"picked":"Secret Technique","floor":47}],"player_experience":349087,"relics_obtained":[{"floor":6,"key":"Charon\u0027s Ashes"},{"floor":9,"key":"Unceasing Top"},{"floor":24,"key":"Ice Cream"},{"floor":25,"key":"Enchiridion"},{"floor":26,"key":"Shuriken"},{"floor":29,"key":"Red Mask"},{"floor":36,"key":"Turnip"},{"floor":43,"key":"Boot"}],"event_choices":[{"damage_healed":0,"gold_gain":0,"player_choice":"Ignored","damage_taken":0,"max_hp_gain":0,"max_hp_loss":0,"event_name":"Liars Game","floor":8,"gold_loss":0},{"damage_healed":0,"gold_gain":0,"player_choice":"Success","damage_taken":12,"relics_obtained":["CaptainsWheel"],"max_hp_gain":0,"max_hp_loss":0,"event_name":"Scrap Ooze","floor":11,"gold_loss":0},{"cards_removed":["Strike_R"],"damage_healed":0,"gold_gain":0,"player_choice":"Card Removal","damage_taken":7,"max_hp_gain":0,"max_hp_loss":0,"event_name":"Golden Wing","floor":13,"gold_loss":0},{"damage_healed":0,"gold_gain":0,"player_choice":"Ignored","damage_taken":0,"max_hp_gain":0,"max_hp_loss":0,"event_name":"Vampires","floor":20,"gold_loss":0},{"damage_healed":0,"gold_gain":0,"player_choice":"Became a Ghost","damage_taken":0,"max_hp_gain":0,"max_hp_loss":40,"event_name":"Ghosts","floor":22,"gold_loss":0,"cards_obtained":["Ghostly","Ghostly","Ghostly","Ghostly","Ghostly"]},{"damage_healed":0,"gold_gain":0,"player_choice":"Obtained Book","damage_taken":16,"max_hp_gain":0,"max_hp_loss":0,"event_name":"Cursed Tome","floor":25,"gold_loss":0},{"damage_healed":0,"gold_gain":0,"player_choice":"Fought Bandits","damage_taken":0,"max_hp_gain":0,"max_hp_loss":0,"event_name":"Masked Bandits","floor":29,"gold_loss":0},{"damage_healed":0,"gold_gain":0,"player_choice":"Fight","damage_taken":0,"max_hp_gain":0,"max_hp_loss":0,"event_name":"MindBloom","floor":36,"gold_loss":0},{"damage_healed":0,"gold_gain":0,"player_choice":"Embrace Madness","damage_taken":5,"max_hp_gain":0,"max_hp_loss":0,"event_name":"Winding Halls","floor":45,"gold_loss":0,"cards_obtained":["Madness","Madness"]},{"damage_healed":0,"gold_gain":0,"player_choice":"Ignored","damage_taken":0,"max_hp_gain":0,"max_hp_loss":0,"event_name":"Mysterious Sphere","floor":46,"gold_loss":0},{"damage_healed":0,"gold_gain":0,"player_choice":"Memory 1","damage_taken":0,"max_hp_gain":0,"max_hp_loss":0,"event_name":"SensoryStone","floor":47,"gold_loss":0},{"damage_healed":0,"gold_gain":222,"player_choice":"Wore Mask","damage_taken":0,"max_hp_gain":0,"max_hp_loss":0,"event_name":"Tomb of Lord Red Mask","floor":48,"gold_loss":0}],"is_beta":false,"boss_relics":[{"not_picked":["Fusion Hammer","SacredBark"],"picked":"SlaversCollar"},{"not_picked":["Pandora\u0027s Box","Busted Crown"],"picked":"Empty Cage"}],"items_purged_floors":[19,41],"is_endless":false,"potions_floor_spawned":[2,5,12,16,30,35,38,44],"killed_by":"Time Eater","ascension_level":0}}