{"host":"Qube","time":1612234709,"event":{"mods":["AchievementEnabler","BaseMod","Colored Map","Colored Powertips","Highlight Path","Minty Spire (QoL Compilation)","Permanent Neow","Quick Restart","Random Character Button","StSLib"],"gold_per_floor":[113,128,143,160,175,175,210,210,235,235,235,245,245,245],"floor_reached":13,"language":"ENG","playtime":616,"items_purged":[],"score":174,"play_id":"ed5870a1-4cf1-4c35-98f5-371087ba71b7","local_time":"20210201185829","is_ascension_mode":true,"campfire_choices":[{"data":"Neutralize","floor":6.0,"key":"SMITH"},{"floor":8.0,"key":"REST"}],"circlet_count":0,"master_deck":["AscendersBane","Strike_G","Strike_G","Strike_G","Strike_G","Strike_G","Defend_G","Defend_G","Defend_G","Defend_G","Survivor","Neutralize+1","Dagger Throw","PiercingWail","Choke","Deflect","Blade Dance+1","PiercingWail","Storm of Steel"],"relics":["Ring of the Snake","Peace Pipe","Centennial Puzzle","Art of War"],"acts_visited":["Exordium"],"potions_floor_usage":[],"damage_taken":[{"damage":1.0,"enemies":"Cultist","floor":1.0,"turns":5.0},{"damage":11.0,"enemies":"Small Slimes","floor":2.0,"turns":5.0},{"damage":2.0,"enemies":"Jaw Worm","floor":3.0,"turns":5.0},{"damage":2.0,"enemies":"Gremlin Gang","floor":4.0,"turns":5.0},{"damage":6.0,"enemies":"Looter","floor":5.0,"turns":4.0},{"damage":17.0,"enemies":"3 Sentries","floor":7.0,"turns":7.0},{"damage":15.0,"enemies":"Exordium Wildlife","floor":12.0,"turns":7.0},{"damage":10,"enemies":"Lagavulin","floor":13,"turns":6}],"seed_played":"9116062513939329766","potions_obtained":[{"floor":1.0,"key":"Energy Potion"},{"floor":4.0,"key":"SteroidPotion"}],"is_trial":false,"path_per_floor":["M","M","M","M","M","R","E","R","T","?","?","M","E"],"character_chosen":"THE_SILENT","items_purchased":[],"campfire_rested":1,"item_purchase_floors":[],"current_hp_per_floor":[58,47,45,43,37,37,20,38,38,38,31,16,6,6],"gold":245,"neow_bonus":"ONE_RARE_RELIC","is_daily":false,"chose_seed":false,"campfire_upgraded":1,"win_rate":0.0,"timestamp":1612234709,"path_taken":["M","M","M","M","?","R","E","R","T","?","?","M","E"],"items_purchased_type":[],"build_version":"2020-12-18","purchased_purges":0,"victory":false,"max_hp_per_floor":[60,60,60,60,60,60,60,60,60,60,60,60,60,60],"card_choices":[{"not_picked":["Choke","Flying Knee"],"picked":"Dagger Throw","floor":1.0},{"not_picked":["Deadly Poison","Distraction"],"picked":"PiercingWail","floor":2.0},{"not_picked":["Blade Dance","Prepared"],"picked":"Choke","floor":3.0},{"not_picked":["Reflex","Bane"],"picked":"Deflect","floor":4.0},{"not_picked":["Flying Knee","Accuracy"],"picked":"Blade Dance","floor":5.0},{"not_picked":["Dagger Spray","Deflect"],"picked":"PiercingWail","floor":7.0},{"not_picked":["Outmaneuver","Escape Plan"],"picked":"Storm of Steel","floor":12.0}],"player_experience":1043977,"relics_obtained":[{"floor":7.0,"key":"Centennial Puzzle"},{"floor":9.0,"key":"Art of War"}],"event_choices":[{"damage_healed":0.0,"max_hp_gain":0.0,"max_hp_loss":0.0,"gold_gain":0.0,"event_name":"Living Wall","player_choice":"Grow","floor":10.0,"gold_loss":0.0,"damage_taken":0.0,"cards_upgraded":["Blade Dance"]},{"cards_removed":["Defend_G"],"damage_healed":0.0,"max_hp_gain":0.0,"max_hp_loss":0.0,"gold_gain":0.0,"event_name":"Golden Wing","player_choice":"Card Removal","floor":11.0,"gold_loss":0.0,"damage_taken":7.0}],"is_beta":true,"boss_relics":[],"items_purged_floors":[],"is_endless":false,"potions_floor_spawned":[1,4],"killed_by":"Lagavulin","ascension_level":20}}