{"host":"9slw7l0ws16384qq","time":1612296776,"event":{"mods":["A Penny For Your Troubles","BaseMod","Colored Map","Downfall","Evolution","Hubris","Minty Spire (QoL Compilation)","Replay The Spire","StS++","StSLib"],"gold_per_floor":[99,112,123,141,51,51,74,93,125,25,10,110,110,110,110,110],"floor_reached":14,"language":"FRA","playtime":433,"items_purged":["Guardian:Strike_Guardian"],"score":141,"play_id":"670a5094-92be-42ee-9905-8c7dca31063d","local_time":"20210202211256","is_ascension_mode":true,"campfire_choices":[{"floor":1.0,"key":"RECALL"},{"data":"Guardian:TwinSlam","floor":6.0,"key":"SMITH"},{"data":"Guardian:Clone","floor":10.0,"key":"SMITH"}],"circlet_count":0,"master_deck":["AscendersBane","Guardian:Strike_Guardian","Guardian:Strike_Guardian","Guardian:Strike_Guardian","Guardian:Defend_Guardian","Guardian:Defend_Guardian","Guardian:Defend_Guardian","Guardian:TwinSlam+1","Guardian:Gem_Fragmented","Guardian:Clone+1","Guardian:FloatingOrbs","Guardian:Gem_Cyan"],"relics":["Guardian:ModeShifter","EVO:Axolotl","StSpp:TwinEgg","downfall:HeartBlessingRed"],"acts_visited":["Exordium"],"potions_floor_usage":[],"damage_taken":[{"damage":6.0,"enemies":"Cultist","floor":2.0,"turns":4.0},{"damage":0.0,"enemies":"Small Slimes","floor":3.0,"turns":3.0},{"damage":3.0,"enemies":"2 Louse","floor":4.0,"turns":3.0},{"damage":5.0,"enemies":"downfall:FleeingMerchant","floor":5.0,"turns":4.0},{"damage":1.0,"enemies":"2 Fungi Beasts","floor":8.0,"turns":3.0},{"damage":40.0,"enemies":"3 Sentries","floor":9.0,"turns":9.0},{"damage":10.0,"enemies":"downfall:FleeingMerchant","floor":11.0,"turns":4.0},{"damage":15,"enemies":"Lagavulin","floor":14,"turns":4}],"seed_played":"8238523229570743004","potions_obtained":[{"floor":2.0,"key":"GamblersBrew"},{"floor":3.0,"key":"Elixir"},{"floor":4.0,"key":"Toxic Potion"}],"is_trial":false,"path_per_floor":["R_BF","M","M","M","$","R","T","M","E","R","$","?","?","E"],"character_chosen":"GUARDIAN","items_purchased":[],"campfire_rested":0,"item_purchase_floors":[],"current_hp_per_floor":[72,66,66,63,58,58,58,57,17,17,7,7,7,0,0,0],"gold":110,"neow_bonus":"REMOVE_TWO","is_daily":false,"chose_seed":false,"campfire_upgraded":2,"win_rate":0.0,"timestamp":1612296776,"path_taken":["R_BF","M","M","M","$","R","T","M","E","R","?","?","?","E"],"items_purchased_type":[],"build_version":"2020-12-22","purchased_purges":1,"victory":false,"max_hp_per_floor":[72,72,72,72,72,72,72,72,72,72,72,72,72,72,72,72],"card_choices":[{"not_picked":["Guardian:VentSteam","Guardian:Repulse"],"picked":"Guardian:Gem_Fragmented","floor":2.0},{"not_picked":["Guardian:ChargeUp","Guardian:PrismaticBarrier","Guardian:TemporalStrike"],"picked":"SKIP","floor":3.0},{"not_picked":["Guardian:ChargeCore","Guardian:RollAttack"],"picked":"Guardian:Clone","floor":4.0},{"not_picked":["Guardian:PolyBeam","Guardian:Recover","Guardian:ShieldSpikes"],"picked":"SKIP","floor":5.0},{"not_picked":["Guardian:Planning","Guardian:Gem_Lightblue"],"picked":"Guardian:FloatingOrbs","floor":8.0},{"not_picked":["Guardian:TimeCapacitor","Guardian:Gem_Green","Guardian:EvasiveProtocol"],"picked":"SKIP","floor":9.0},{"not_picked":["Guardian:Gem_Purple","Guardian:Gem_Red"],"picked":"Guardian:Gem_Cyan","floor":11.0}],"player_experience":1596739,"relics_obtained":[{"floor":9.0,"key":"StSpp:TwinEgg"}],"event_choices":[],"is_beta":false,"boss_relics":[],"items_purged_floors":[5],"is_endless":false,"potions_floor_spawned":[2,3,4,9],"killed_by":"Lagavulin","ascension_level":12}}