{"host":"vddnn8yddbh0df4g","time":1612306084,"event":{"mods":["Act Like it!","BaseMod","Beaked The Cultist","Bestiary","Clockwork Mod","Downfall","Minty Spire (QoL Compilation)","Shop Mod","StSLib","SuperFastMode","The Construct","The Runesmith"],"gold_per_floor":[99,113,132,132,146,177,177,197,197,372,372,372],"floor_reached":11,"language":"ENG","playtime":468,"items_purged":[],"score":77,"play_id":"f1ad13e4-33a1-496e-91a7-1976d971a690","local_time":"20210202174804","is_ascension_mode":true,"campfire_choices":[{"data":"construct:DefenseMode","floor":1.0,"key":"SMITH"}],"circlet_count":0,"master_deck":["construct:Strike_Gold","construct:Strike_Gold","construct:Strike_Gold","construct:Strike_Gold","construct:Strike_Gold","construct:Defend_Gold","construct:Defend_Gold","construct:Defend_Gold","construct:Defend_Gold","construct:Defend_Gold","construct:AttackMode+1","construct:DefenseMode+1","construct:ElectricArmor","construct:ElectricArmor","construct:ModeShift","construct:Failsafe","construct:Reinforce","Doubt"],"relics":["construct:Cogwheel","WarpedTongs","Question Card","Pear"],"acts_visited":["Exordium"],"potions_floor_usage":[],"damage_taken":[{"damage":0.0,"enemies":"Jaw Worm","floor":2.0,"turns":4.0},{"damage":0.0,"enemies":"Cultist","floor":3.0,"turns":8.0},{"damage":15.0,"enemies":"Small Slimes","floor":5.0,"turns":8.0},{"damage":33.0,"enemies":"Gremlin Nob","floor":6.0,"turns":6.0},{"damage":9.0,"enemies":"2 Fungi Beasts","floor":8.0,"turns":5.0},{"damage":44,"enemies":"3 Sentries","floor":11,"turns":11}],"seed_played":"2476306821769850579","potions_obtained":[{"floor":2.0,"key":"Block Potion"},{"floor":3.0,"key":"GamblersBrew"},{"floor":5.0,"key":"hexamod:SoulburnPotion"}],"is_trial":false,"path_per_floor":["R","M","M","?","M","E","T","M","?","?","E"],"character_chosen":"THE_CONSTRUCT_MOD","items_purchased":[],"campfire_rested":0,"item_purchase_floors":[],"current_hp_per_floor":[85,85,85,85,70,37,47,38,38,38,0,0],"gold":372,"neow_bonus":"UPGRADE_CARD","is_daily":false,"chose_seed":false,"campfire_upgraded":1,"win_rate":0.0,"timestamp":1612306084,"path_taken":["R","M","M","?","M","E","T","?","?","?","E"],"items_purchased_type":[],"build_version":"2020-12-22","purchased_purges":0,"victory":false,"max_hp_per_floor":[85,85,85,85,85,85,95,95,95,95,95,95],"card_choices":[{"not_picked":["construct:QuickAttack","construct:CriticalHit"],"picked":"construct:ElectricArmor","floor":2.0},{"not_picked":["construct:Isolate","construct:Synchronize"],"picked":"construct:ElectricArmor","floor":3.0},{"not_picked":["construct:VentSteam","construct:OmegaCannon"],"picked":"construct:ModeShift","floor":5.0},{"not_picked":["construct:SaveState","construct:Backfire"],"picked":"construct:Failsafe","floor":6.0},{"not_picked":["construct:Backfire","construct:QuickAttack","construct:Autoturret"],"picked":"construct:Reinforce","floor":8.0}],"player_experience":727549,"relics_obtained":[{"floor":6.0,"key":"Question Card"},{"floor":7.0,"key":"Pear"}],"event_choices":[{"damage_healed":0.0,"max_hp_gain":0.0,"max_hp_loss":0.0,"gold_gain":0.0,"event_name":"Accursed Blacksmith","player_choice":"Rummage","floor":4.0,"gold_loss":0.0,"damage_taken":0.0,"relics_obtained":["WarpedTongs"],"cards_obtained":["Pain"]},{"cards_removed":["Pain"],"damage_healed":0.0,"max_hp_gain":0.0,"max_hp_loss":0.0,"gold_gain":0.0,"event_name":"The Cleric","player_choice":"Card Removal","floor":9.0,"gold_loss":0.0,"damage_taken":0.0}],"is_beta":false,"boss_relics":[],"items_purged_floors":[],"is_endless":false,"potions_floor_spawned":[2,3,5],"killed_by":"3 Sentries","ascension_level":1}}