{"host":"uc8wz0q199a7d901","time":1612235758,"event":{"mods":["2.2 Compatiblity","BaseMod","Colored Map","DeckTracker","Highlight Path","Minty Spire (QoL Compilation)","Permanent Neow","Quick Restart","SuperFastMode"],"gold_per_floor":[114,129,144,159,39,39,69,84,84,84,99,114,129,144,144,244,244,259,259,60,75,75,105,105,105,405,420,420,450,85,135,135,235,235,250,250,265,39,5,5,5,5,80,80,27,42,57,72,72,72,72],"floor_reached":50,"language":"KOR","playtime":1343,"items_purged":["Defend_R","Shame","Defend_G"],"score":589,"play_id":"1902275b-97d1-4e62-af4b-c374e2a8c591","local_time":"20210202121558","daily_mods":["Chimera","Blue Cards","Binary"],"is_ascension_mode":false,"campfire_choices":[{"data":"Cleave","floor":6.0,"key":"SMITH"},{"data":"Bash","floor":10.0,"key":"SMITH"},{"data":"Fiend Fire","floor":15.0,"key":"SMITH"},{"data":"Immolate","floor":24.0,"key":"SMITH"},{"data":"Bite","floor":28.0,"key":"SMITH"},{"floor":32.0,"key":"REST"},{"data":"Heavy Blade","floor":40.0,"key":"SMITH"},{"floor":42.0,"key":"DIG"},{"data":"Demon Form","floor":44,"key":"SMITH"},{"floor":49,"key":"REST"}],"circlet_count":0,"master_deck":["Bash+1","Survivor","Zap","Eruption","Defend_P","Flame Barrier","Coolheaded","Cleave+1","Seeing Red","Fiend Fire+1","Go for the Eyes","Steam Power","Heavy Blade+1","Immolate+1","Headbutt","Rupture","Bite+1","Bite","Bite","Bite","Bite","Whirlwind","CurseOfTheBell","Demon Form+1","Recycle","Blind","Pummel","Self Repair","Heavy Blade","Parasite"],"relics":["Burning Blood","Kunai","Matryoshka","Busted Crown","Pantograph","Pen Nib","Regal Pillow","Gambling Chip","Juzu Bracelet","Old Coin","Calipers","Toolbox","Red Skull","Calling Bell","Bag of Marbles","Mummified Hand","Shovel","Strawberry","White Beast Statue","Gremlin Horn"],"acts_visited":["Exordium","TheCity","TheBeyond"],"potions_floor_usage":[50,50,50],"damage_taken":[{"damage":2.0,"enemies":"Cultist","floor":1.0,"turns":4.0},{"damage":5.0,"enemies":"Small Slimes","floor":2.0,"turns":4.0},{"damage":2.0,"enemies":"2 Louse","floor":3.0,"turns":4.0},{"damage":2.0,"enemies":"Blue Slaver","floor":4.0,"turns":5.0},{"damage":28.0,"enemies":"Lagavulin","floor":7.0,"turns":7.0},{"damage":8.0,"enemies":"Looter","floor":8.0,"turns":4.0},{"damage":6.0,"enemies":"Exordium Thugs","floor":11.0,"turns":4.0},{"damage":0.0,"enemies":"Exordium Wildlife","floor":12.0,"turns":2.0},{"damage":0.0,"enemies":"Large Slime","floor":13.0,"turns":2.0},{"damage":5.0,"enemies":"Blue Slaver","floor":14.0,"turns":3.0},{"damage":24.0,"enemies":"Slime Boss","floor":16.0,"turns":6.0},{"damage":2.0,"enemies":"Chosen","floor":18.0,"turns":3.0},{"damage":17.0,"enemies":"Shell Parasite","floor":21.0,"turns":4.0},{"damage":25.0,"enemies":"Gremlin Leader","floor":23.0,"turns":6.0},{"damage":12.0,"enemies":"Snake Plant","floor":27.0,"turns":4.0},{"damage":42.0,"enemies":"Book of Stabbing","floor":29.0,"turns":5.0},{"damage":55.0,"enemies":"Automaton","floor":33.0,"turns":8.0},{"damage":15.0,"enemies":"Orb Walker","floor":35.0,"turns":2.0},{"damage":3.0,"enemies":"3 Shapes","floor":37.0,"turns":7.0},{"damage":0.0,"enemies":"Giant Head","floor":41.0,"turns":2.0},{"damage":15,"enemies":"Writhing Mass","floor":46,"turns":4},{"damage":40,"enemies":"Spire Growth","floor":47,"turns":4},{"damage":37,"enemies":"Jaw Worm Horde","floor":48,"turns":4},{"damage":83,"enemies":"Donu and Deca","floor":50,"turns":4}],"seed_played":"-9070903199233054170","potions_obtained":[{"floor":1.0,"key":"GamblersBrew"},{"floor":2.0,"key":"SmokeBomb"},{"floor":4.0,"key":"FearPotion"},{"floor":11.0,"key":"SkillPotion"},{"floor":16.0,"key":"SteroidPotion"},{"floor":21.0,"key":"Strength Potion"},{"floor":23.0,"key":"SteroidPotion"},{"floor":35.0,"key":"FearPotion"},{"floor":46,"key":"FearPotion"},{"floor":47,"key":"Ancient Potion"}],"is_trial":false,"path_per_floor":["M","M","M","M","$","R","E","M","T","R","M","M","M","M","R","B",null,"M","?","$","M","?","E","R","T","T","M","R","E","$","T","R","B",null,"M","?","M","$","$","R","E","R","T","R","$","M","M","M","R","B"],"character_chosen":"IRONCLAD","items_purchased":["Cleave","Headbutt","Rupture","Whirlwind","Toolbox","SteroidPotion","Pummel","Strawberry","Self Repair","Heavy Blade"],"campfire_rested":2,"item_purchase_floors":[5,20,20,30,30,30,38,38,39,45],"current_hp_per_floor":[80,80,80,80,80,80,58,56,56,56,56,62,68,69,69,51,80,80,80,80,69,56,41,41,41,41,45,45,22,22,22,53,18,56,49,49,54,61,61,61,63,63,63,63,63,57,35,18,51,0,0],"gold":72,"neow_bonus":"","is_daily":true,"chose_seed":false,"campfire_upgraded":7,"win_rate":0.0,"timestamp":1612235758,"path_taken":["M","M","?","M","$","R","E","M","T","R","M","M","M","M","R","BOSS","M","?","$","M","?","E","R","?","T","M","R","E","$","?","R","BOSS","M","?","M","?","$","R","E","R","T","R","?","M","M","M","R","BOSS"],"items_purchased_type":["Card","Card","Card","Card","Relic","Potion","Card","Relic","Card","Card"],"build_version":"2020-12-22","purchased_purges":3,"victory":false,"max_hp_per_floor":[80,80,80,80,80,80,80,80,80,80,80,80,80,80,80,80,80,80,80,80,80,56,56,56,56,56,56,56,56,56,56,56,56,56,56,56,56,63,63,63,63,63,63,63,63,63,63,63,63,63,63],"card_choices":[{"not_picked":["Clothesline"],"picked":"Flame Barrier","floor":1.0},{"not_picked":["Go for the Eyes","Redo"],"picked":"SKIP","floor":2.0},{"not_picked":["Iron Wave"],"picked":"Coolheaded","floor":3.0},{"not_picked":["Cold Snap","Dual Wield"],"picked":"SKIP","floor":4.0},{"not_picked":["True Grit","Rebound"],"picked":"SKIP","floor":7.0},{"not_picked":["Uppercut"],"picked":"Seeing Red","floor":8.0},{"not_picked":["Reckless Charge"],"picked":"Fiend Fire","floor":11.0},{"not_picked":["Heatsinks"],"picked":"Go for the Eyes","floor":12.0},{"not_picked":["Iron Wave"],"picked":"Steam Power","floor":13.0},{"not_picked":["Loop"],"picked":"Heavy Blade","floor":14.0},{"not_picked":["Buffer"],"picked":"Immolate","floor":16.0}],"player_experience":711288,"relics_obtained":[{"floor":7.0,"key":"Kunai"},{"floor":9.0,"key":"Matryoshka"},{"floor":23.0,"key":"Pen Nib"},{"floor":25.0,"key":"Regal Pillow"},{"floor":25.0,"key":"Gambling Chip"},{"floor":26.0,"key":"Juzu Bracelet"},{"floor":26.0,"key":"Old Coin"},{"floor":29.0,"key":"Calipers"},{"floor":31.0,"key":"Red Skull"},{"floor":34.0,"key":"Bag of Marbles"},{"floor":34.0,"key":"Mummified Hand"},{"floor":34.0,"key":"Shovel"},{"floor":42.0,"key":"White Beast Statue"},{"floor":43.0,"key":"Gremlin Horn"}],"event_choices":[{"damage_healed":0.0,"max_hp_gain":0.0,"max_hp_loss":0.0,"gold_gain":0.0,"event_name":"Addict","player_choice":"Stole Relic","floor":19.0,"gold_loss":0.0,"damage_taken":0.0,"relics_obtained":["Pantograph"],"cards_obtained":["Shame"]},{"damage_healed":0.0,"max_hp_gain":0.0,"max_hp_loss":24.0,"gold_gain":0.0,"event_name":"Vampires","player_choice":"Became a vampire","floor":22.0,"gold_loss":0.0,"damage_taken":0.0,"cards_obtained":["Bite","Bite","Bite","Bite","Bite"]},{"damage_healed":0.0,"max_hp_gain":0.0,"max_hp_loss":0.0,"gold_gain":0.0,"event_name":"Match and Keep!","player_choice":"3 cards matched","floor":36.0,"gold_loss":0.0,"damage_taken":0.0,"cards_obtained":["Demon Form","Recycle","Blind"]}],"is_beta":false,"boss_relics":[{"not_picked":["Black Star","SlaversCollar"],"picked":"Busted Crown"},{"not_picked":["Philosopher\u0027s Stone","Cursed Key"],"picked":"Calling Bell"}],"items_purged_floors":[5,20,30],"is_endless":false,"potions_floor_spawned":[1,2,4,11,16,21,23,35,46,47,48],"killed_by":"Donu and Deca","ascension_level":0}}