{"host":"nyffms3wv8okr3l3","time":1612296071,"event":{"mods":["Astrologer","Bard","BaseMod","Beaked The Cultist","Bestiary","BetterRewards","Colored Powertips","Downfall","Fiend Mod","Gremlin Mod","Hermit","Hubris","Hunter ??","Infinite Spire","Marisa????????","Minty Spire (QoL Compilation)","Replay The Spire","SOS???????","StSLib","Synergy Search","The Forsaken"],"gold_per_floor":[213,224,224,238,238,273,273,285,285,304,333,433,433,446,446,551,651,665,665,665,682,624,624,624,637,662,674,698,710,754,766,778,887,899,922,945,977,399,399,399,410,410,437,456,456,469,479,479,479],"floor_reached":48,"language":"ENG","playtime":1947,"items_purged":[],"score":489,"play_id":"76167d4c-8a65-4aed-a0b5-445859107d5e","local_time":"20210202180111","is_ascension_mode":false,"campfire_choices":[{"floor":7.0,"key":"REST"},{"floor":13.0,"key":"REST"},{"floor":15.0,"key":"REST"},{"data":"Double Tap","floor":23.0,"key":"SMITH"},{"floor":29,"key":"REST"},{"floor":32,"key":"REST"},{"floor":40,"key":"REST"},{"floor":42,"key":"REST"},{"floor":45,"key":"REST"}],"circlet_count":0,"master_deck":["Strike_R+1","Strike_R+1","Strike_R","Strike_R","Defend_R","Defend_R","Defend_R","Defend_R","Bash","Heavy Blade","Rupture","Cleave","Hemokinesis","Dropkick","Clothesline","Twin Strike","Thunderclap","Anger","Double Tap+1","Spot Weakness","Disarm","Metallicize+1","Rampage+1","Pummel","Limit Break","Demon Form+1","Cleave","True Grit+1","Armaments+1","Rage","Shockwave","Heavy Blade","hubris:SharpeningStone+1","Run Through+1"],"relics":["Burning Blood","Nunchaku","infinitespire:EmpoweringShard","Replay:Wanted Poster","Frozen Egg 2","Nloth\u0027s Gift","MawBank","CultistMask","Sundial","Painkiller Herb","Pantograph","Unceasing Top","Lantern"],"acts_visited":["Exordium","TheCity","TheBeyond"],"potions_floor_usage":[30,30,33,36,48,48,48],"damage_taken":[{"damage":6.0,"enemies":"Jaw Worm","floor":1.0,"turns":3.0},{"damage":1.0,"enemies":"Cultist","floor":2.0,"turns":3.0},{"damage":2.0,"enemies":"2 Louse","floor":4.0,"turns":2.0},{"damage":22.0,"enemies":"Gremlin Nob","floor":6.0,"turns":4.0},{"damage":4.0,"enemies":"Gremlin Gang","floor":8.0,"turns":4.0},{"damage":20.0,"enemies":"Red Slaver","floor":10.0,"turns":4.0},{"damage":25.0,"enemies":"Lagavulin","floor":11.0,"turns":5.0},{"damage":7.0,"enemies":"3 Louse","floor":14.0,"turns":3.0},{"damage":56.0,"enemies":"Hexaghost","floor":16.0,"turns":7.0},{"damage":14.0,"enemies":"Shell Parasite","floor":18.0,"turns":4.0},{"damage":5.0,"enemies":"Chosen","floor":21.0,"turns":3.0},{"damage":17,"enemies":"Snake Plant","floor":25,"turns":4},{"damage":36,"enemies":"Centurion and Healer","floor":28,"turns":4},{"damage":32,"enemies":"Slavers","floor":30,"turns":5},{"damage":47,"enemies":"hubris:MusketHawk","floor":33,"turns":8},{"damage":26,"enemies":"3 Shapes","floor":35,"turns":2},{"damage":23,"enemies":"Orb Walker","floor":36,"turns":3},{"damage":0,"enemies":"Sphere and 2 Shapes","floor":37,"turns":2},{"damage":28,"enemies":"4 Shapes","floor":41,"turns":3},{"damage":17,"enemies":"3 Darklings","floor":44,"turns":3},{"damage":22,"enemies":"Maw","floor":46,"turns":5},{"damage":52,"enemies":"Writhing Mass","floor":47,"turns":3},{"damage":20,"enemies":"Transient","floor":48,"turns":4}],"seed_played":"1258395566940986342","potions_obtained":[{"floor":1.0,"key":"Dexterity Potion"},{"floor":6.0,"key":"Toxic Potion"},{"floor":10.0,"key":"Energy Potion"},{"floor":16.0,"key":"Dexterity Potion"},{"floor":25,"key":"hexamod:SoulburnPotion"},{"floor":33,"key":"BloodPotion"},{"floor":36,"key":"PowerPotion"},{"floor":37,"key":"hexamod:SoulburnPotion"},{"floor":44,"key":"ColorlessPotion"}],"is_trial":false,"path_per_floor":["M","M","?","M","?","E","R","M","T","M","E","?","R","M","R","B",null,"M","T","?","M","$","R","?","M","T","?","M","R","E","?","R","B",null,"?","?","?","T","?","T","?","T","T","?","T","?","?","?"],"character_chosen":"IRONCLAD","items_purchased":["Metallicize+1","Rage","Pantograph","Unceasing Top"],"campfire_rested":8,"item_purchase_floors":[22,38,38,38],"current_hp_per_floor":[80,80,80,80,80,64,80,80,80,66,47,47,71,70,80,30,80,72,72,72,73,73,73,73,62,62,62,32,56,30,30,54,13,80,60,59,65,65,65,80,58,80,80,69,80,64,18,0,0],"gold":479,"neow_bonus":"HUNDRED_GOLD","is_daily":false,"chose_seed":false,"campfire_upgraded":1,"win_rate":0.0,"timestamp":1612296071,"path_taken":["M","M","?","M","?","E","R","M","T","?","E","?","R","?","R","BOSS","M","?","?","?","$","R","?","M","T","?","?","R","E","?","R","BOSS","?","?","?","T","?","T","?","T","T","?","T","?","?","?"],"items_purchased_type":["Card","Card","Relic","Relic"],"build_version":"2020-12-22","purchased_purges":0,"victory":false,"max_hp_per_floor":[80,80,80,80,80,80,80,80,80,80,80,80,80,80,80,80,80,80,80,80,80,80,80,80,80,80,80,80,80,80,80,80,80,80,80,80,80,80,80,80,80,80,80,80,80,80,80,80,80],"card_choices":[{"not_picked":["ReplayReversal","Shockwave"],"picked":"Heavy Blade","floor":1.0},{"not_picked":["Clash","Sever Soul"],"picked":"Rupture","floor":2.0},{"not_picked":["Flame Barrier","Whirlwind"],"picked":"Hemokinesis","floor":4.0},{"not_picked":["Warcry","Massacre"],"picked":"Dropkick","floor":6.0},{"not_picked":["True Grit","Body Slam"],"picked":"Clothesline","floor":8.0},{"not_picked":["hubris:StunningStrike","Shrug It Off"],"picked":"Twin Strike","floor":10.0},{"not_picked":["Entrench","Flame Barrier"],"picked":"Thunderclap","floor":11.0},{"not_picked":["Barricade","Armaments"],"picked":"Anger","floor":14.0},{"not_picked":["Juggernaut","Brutality"],"picked":"Double Tap","floor":16.0},{"not_picked":["Dark Embrace","ReplayTheSpireMod:Strike From Hell"],"picked":"Spot Weakness","floor":18.0},{"not_picked":["Replay:Undeath\u0027s Touch","Heavy Blade"],"picked":"Disarm","floor":21.0},{"not_picked":["Body Slam","Power Through"],"picked":"Rampage+1","floor":25},{"not_picked":["Uppercut+1","ReplayTheSpireMod:Strike From Hell"],"picked":"Pummel","floor":28},{"not_picked":["Defy Death","Massacre"],"picked":"Limit Break","floor":30},{"not_picked":["hubris:StunningStrike","Corruption+1"],"picked":"Demon Form+1","floor":33},{"not_picked":["Combust+1","hubris:StunningStrike"],"picked":"Cleave","floor":35},{"not_picked":["Anger+1","Heavy Blade+1"],"picked":"True Grit+1","floor":36},{"not_picked":["hubris:ReadiedAction","Body Slam"],"picked":"Armaments+1","floor":37},{"not_picked":["Headbutt","Hemokinesis+1"],"picked":"Shockwave","floor":41},{"not_picked":["Warcry+1","ReplayTheSpireMod:Corrosion Curse"],"picked":"Heavy Blade","floor":44},{"not_picked":["Wild Strike+1","hubris:ReadiedAction"],"picked":"hubris:SharpeningStone+1","floor":46},{"not_picked":["Armaments+1","Body Slam"],"picked":"Run Through+1","floor":47}],"player_experience":64297,"relics_obtained":[{"floor":6.0,"key":"Whetstone"},{"floor":9.0,"key":"Nunchaku"},{"floor":11.0,"key":"infinitespire:EmpoweringShard"},{"floor":19.0,"key":"Frozen Egg 2"},{"floor":26,"key":"MawBank"},{"floor":30,"key":"Sundial"},{"floor":43,"key":"Lantern"}],"event_choices":[{"cards_removed":["Strike_R"],"damage_healed":0.0,"max_hp_gain":0.0,"max_hp_loss":0.0,"gold_gain":0.0,"event_name":"Bonfire Elementals","player_choice":"Offered Basic","floor":5.0,"gold_loss":0.0,"damage_taken":0.0},{"damage_healed":0.0,"max_hp_gain":0.0,"max_hp_loss":0.0,"gold_gain":100.0,"event_name":"Golden Shrine","player_choice":"Pray","floor":12.0,"gold_loss":0.0,"damage_taken":0.0},{"damage_healed":0.0,"max_hp_gain":0.0,"max_hp_loss":0.0,"gold_gain":0.0,"event_name":"N\u0027loth","player_choice":"Traded Relic","floor":20.0,"relics_lost":["Whetstone"],"gold_loss":0.0,"damage_taken":0.0,"relics_obtained":["Nloth\u0027s Gift"]},{"damage_healed":0,"gold_gain":0,"player_choice":"Trade","damage_taken":0,"relics_obtained":["CultistMask"],"max_hp_gain":0,"max_hp_loss":0,"event_name":"FaceTrader","floor":27,"gold_loss":0},{"damage_healed":0,"gold_gain":0,"player_choice":"Ignored","damage_taken":0,"max_hp_gain":0,"max_hp_loss":0,"event_name":"The Mausoleum","floor":31,"gold_loss":0},{"damage_healed":0,"gold_gain":0,"player_choice":"0 cards matched","damage_taken":0,"max_hp_gain":0,"max_hp_loss":0,"event_name":"Match and Keep!","floor":39,"gold_loss":0,"cards_obtained":[]}],"is_beta":false,"boss_relics":[{"not_picked":["Electric Blood","Honey Jar"],"picked":"Replay:Wanted Poster"},{"not_picked":["Coffee Dripper","Replay:Drink Me"],"picked":"Painkiller Herb"}],"items_purged_floors":[],"is_endless":false,"potions_floor_spawned":[1,6,10,16,25,33,36,37,44,46],"killed_by":"Transient","ascension_level":0}}