{"host":"y9jgkjnf95sujozk","time":1612286781,"event":{"mods":["2.2 Compatiblity","AchievementEnabler","Act Like it!","BaseMod","BetterRewards","Block Reminder","Colored Map","Colored Powertips","Friendly Minions","Gensokyo","GifTheSpireLib","Hallownest","Hermit","Highlight Path","HololiveMod","Hubris","Infinite Spire","Jorbs\u0027s Wanderer Trilogy","Koishi","Marisa（霧雨　魔理沙）","Minty Spire (QoL Compilation)","Quick Restart","Random Character Button","Rare Cards Sparkle","Reimu（博??梦）","Remilia（蕾米莉?）","Replay The Spire","Shop Mod","StSLib","SuperFastMode","The Bug Knight","The Cursed","The Disciple","The Hierophant","The Jungle","The Poker Player","The Runesmith","The Senshi","The Servant 0.9.4"],"gold_per_floor":[112,163,175,175,138,138,163,182,182,182,199,218,230,1,1,111,111,121,121,36,36,46,59,59,92,92,102,51,67,67,120,120,229,229,239,239,259,270,290,290,85,85,85,85,85,95,117,117,117,144,144,151],"floor_reached":53,"language":"ENG","playtime":1058,"items_purged":[],"score":824,"play_id":"1f209983-7e7e-4142-80b7-1e5eb168be38","local_time":"20210202182621","is_ascension_mode":true,"campfire_choices":[{"floor":6,"key":"REST"},{"floor":10,"key":"REST"},{"floor":15,"key":"REST"},{"floor":24,"key":"REST"},{"floor":30,"key":"REST"},{"floor":32,"key":"REST"},{"floor":40,"key":"REST"},{"floor":51,"key":"REST"}],"circlet_count":0,"master_deck":["Strike_B","Strike_B","Strike_B","Strike_B","Defend_B","Defend_B","Defend_B","Defend_B","Zap","Scrape","Turbo","Dramatic Entrance","ReplayTheSpireMod:Necrogeddon","ReplayGash","Beam Cell","Core Surge+1","ReplayGash","Steam","Turbo","BootSequence","Barrage","Gash","Go for the Eyes","Hyperbeam","Go for the Eyes+1","Panic Button+1","Leap+1","Crystallizer","Go for the Eyes","Seek","Panic Button+1","Turbo+1","Conserve Battery+1","Beam Cell","hubris:DuctTapeCard","Rebound+1","ReplaySort","Steam+1"],"relics":["Cracked Core","Replay:Multitool","Strange Spoon","ReplayTheSpireMod:Lightbulb","Bottled Flame","Mercury Hourglass","Replay:Lucky Slots","hubris:Towel","Anchor","MutagenicStrength","Pen Nib","Ornamental Fan","HollowMod:PaleOreRelic","Replay:Bronze Core","Lee\u0027s Waffle","hubris:DuctTape","Replay:Baseball","Emotion Chip","Runesmith:UraniumAnvil"],"acts_visited":["Exordium","TheCity","TheBeyond"],"potions_floor_usage":[12,16,16,25,25,33,37,39,52,52],"damage_taken":[{"damage":0,"enemies":"Cultist","floor":1,"turns":2},{"damage":5,"enemies":"Small Slimes","floor":3,"turns":2},{"damage":16,"enemies":"Lagavulin","floor":7,"turns":5},{"damage":12,"enemies":"Jaw Worm","floor":8,"turns":2},{"damage":5,"enemies":"Looter","floor":11,"turns":2},{"damage":0,"enemies":"Large Slime","floor":12,"turns":3},{"damage":13,"enemies":"Exordium Thugs","floor":13,"turns":4},{"damage":0,"enemies":"Slime Boss","floor":16,"turns":5},{"damage":17,"enemies":"2 Thieves","floor":18,"turns":3},{"damage":6,"enemies":"Spheric Guardian","floor":22,"turns":3},{"damage":23,"enemies":"Shelled Parasite and Fungi","floor":23,"turns":4},{"damage":12,"enemies":"Book of Stabbing","floor":25,"turns":5},{"damage":0,"enemies":"3 Cultists","floor":27,"turns":2},{"damage":0,"enemies":"Centurion and Healer","floor":29,"turns":4},{"damage":45,"enemies":"hubris:MusketHawk","floor":33,"turns":8},{"damage":5,"enemies":"Orb Walker","floor":35,"turns":3},{"damage":0,"enemies":"3 Shapes","floor":37,"turns":1},{"damage":0,"enemies":"3 Darklings","floor":38,"turns":1},{"damage":2,"enemies":"Sphere and 2 Shapes","floor":39,"turns":2},{"damage":2,"enemies":"Writhing Mass","floor":46,"turns":5},{"damage":13,"enemies":"3 Darklings","floor":47,"turns":5},{"damage":11,"enemies":"Transient","floor":50,"turns":5},{"damage":92,"enemies":"Donu and Deca","floor":52,"turns":9}],"seed_played":"824340720249015124","potions_obtained":[{"floor":7,"key":"FairyPotion"},{"floor":8,"key":"CultistPotion"},{"floor":11,"key":"Explosive Potion"},{"floor":13,"key":"PotionOfCapacity"},{"floor":18,"key":"Doom Potion"},{"floor":23,"key":"AttackPotion"},{"floor":29,"key":"SteroidPotion"},{"floor":36,"key":"Doom Potion"},{"floor":36,"key":"DistilledChaos"},{"floor":37,"key":"Dexterity Potion"},{"floor":38,"key":"Death Potion"},{"floor":47,"key":"ColorlessPotion"}],"is_trial":false,"path_per_floor":["M","T","M","?","$","R","E","M","T","R","M","M","M","$","R","B",null,"M","?","?","?","M","M","R","E","T","M","$","M","R","T","R","B",null,"M","?","M","M","M","R","$","PTL","PTL","$","T","M","M","?","AVR","M","R","B",null],"character_chosen":"DEFECT","items_purchased":["Scrape","Turbo","Dramatic Entrance","ReplayTheSpireMod:Necrogeddon","Strange Spoon","ReplayGash","Go for the Eyes","Replay:Lucky Slots","Go for the Eyes","Beam Cell","Lee\u0027s Waffle"],"campfire_rested":8,"item_purchase_floors":[0,0,0,0,0,5,14,14,28,41,41],"current_hp_per_floor":[75,75,70,70,70,75,59,47,47,69,64,64,51,51,73,73,75,58,58,58,58,52,29,51,39,39,39,39,39,61,61,75,30,75,70,70,70,70,68,75,82,82,82,82,82,80,67,67,67,56,80,14],"gold":151,"neow_bonus":"","is_daily":false,"chose_seed":false,"campfire_upgraded":0,"win_rate":0.0,"timestamp":1612286781,"path_taken":["M","?","M","?","$","R","E","M","T","R","M","M","M","$","R","BOSS","M","?","?","?","M","M","R","E","T","M","$","M","R","?","R","BOSS","M","?","M","M","M","R","$","PTL","PTL","$","T","?","M","?","AVR","?","R","BOSS"],"items_purchased_type":["Card","Card","Card","Card","Relic","Card","Card","Relic","Card","Card","Relic"],"build_version":"2020-12-22","purchased_purges":0,"victory":true,"max_hp_per_floor":[75,75,75,75,75,75,75,75,75,75,75,75,75,75,75,75,75,75,75,75,75,75,75,75,75,75,75,75,75,75,75,75,75,75,75,75,75,75,75,75,82,82,82,82,82,82,82,82,82,82,82,82],"card_choices":[{"not_picked":["Redo","Chaos"],"picked":"ReplayGash","floor":1},{"not_picked":["Sweeping Beam","Steam"],"picked":"Beam Cell","floor":3},{"not_picked":["Cold Snap","Static Discharge"],"picked":"Steam","floor":7},{"not_picked":["Lockon","Self Repair"],"picked":"Turbo","floor":8},{"not_picked":["Heatsinks","Skim"],"picked":"BootSequence","floor":11},{"not_picked":["Ball Lightning","Rebound"],"picked":"Barrage","floor":12},{"not_picked":["Steam","Rainbow"],"picked":"Gash","floor":13},{"not_picked":["Machine Learning","Core Surge"],"picked":"Hyperbeam","floor":16},{"not_picked":["Barrage","Redo"],"picked":"Go for the Eyes+1","floor":18},{"not_picked":["hubris:Ukulele","Consume"],"picked":"Tempest","floor":22},{"not_picked":["Amplify","Turbo+1"],"picked":"Panic Button+1","floor":23},{"not_picked":["Sunder+1","Conserve Battery"],"picked":"Leap+1","floor":25},{"not_picked":["hubris:Ukulele","ReplaySolidLightProjector"],"picked":"Crystallizer","floor":27},{"not_picked":["Leap","FTL"],"picked":"Gash","floor":29},{"not_picked":["Core Surge","Multi-Cast"],"picked":"Seek","floor":33},{"not_picked":["Cold Snap","Heatsinks+1"],"picked":"Panic Button+1","floor":35},{"not_picked":["Panic Button+1","Hologram+1"],"picked":"Gash","floor":37},{"not_picked":["Lockon","Rebound+1"],"picked":"Turbo+1","floor":38},{"not_picked":["Darkness+1","Redo"],"picked":"Conserve Battery+1","floor":39},{"not_picked":["Electrodynamics","Lockon"],"picked":"Rebound+1","floor":46},{"not_picked":["Sunder+1","Conserve Battery"],"picked":"ReplaySort","floor":47},{"not_picked":["Turbo","ReplayTheSpireMod:Reroute Power"],"picked":"Steam+1","floor":50}],"player_experience":125118,"relics_obtained":[{"floor":2,"key":"ReplayTheSpireMod:Lightbulb"},{"floor":7,"key":"Bottled Flame"},{"floor":9,"key":"Mercury Hourglass"},{"floor":25,"key":"Pen Nib"},{"floor":26,"key":"Ornamental Fan"},{"floor":31,"key":"HollowMod:PaleOreRelic"},{"floor":45,"key":"hubris:DuctTape"}],"event_choices":[{"damage_healed":0,"gold_gain":0,"player_choice":"Obtained Relic","damage_taken":0,"relics_obtained":["Anchor"],"max_hp_gain":0,"max_hp_loss":0,"event_name":"Addict","floor":20,"gold_loss":85},{"damage_healed":0,"gold_gain":0,"player_choice":"Inject Mutagens","damage_taken":0,"relics_obtained":["MutagenicStrength"],"max_hp_gain":0,"max_hp_loss":0,"event_name":"Drug Dealer","floor":21,"gold_loss":0},{"damage_healed":0,"gold_gain":0,"player_choice":"Got Potions","damage_taken":0,"max_hp_gain":0,"max_hp_loss":0,"event_name":"Lab","floor":36,"gold_loss":0},{"cards_removed":["Tempest"],"damage_healed":0,"gold_gain":0,"player_choice":"Gave Card","damage_taken":0,"relics_obtained":["Replay:Baseball"],"max_hp_gain":0,"max_hp_loss":0,"event_name":"WeMeetAgain","floor":48,"gold_loss":0}],"is_beta":false,"boss_relics":[{"not_picked":["hubris:GrandSneckoEye","Replay:Drink Me","Pandora\u0027s Box"]},{"not_picked":["infinitespire:Cupcake","Runic Pyramid"],"picked":"Replay:Bronze Core"}],"items_purged_floors":[],"is_endless":false,"potions_floor_spawned":[7,8,11,13,18,23,29,37,38,47,50],"ascension_level":2}}