{"host":"osk2oboccoevp2u5","time":1612300641,"event":{"mods":["AchievementEnabler","Alarm Clock","BaseMod","Colored Powertips","Disable Question Mark Monsters","Displayed Cursed Tome","Key Reminder","Koishi","Minty Spire (QoL Compilation)","Potion Indicator Mod","Quick Restart","Rare Cards Sparkle","Reorder Act Four","StSLib","Useless Jewels Mod"],"gold_per_floor":[118,118,132,142,155,155,167,46,46,21,21,21,47,63,63,165,165,178,628,1,1,16,16,29,29,29,29,29,29,29,46,46,144,144,162,172,47,47,100,100,119,27,76,2,13,13,32,46,46,46,46],"floor_reached":50,"language":"ENG","playtime":3289,"items_purged":["Koishi:BasicStrike","Koishi:BasicStrike","Koishi:BasicDefend"],"score":517,"play_id":"34a37e20-3fe0-40c6-bf39-80f6dda78b80","local_time":"20210202171721","is_ascension_mode":false,"campfire_choices":[{"data":"1","floor":6,"key":"LIFT"},{"floor":12,"key":"REST"},{"data":"2","floor":15,"key":"LIFT"},{"floor":23,"key":"REST"},{"floor":28,"key":"REST"},{"data":"Madness","floor":30,"key":"SMITH"},{"data":"3","floor":32,"key":"LIFT"},{"floor":40,"key":"REST"},{"floor":46,"key":"REST"},{"floor":49,"key":"REST"}],"circlet_count":0,"master_deck":["Koishi:BasicDefend","Koishi:BasicDefend","Koishi:BasicDefend","Koishi:Provoke","Koishi:HauntingSlash","Koishi:StingingMind","Koishi:YoukaiPolygraph","Koishi:BloodcurdlingScream","Koishi:HeartfeltFancy","Madness+1","Koishi:CatchAndRose","Koishi:TerrifyingSpectre+1","Koishi:CatchAndRose","Koishi:ReleaseOfTheId","Koishi:FormlessExistence+1","Koishi:SpiritedAway+1","Koishi:Vanish","Koishi:StingingMind","Dark Shackles","Koishi:TremblingHands","Koishi:JumpScare+1","Koishi:LastRemote+1"],"relics":["Koishi:ImaginaryFriend","Girya","Frozen Egg 2","Toy Ornithopter","Empty Cage","Strange Spoon","Regal Pillow","Akabeko","Lizard Tail","Sozu","Koishi:AHoleWhereASisterShouldBe","Anchor"],"acts_visited":["Exordium","TheCity","TheBeyond"],"potions_floor_usage":[2,13,13,16,16,16,22,22,33,33,35],"damage_taken":[{"damage":7,"enemies":"Jaw Worm","floor":1,"turns":5},{"damage":2,"enemies":"Cultist","floor":3,"turns":4},{"damage":0,"enemies":"Small Slimes","floor":4,"turns":4},{"damage":10,"enemies":"Exordium Thugs","floor":5,"turns":8},{"damage":13,"enemies":"Exordium Wildlife","floor":7,"turns":7},{"damage":0,"enemies":"Gremlin Nob","floor":13,"turns":6},{"damage":9,"enemies":"Blue Slaver","floor":14,"turns":3},{"damage":8,"enemies":"Slime Boss","floor":16,"turns":8},{"damage":8,"enemies":"Shell Parasite","floor":18,"turns":13},{"damage":16,"enemies":"3 Byrds","floor":22,"turns":6},{"damage":22,"enemies":"Snake Plant","floor":24,"turns":7},{"damage":19,"enemies":"Shelled Parasite and Fungi","floor":31,"turns":8},{"damage":85,"enemies":"Champ","floor":33,"turns":19},{"damage":39,"enemies":"3 Darklings","floor":35,"turns":6},{"damage":16,"enemies":"Orb Walker","floor":36,"turns":4},{"damage":24,"enemies":"Maw","floor":41,"turns":7},{"damage":7,"enemies":"4 Shapes","floor":45,"turns":5},{"damage":30,"enemies":"Transient","floor":47,"turns":5},{"damage":29,"enemies":"Jaw Worm Horde","floor":48,"turns":4},{"damage":80,"enemies":"Time Eater","floor":50,"turns":11}],"seed_played":"7347273904242820729","potions_obtained":[{"floor":2,"key":"SneckoOil"},{"floor":2,"key":"Fruit Juice"},{"floor":2,"key":"SneckoOil"},{"floor":4,"key":"EssenceOfSteel"},{"floor":5,"key":"DuplicationPotion"},{"floor":13,"key":"SkillPotion"},{"floor":14,"key":"Energy Potion"},{"floor":16,"key":"GamblersBrew"},{"floor":18,"key":"CultistPotion"},{"floor":24,"key":"SpeedPotion"},{"floor":33,"key":"LiquidMemories"}],"is_trial":false,"path_per_floor":["M","?","M","M","M","R","M","$","T","$","?","R","E","M","R","B",null,"M","?","$","$","M","R","M","$","T","T","R","?","R","M","R","B",null,"M","M","$","?","T","R","M","$","T","$","M","R","M","M","R","B"],"character_chosen":"KOISHI","items_purchased":["Koishi:BloodcurdlingScream","Koishi:HeartfeltFancy","Apotheosis","Strange Spoon","Regal Pillow","Koishi:CatchAndRose","Dark Shackles","Koishi:TremblingHands"],"campfire_rested":6,"item_purchase_floors":[8,10,20,20,20,20,42,44],"current_hp_per_floor":[38,43,47,52,48,48,40,40,40,40,40,59,65,61,61,58,65,63,11,11,11,11,45,29,29,29,29,63,75,75,68,68,40,75,42,26,26,26,26,63,39,39,39,39,37,74,57,37,74,0,0],"gold":46,"neow_bonus":"ONE_RARE_RELIC","is_daily":false,"chose_seed":false,"campfire_upgraded":1,"win_rate":0.0,"timestamp":1612300641,"path_taken":["M","?","M","M","?","R","M","$","T","?","?","R","E","?","R","BOSS","M","?","?","$","M","R","M","$","T","?","R","?","R","?","R","BOSS","M","M","?","?","?","R","M","$","T","?","M","R","M","M","R","BOSS"],"items_purchased_type":["Card","Card","Card","Relic","Relic","Card","Card","Card"],"build_version":"2020-12-22","purchased_purges":3,"victory":false,"max_hp_per_floor":[60,65,65,65,65,65,65,65,65,65,65,65,65,65,65,65,65,65,65,65,65,65,65,65,65,65,65,65,75,75,75,75,75,75,75,75,75,75,75,75,75,75,75,75,75,75,75,75,75,75,75],"card_choices":[{"not_picked":["Koishi:SubterraneanRose","Koishi:UnconsciousUprising"],"picked":"Koishi:StingingMind","floor":1},{"not_picked":["Koishi:ConfinedInnocent","Koishi:FleetingPhantom","Koishi:ReflexRadar"],"picked":"SKIP","floor":3},{"not_picked":["Koishi:PhantomBarrier","Koishi:ReflexRadar"],"picked":"Koishi:YoukaiPolygraph","floor":4},{"not_picked":["Koishi:Prune","Koishi:Bloodlust","Koishi:FleetingPhantom"],"picked":"SKIP","floor":5},{"not_picked":["Koishi:BramblyRoseGarden","Koishi:FidgetySnatcher","Koishi:PhantomStrike"],"picked":"SKIP","floor":7},{"not_picked":["Koishi:SubconsciousSweep","Koishi:BloodcurdlingScream","Koishi:IdleWhim"],"picked":"SKIP","floor":13},{"not_picked":["Koishi:RorschachInDanmaku","Koishi:SubconsciousSweep","Koishi:Prune"],"picked":"SKIP","floor":14},{"not_picked":["Koishi:PerfectMindControl","Koishi:HeartStoppingHorror+1"],"picked":"Koishi:TerrifyingSpectre+1","floor":16},{"not_picked":["Koishi:ParalyzingFear","Koishi:EmbryosDream+1"],"picked":"Koishi:CatchAndRose","floor":18},{"not_picked":["Koishi:YoukaiPolygraph+1","Koishi:BloodcurdlingScream","Koishi:ParalyzingFear"],"picked":"SKIP","floor":22},{"not_picked":["Koishi:PhantomBarrier","Koishi:SpiritedAway","Koishi:Bloodlust+1"],"picked":"SKIP","floor":24},{"not_picked":["Koishi:IdleWhim","Koishi:SpiritedAway"],"picked":"Koishi:ReleaseOfTheId","floor":31},{"not_picked":["Koishi:RoseHell","Koishi:ImGoingToCallYouNow"],"picked":"Koishi:FormlessExistence+1","floor":33},{"not_picked":["Koishi:StingingMind","Koishi:SubterraneanRose+1"],"picked":"Koishi:SpiritedAway+1","floor":35},{"not_picked":["Koishi:EmbryosDream","Koishi:JumpScare"],"picked":"Koishi:Vanish","floor":36},{"not_picked":["Koishi:UnconsciousUprising","Koishi:DreadfulBlow"],"picked":"Koishi:StingingMind","floor":41},{"not_picked":["Koishi:Prune+1","Koishi:UnansweredLove+1","Koishi:SubconsciousSweep"],"picked":"SKIP","floor":45},{"not_picked":["Koishi:ParalyzingFear","Koishi:TremblingHands+1"],"picked":"Koishi:JumpScare+1","floor":47},{"not_picked":["Koishi:MentalBreakdown","Koishi:DreadfulBlow"],"picked":"Koishi:LastRemote+1","floor":48}],"player_experience":921797,"relics_obtained":[{"floor":9,"key":"Frozen Egg 2"},{"floor":13,"key":"Toy Ornithopter"},{"floor":26,"key":"Akabeko"},{"floor":27,"key":"Lizard Tail"},{"floor":39,"key":"Koishi:AHoleWhereASisterShouldBe"},{"floor":43,"key":"Anchor"}],"event_choices":[{"damage_healed":0,"gold_gain":0,"player_choice":"Got Potions","damage_taken":0,"max_hp_gain":0,"max_hp_loss":0,"event_name":"Lab","floor":2,"gold_loss":0},{"damage_healed":0,"gold_gain":0,"player_choice":"2 cards matched","damage_taken":0,"max_hp_gain":0,"max_hp_loss":0,"event_name":"Match and Keep!","floor":11,"gold_loss":0,"cards_obtained":["Madness","Koishi:CatchAndRose"]},{"damage_healed":0,"gold_gain":450,"player_choice":"POTION GOLD GOLD GOLD GOLD GOLD ","damage_taken":52,"max_hp_gain":0,"max_hp_loss":0,"event_name":"Knowing Skull","floor":19,"potions_obtained":["Explosive Potion"],"gold_loss":0,"cards_obtained":[]},{"cards_removed":["Apotheosis"],"damage_healed":2,"gold_gain":0,"player_choice":"Offered Rare","damage_taken":0,"max_hp_gain":10,"max_hp_loss":0,"event_name":"Bonfire Elementals","floor":29,"gold_loss":0},{"cards_removed":["Koishi:CatchAndRose"],"damage_healed":0,"gold_gain":0,"player_choice":"Removed Skill","damage_taken":0,"max_hp_gain":0,"max_hp_loss":0,"event_name":"Falling","floor":38,"gold_loss":0}],"is_beta":false,"boss_relics":[{"not_picked":["Ectoplasm","Philosopher\u0027s Stone"],"picked":"Empty Cage"},{"not_picked":["Runic Dome","Calling Bell"],"picked":"Sozu"}],"items_purged_floors":[8,20,37],"is_endless":false,"potions_floor_spawned":[4,5,13,14,16,18,24,33,45,47,48],"killed_by":"Time Eater","ascension_level":0}}