{"host":"1qhzi8r9ejho5yph","time":1612272658,"event":{"mods":["AchievementEnabler","BaseMod","Colored Map","Colored Powertips","Highlight Path","Minty Spire (QoL Compilation)","Permanent Neow","Quick Restart","Random Character Button","StSLib","SuperFastMode"],"gold_per_floor":[111,131,151,8,21,52,52,82,106,106,53,53,72,72,72,173,173,187,286,286,310,322,347,347,366,392,392,418,418,151,167,167,272,272,284,284,284,24,24,36,62,74,113,135,158,184,68,78,78,78,78],"floor_reached":50,"language":"ENG","playtime":1364,"items_purged":[],"score":615,"play_id":"c4a683d2-4317-4fa9-a12a-b75167e7fba3","local_time":"20210202213058","is_ascension_mode":false,"campfire_choices":[{"data":"Perfected Strike","floor":7,"key":"SMITH"},{"floor":10,"key":"REST"},{"data":"Bash","floor":12,"key":"SMITH"},{"data":"Sentinel","floor":15,"key":"SMITH"},{"data":"Ghostly","floor":24,"key":"SMITH"},{"data":"Perfected Strike","floor":29,"key":"SMITH"},{"data":"Apotheosis","floor":32,"key":"SMITH"},{"data":"Berserk","floor":40,"key":"SMITH"},{"data":"Fire Breathing","floor":42,"key":"SMITH"},{"data":"Dual Wield","floor":49,"key":"SMITH"}],"circlet_count":0,"master_deck":["Strike_R+1","Strike_R","Strike_R","Strike_R","Strike_R+1","Defend_R","Defend_R","Defend_R","Defend_R","Bash+1","Wild Strike","Perfected Strike+1","Thunderclap","Disarm","Wild Strike","Sentinel+1","Headbutt","Feed","Headbutt+1","Ghostly+1","Ghostly","Ghostly","Ghostly","Ghostly","Whirlwind+1","Inflame+1","Dropkick","Perfected Strike+1","Shrug It Off","Apotheosis+1","Dual Wield+1","Wild Strike","Berserk+1","Pommel Strike","Fire Breathing+1","Madness","Shrug It Off","Shrug It Off+1","Thunderclap","Headbutt+1","Twin Strike","Whirlwind"],"relics":["Burning Blood","Tiny Chest","Orichalcum","Akabeko","Bronze Scales","Philosopher\u0027s Stone","Centennial Puzzle","Vajra","Whetstone","Nunchaku","Sozu","Gremlin Horn","Membership Card","MawBank","Boot","Paper Frog"],"acts_visited":["Exordium","TheCity","TheBeyond"],"potions_floor_usage":[16,33,50],"damage_taken":[{"damage":5,"enemies":"Small Slimes","floor":1,"turns":4},{"damage":6,"enemies":"Cultist","floor":2,"turns":3},{"damage":6,"enemies":"Jaw Worm","floor":3,"turns":2},{"damage":7,"enemies":"Red Slaver","floor":5,"turns":3},{"damage":30,"enemies":"3 Sentries","floor":6,"turns":7},{"damage":6,"enemies":"Gremlin Nob","floor":8,"turns":3},{"damage":2,"enemies":"Large Slime","floor":13,"turns":4},{"damage":30,"enemies":"Slime Boss","floor":16,"turns":5},{"damage":4,"enemies":"3 Byrds","floor":18,"turns":2},{"damage":0,"enemies":"Shell Parasite","floor":22,"turns":5},{"damage":0,"enemies":"Book of Stabbing","floor":23,"turns":5},{"damage":4,"enemies":"Cultist and Chosen","floor":25,"turns":5},{"damage":0,"enemies":"Slavers","floor":28,"turns":2},{"damage":0,"enemies":"Snecko","floor":31,"turns":3},{"damage":16,"enemies":"Collector","floor":33,"turns":7},{"damage":0,"enemies":"Orb Walker","floor":35,"turns":3},{"damage":1,"enemies":"3 Shapes","floor":41,"turns":2},{"damage":1,"enemies":"3 Darklings","floor":44,"turns":3},{"damage":21,"enemies":"Spire Growth","floor":45,"turns":4},{"damage":0,"enemies":"Transient","floor":46,"turns":5},{"damage":0,"enemies":"3 Darklings","floor":48,"turns":3},{"damage":46,"enemies":"Awakened One","floor":50,"turns":8}],"seed_played":"319037201520788813","potions_obtained":[{"floor":2,"key":"CultistPotion"},{"floor":3,"key":"DuplicationPotion"},{"floor":6,"key":"FearPotion"},{"floor":13,"key":"Energy Potion"},{"floor":16,"key":"BloodPotion"},{"floor":27,"key":"Swift Potion"},{"floor":31,"key":"CultistPotion"}],"is_trial":false,"path_per_floor":["M","M","M","$","M","E","R","E","T","R","$","R","M","?","R","B",null,"M","?","?","T","M","E","R","M","T","?","E","R","$","M","R","B",null,"M","?","T","$","?","R","M","R","T","M","M","M","$","M","R","B"],"character_chosen":"IRONCLAD","items_purchased":["Tiny Chest","Headbutt","Shrug It Off","Apotheosis","Dual Wield","Membership Card","Fire Breathing","Madness","Shrug It Off","Paper Frog"],"campfire_rested":1,"item_purchase_floors":[4,11,30,30,30,38,38,38,38,47],"current_hp_per_floor":[80,80,80,80,79,55,55,55,55,79,79,79,80,64,64,40,80,80,80,40,40,40,40,40,43,43,43,46,46,46,46,46,36,46,46,46,46,46,46,46,46,46,46,46,31,37,37,43,43,0,0],"gold":78,"neow_bonus":"THREE_CARDS","is_daily":false,"chose_seed":false,"campfire_upgraded":9,"win_rate":0.0,"timestamp":1612272658,"path_taken":["M","M","M","$","M","E","R","E","T","R","$","R","M","?","R","BOSS","M","?","?","?","?","E","R","M","T","?","E","R","$","M","R","BOSS","M","?","?","$","?","R","M","R","T","M","M","?","$","M","R","BOSS"],"items_purchased_type":["Relic","Card","Card","Card","Card","Relic","Card","Card","Card","Relic"],"build_version":"2020-12-22","purchased_purges":0,"victory":false,"max_hp_per_floor":[80,80,80,80,80,80,80,80,80,80,80,80,80,80,80,80,80,80,80,40,40,40,40,40,43,43,43,46,46,46,46,46,46,46,46,46,46,46,46,46,46,46,46,46,46,46,46,46,46,49,49],"card_choices":[{"not_picked":["Armaments","Burning Pact"],"picked":"Wild Strike","floor":0},{"not_picked":["Iron Wave","True Grit"],"picked":"Perfected Strike","floor":1},{"not_picked":["Burning Pact","Clash"],"picked":"Thunderclap","floor":2},{"not_picked":["Reckless Charge","Combust"],"picked":"Disarm","floor":3},{"not_picked":["Dual Wield","Heavy Blade"],"picked":"Wild Strike","floor":5},{"not_picked":["Flame Barrier","Feel No Pain"],"picked":"Wild Strike","floor":6},{"not_picked":["Sword Boomerang","Clash"],"picked":"Sentinel","floor":8},{"not_picked":["Rage","Sentinel","Sword Boomerang"],"picked":"SKIP","floor":13},{"not_picked":["Immolate","Offering"],"picked":"Feed","floor":16},{"not_picked":["Inflame","Havoc+1"],"picked":"Headbutt+1","floor":18},{"not_picked":["Combust","Clothesline"],"picked":"Whirlwind","floor":22},{"not_picked":["Sentinel","Flame Barrier"],"picked":"Inflame+1","floor":23},{"not_picked":["Havoc+1","Anger"],"picked":"Dropkick","floor":25},{"not_picked":["Headbutt","Double Tap"],"picked":"Perfected Strike","floor":28},{"not_picked":["Pummel","Blood for Blood"],"picked":"Wild Strike","floor":31},{"not_picked":["Immolate","Corruption"],"picked":"Berserk","floor":33},{"not_picked":["Warcry+1","Clash+1"],"picked":"Pommel Strike","floor":35},{"not_picked":["Sever Soul+1","Sword Boomerang+1"],"picked":"Shrug It Off+1","floor":41},{"not_picked":["Rampage","Clothesline"],"picked":"Thunderclap","floor":44},{"not_picked":["Reckless Charge","Dropkick+1"],"picked":"Headbutt+1","floor":45},{"not_picked":["Shrug It Off","Sword Boomerang+1"],"picked":"Twin Strike","floor":46},{"not_picked":["Dropkick","Flex+1"],"picked":"Whirlwind","floor":48}],"player_experience":349087,"relics_obtained":[{"floor":6,"key":"Orichalcum"},{"floor":8,"key":"Akabeko"},{"floor":9,"key":"Bronze Scales"},{"floor":21,"key":"Centennial Puzzle"},{"floor":23,"key":"Vajra"},{"floor":26,"key":"Whetstone"},{"floor":28,"key":"Nunchaku"},{"floor":37,"key":"Gremlin Horn"},{"floor":43,"key":"Boot"}],"event_choices":[{"damage_healed":0,"gold_gain":0,"player_choice":"Entered Light","damage_taken":16,"max_hp_gain":0,"max_hp_loss":0,"event_name":"Shining Light","floor":14,"gold_loss":0,"cards_upgraded":["Strike_R","Strike_R"]},{"damage_healed":0,"gold_gain":99,"player_choice":"Stole From Cult","damage_taken":0,"max_hp_gain":0,"max_hp_loss":0,"event_name":"Nest","floor":19,"gold_loss":0},{"damage_healed":0,"gold_gain":0,"player_choice":"Became a Ghost","damage_taken":0,"max_hp_gain":0,"max_hp_loss":40,"event_name":"Ghosts","floor":20,"gold_loss":0,"cards_obtained":["Ghostly","Ghostly","Ghostly","Ghostly","Ghostly"]},{"damage_healed":0,"gold_gain":0,"player_choice":"Got Potions","damage_taken":0,"max_hp_gain":0,"max_hp_loss":0,"event_name":"Lab","floor":27,"gold_loss":0},{"cards_removed":["Wild Strike"],"damage_healed":0,"gold_gain":0,"player_choice":"Removed Attack","damage_taken":0,"max_hp_gain":0,"max_hp_loss":0,"event_name":"Falling","floor":36,"gold_loss":0},{"damage_healed":0,"gold_gain":0,"player_choice":"Gave Potion","damage_taken":0,"relics_obtained":["MawBank"],"max_hp_gain":0,"max_hp_loss":0,"event_name":"WeMeetAgain","floor":39,"gold_loss":0}],"is_beta":false,"boss_relics":[{"not_picked":["Fusion Hammer","Busted Crown"],"picked":"Philosopher\u0027s Stone"},{"not_picked":["Cursed Key","Black Blood"],"picked":"Sozu"}],"items_purged_floors":[],"is_endless":false,"potions_floor_spawned":[2,3,6,13,16,18,28,31,35,45],"killed_by":"Awakened One","ascension_level":0}}