{"host":"nuc2w1a7ik2yhkv2","time":1612273414,"event":{"mods":["Act Like it!","BaseMod","Downfall","Minty Spire (QoL Compilation)","Quick Restart","Rare Cards Sparkle","StSLib"],"gold_per_floor":[99,112,29,29,44,44,44,54,88,105,122,139,139,155,166,166,166],"floor_reached":16,"language":"ZHS","playtime":918,"items_purged":[],"score":106,"play_id":"7a2bfc15-f5e7-4d59-8ab8-9a2fae1b5ab5","local_time":"20210202214334","is_ascension_mode":false,"campfire_choices":[{"data":"champ:Taunt","floor":1.0,"key":"SMITH"},{"data":"champ:Execute","floor":6.0,"key":"SMITH"}],"circlet_count":0,"master_deck":["champ:Strike","champ:Strike","champ:Strike","champ:Defend","champ:Defend","champ:Execute+1","champ:Taunt+1","champ:ShieldSlam","champ:AdrenalArmor","champ:CalledShot","champ:FlashCut","champ:GladiatorStyle","champ:FanOfKnives","champ:StanceDance","champ:ArenaPreparation","champ:ShieldWall","champ:PreciseThrust","champ:ArenaPreparation"],"relics":["champ:ChampionCrown","Art of War","Lizard Tail"],"acts_visited":["Exordium"],"potions_floor_usage":[],"damage_taken":[{"damage":26.0,"enemies":"Cultist","floor":2.0,"turns":3.0},{"damage":30.0,"enemies":"downfall:FleeingMerchant","floor":3.0,"turns":4.0},{"damage":36.0,"enemies":"Jaw Worm","floor":5.0,"turns":4.0},{"damage":10.0,"enemies":"2 Louse","floor":8.0,"turns":2.0},{"damage":80.0,"enemies":"3 Sentries","floor":9.0,"turns":9.0},{"damage":12.0,"enemies":"Blue Slaver","floor":10.0,"turns":3.0},{"damage":25.0,"enemies":"Exordium Wildlife","floor":11.0,"turns":4.0},{"damage":24.0,"enemies":"Red Slaver","floor":12.0,"turns":3.0},{"damage":20,"enemies":"Blue Slaver","floor":14,"turns":3},{"damage":35,"enemies":"Exordium Thugs","floor":15,"turns":2},{"damage":30,"enemies":"SI_SHIV_ARCHETYPE","floor":16,"turns":2}],"seed_played":"2374786945911909869","potions_obtained":[{"floor":2.0,"key":"SpeedPotion"},{"floor":10.0,"key":"ColorlessPotion"},{"floor":11.0,"key":"Fire Potion"},{"floor":12.0,"key":"SneckoOil"},{"floor":14,"key":"Energy Potion"}],"is_trial":false,"path_per_floor":["R","M","$","?","M","R","T","M","E","M","M","M","?","M","M","B"],"character_chosen":"THE_CHAMP","items_purchased":["champ:CalledShot"],"campfire_rested":0,"item_purchase_floors":[3],"current_hp_per_floor":[99,93,83,83,77,77,77,77,47,45,40,36,36,36,31,1,1],"gold":166,"neow_bonus":"TEN_PERCENT_HP_BONUS","is_daily":false,"chose_seed":false,"campfire_upgraded":2,"win_rate":0.0,"timestamp":1612273414,"path_taken":["R","M","?","?","M","R","T","M","E","M","M","?","?","M","M","BOSS"],"items_purchased_type":["Card"],"build_version":"2020-12-22","purchased_purges":0,"victory":false,"max_hp_per_floor":[99,99,99,99,99,99,99,99,99,99,99,99,99,99,99,99,99],"card_choices":[{"not_picked":["champ:Shatter","champ:BerserkersShout"],"picked":"champ:ShieldSlam","floor":2.0},{"not_picked":["champ:BladeFlurry","champ:Haymaker"],"picked":"champ:AdrenalArmor","floor":3.0},{"not_picked":["champ:BerserkersShout","champ:Encircle"],"picked":"champ:FlashCut","floor":5.0},{"not_picked":["champ:Backstep","champ:Haymaker"],"picked":"champ:GladiatorStyle","floor":8.0},{"not_picked":["champ:Devastate","champ:FlashCut"],"picked":"champ:FanOfKnives","floor":9.0},{"not_picked":["champ:SetATrap","champ:PreciseThrust"],"picked":"champ:StanceDance","floor":10.0},{"not_picked":["champ:BerserkersShout","champ:FanOfKnives"],"picked":"champ:ArenaPreparation","floor":11.0},{"not_picked":["champ:FanOfKnives","champ:Haymaker"],"picked":"champ:ShieldWall","floor":12.0},{"not_picked":["champ:IronFortress","champ:DefensiveShout"],"picked":"champ:PreciseThrust","floor":14},{"not_picked":["champ:HeartStrike","champ:StanceDance"],"picked":"champ:ArenaPreparation","floor":15}],"player_experience":932545,"relics_obtained":[{"floor":7.0,"key":"Art of War"},{"floor":9.0,"key":"Lizard Tail"}],"event_choices":[{"cards_removed":["Clumsy"],"damage_healed":0,"gold_gain":0,"player_choice":"Card Removal","damage_taken":0,"max_hp_gain":0,"max_hp_loss":0,"event_name":"The Cleric","floor":13,"gold_loss":0}],"is_beta":false,"boss_relics":[],"items_purged_floors":[],"is_endless":false,"potions_floor_spawned":[2,10,11,12,14],"killed_by":"SI_SHIV_ARCHETYPE","ascension_level":0}}