{"host":"f76wcztdlwlduum6","time":1612288725,"event":{"mods":["AchievementEnabler","BaseMod","BetterRewards","Colored Powertips","Minty Spire (QoL Compilation)","Quick Restart","Rare Cards Sparkle","Relic Stats","StSLib","SuperFastMode","everything is the same but u backflip on backflip"],"gold_per_floor":[113,113,113,127,77,112,112,112,138,138,166,166,193,193,193,290,290,303,338,338,354,38,69,85,120,120,120,120,136,7,7,7,105,105,118,128,1127,1349,24,50,73,122,167,196,214,255,272,272,272,272,272,272,47,82,82],"floor_reached":56,"language":"ENG","playtime":2981,"items_purged":["Strike_P","Strike_P","Defend_P","Strike_P","Normality"],"score":2603,"play_id":"d66d396c-a488-4370-9b9e-26fe7cd3e898","local_time":"20210202115845","is_ascension_mode":true,"campfire_choices":[{"data":"MentalFortress","floor":8,"key":"SMITH"},{"data":"MentalFortress","floor":10,"key":"SMITH"},{"data":"Vigilance","floor":12,"key":"SMITH"},{"floor":15,"key":"RECALL"},{"data":"MentalFortress","floor":32,"key":"SMITH"},{"data":"MentalFortress","floor":49,"key":"SMITH"},{"data":"MentalFortress","floor":52,"key":"SMITH"}],"circlet_count":0,"master_deck":["Vigilance+1","Crescendo+1","MentalFortress+1","MentalFortress+1","Panacea+1","Finesse+1","ClearTheMind+1","ClearTheMind+1","Adaptation+1","Crescendo+1","Tantrum+1","Vengeance+1","MentalFortress+1","FearNoEvil+1","FlurryOfBlows+1","Scrawl+1","DevaForm+1","Fasting2+1","DeusExMachina+1","Vault+1","FearNoEvil+1","Tantrum+1","Evaluate+1","LikeWater","MentalFortress+1","Wallop+1","MentalFortress+1","Adaptation+1","Ragnarok+1","MentalFortress+1","Fasting2+1","Flash of Steel+1","Finesse+1","Finesse+1","ClearTheMind+1","Fasting2+1","Wallop+1","Crescendo+1","Flash of Steel+1","Bandage Up+1","DeusExMachina+1","FearNoEvil","Evaluate+1","MentalFortress+1"],"relics":["PureWater","TeardropLocket","Toxic Egg 2","Bag of Preparation","Membership Card","Lantern","Juzu Bracelet","Omamori","Calipers","Anchor","Odd Mushroom","Bottled Tornado","Potion Belt","Empty Cage","Red Mask","Necronomicon","Incense Burner","InkBottle","PreservedInsect","Sundial","Kunai","Philosopher\u0027s Stone","Medical Kit","Pen Nib","FossilizedHelix","Nunchaku","StoneCalendar","CeramicFish","Pocketwatch","Boot","Shovel","Bird Faced Urn","Happy Flower","StrikeDummy","Torii","Question Card","Ancient Tea Set","Mummified Hand","Bronze Scales","Ice Cream","Shuriken","Blood Vial","Strawberry","Toy Ornithopter"],"acts_visited":["Exordium","TheCity","TheBeyond","TheEnding"],"potions_floor_usage":[17,24,25,25,41,46,47,50,55,55,55],"damage_taken":[{"damage":0,"enemies":"Jaw Worm","floor":1,"turns":6},{"damage":0,"enemies":"2 Louse","floor":4,"turns":3},{"damage":6,"enemies":"3 Sentries","floor":6,"turns":5},{"damage":0,"enemies":"The Mushroom Lair","floor":11,"turns":3},{"damage":0,"enemies":"Lagavulin","floor":13,"turns":3},{"damage":0,"enemies":"The Guardian","floor":16,"turns":3},{"damage":6,"enemies":"Shell Parasite","floor":18,"turns":3},{"damage":0,"enemies":"Masked Bandits","floor":19,"turns":3},{"damage":2,"enemies":"2 Thieves","floor":21,"turns":2},{"damage":0,"enemies":"Slavers","floor":23,"turns":2},{"damage":0,"enemies":"Centurion and Healer","floor":24,"turns":3},{"damage":0,"enemies":"Book of Stabbing","floor":25,"turns":2},{"damage":0,"enemies":"Snake Plant","floor":29,"turns":4},{"damage":6,"enemies":"Champ","floor":33,"turns":4},{"damage":24,"enemies":"3 Shapes","floor":35,"turns":4},{"damage":0,"enemies":"Orb Walker","floor":36,"turns":4},{"damage":0,"enemies":"Giant Head","floor":40,"turns":5},{"damage":0,"enemies":"Maw","floor":41,"turns":3},{"damage":0,"enemies":"Reptomancer","floor":42,"turns":3},{"damage":0,"enemies":"Jaw Worm Horde","floor":44,"turns":3},{"damage":0,"enemies":"Giant Head","floor":46,"turns":4},{"damage":0,"enemies":"Transient","floor":47,"turns":3},{"damage":0,"enemies":"Awakened One","floor":50,"turns":4},{"damage":7,"enemies":"Shield and Spear","floor":54,"turns":4},{"damage":4,"enemies":"The Heart","floor":55,"turns":6}],"seed_played":"8674039110385679736","potions_obtained":[{"floor":4,"key":"LiquidBronze"},{"floor":11,"key":"GamblersBrew"},{"floor":18,"key":"EntropicBrew"},{"floor":19,"key":"SpeedPotion"},{"floor":23,"key":"AttackPotion"},{"floor":29,"key":"SmokeBomb"},{"floor":40,"key":"DuplicationPotion"},{"floor":47,"key":"Weak Potion"}],"is_trial":false,"path_per_floor":["M","?","?","M","?","E","T","R","T","R","?","R","E","?","R","B",null,"M","?","?","M","$","E","M","E","T","?","?","M","$","?","R","B",null,"M","M","?","?","$","E","M","E","T","M","?","E","M","?","R","B",null,"R","$","E","B",null],"character_chosen":"WATCHER","items_purchased":["TeardropLocket","PathToVictory","Fruit Juice","OrangePellets","Crescendo","MentalFortress","Bag of Preparation","Membership Card","MentalFortress","Lantern","Panacea+1","Finesse+1","LikeWater","Incense Burner","InkBottle","MentalFortress","Kunai","Medical Kit","Flash of Steel+1","Pen Nib","FossilizedHelix","Nunchaku","StoneCalendar","CeramicFish","Pocketwatch","Boot","Shovel","Bird Faced Urn","Happy Flower","StrikeDummy","Torii","Finesse+1","Finesse+1","FearNoEvil","Evaluate+1","Blood Vial","Strawberry","FairyPotion"],"campfire_rested":0,"item_purchase_floors":[0,0,0,0,0,0,0,0,0,0,0,0,22,22,22,30,30,39,39,39,39,39,39,39,39,39,39,39,39,39,39,39,39,53,53,53,53,53],"current_hp_per_floor":[52,45,38,38,38,32,32,32,32,32,32,32,32,32,32,32,67,61,61,45,43,43,43,43,43,43,43,29,29,29,29,29,23,67,43,43,43,43,43,63,82,82,82,82,72,82,82,92,92,92,92,92,99,99,95],"gold":82,"neow_bonus":"","is_daily":false,"chose_seed":false,"campfire_upgraded":6,"win_rate":0.0,"timestamp":1612288725,"path_taken":["M","?","?","M","?","E","?","R","T","R","?","R","E","?","R","BOSS","M","?","?","M","$","E","M","E","T","?","?","M","$","?","R","BOSS","M","M","?","?","$","E","M","E","T","M","?","E","M","?","R","BOSS","R","$","E","BOSS"],"items_purchased_type":["Relic","Card","Potion","Relic","Card","Card","Relic","Relic","Card","Relic","Card","Card","Card","Relic","Relic","Card","Relic","Relic","Card","Relic","Relic","Relic","Relic","Relic","Relic","Relic","Relic","Relic","Relic","Relic","Relic","Card","Card","Card","Card","Relic","Relic","Potion"],"build_version":"2020-12-22","purchased_purges":5,"victory":true,"max_hp_per_floor":[72,72,72,72,72,72,72,72,72,72,72,72,72,72,72,72,77,77,77,77,77,77,77,77,77,77,77,82,82,82,82,82,82,82,82,82,82,82,82,82,82,82,82,82,82,82,82,92,92,92,92,92,99,99,99],"relic_stats":{"Torii":0,"CeramicFish":108,"StoneCalendar":[0],"Bag of Preparation":[52],"Juzu Bracelet":4,"Boot":[12],"Blood Vial":0,"Nunchaku":[11],"Shovel":0,"Sundial":[4],"Mummified Hand":[70],"Necronomicon":[21],"Kunai":[26],"InkBottle":[56],"Happy Flower":[11],"counters":[25,89],"PreservedInsect":442,"Pen Nib":[11],"Medical Kit":[4],"Question Card":9,"Shuriken":[14],"Bird Faced Urn":[56],"Bronze Scales":[75],"obtain_stats":[{"Ice Cream":44,"Lantern":0,"Calipers":4,"Torii":39,"CeramicFish":39,"StoneCalendar":39,"Bag of Preparation":0,"Juzu Bracelet":0,"Incense Burner":22,"TeardropLocket":0,"Bottled Tornado":12,"Empty Cage":17,"Boot":39,"Ancient Tea Set":42,"Blood Vial":53,"Nunchaku":39,"Shovel":39,"Sundial":26,"Mummified Hand":42,"Strawberry":53,"Philosopher\u0027s Stone":34,"Red Mask":19,"Necronomicon":20,"Kunai":30,"Toxic Egg 2":0,"InkBottle":22,"Potion Belt":13,"Happy Flower":39,"PreservedInsect":23,"The Courier":38,"Pen Nib":39,"Omamori":3,"Odd Mushroom":11,"Medical Kit":39,"Question Card":40,"Du-Vu Doll":25,"OrangePellets":0,"Anchor":6,"Shuriken":46,"Bird Faced Urn":39,"Bronze Scales":43,"Molten Egg 2":0,"Membership Card":0,"PureWater":0,"StrikeDummy":39,"FossilizedHelix":39,"Toy Ornithopter":54,"Pocketwatch":39},{"Ice Cream":20,"Lantern":0,"Calipers":2,"Torii":16,"CeramicFish":16,"StoneCalendar":16,"Bag of Preparation":0,"Juzu Bracelet":0,"Incense Burner":9,"TeardropLocket":0,"Bottled Tornado":4,"Empty Cage":6,"Boot":16,"Ancient Tea Set":19,"Blood Vial":23,"Nunchaku":16,"Shovel":16,"Sundial":12,"Mummified Hand":19,"Strawberry":23,"Philosopher\u0027s Stone":14,"Red Mask":8,"Necronomicon":8,"Kunai":13,"Toxic Egg 2":0,"InkBottle":9,"Potion Belt":5,"Happy Flower":16,"PreservedInsect":10,"The Courier":16,"Pen Nib":16,"Omamori":1,"Odd Mushroom":4,"Medical Kit":16,"Question Card":17,"Du-Vu Doll":12,"OrangePellets":0,"Anchor":3,"Shuriken":21,"Bird Faced Urn":16,"Bronze Scales":19,"Molten Egg 2":0,"Membership Card":0,"PureWater":0,"StrikeDummy":16,"FossilizedHelix":16,"Toy Ornithopter":24,"Pocketwatch":16},{"Ice Cream":66,"Lantern":0,"Calipers":8,"Torii":54,"CeramicFish":54,"StoneCalendar":54,"Bag of Preparation":0,"Juzu Bracelet":0,"Incense Burner":31,"TeardropLocket":0,"Bottled Tornado":17,"Empty Cage":23,"Boot":54,"Ancient Tea Set":65,"Blood Vial":79,"Nunchaku":54,"Shovel":54,"Sundial":38,"Mummified Hand":65,"Strawberry":79,"Philosopher\u0027s Stone":46,"Red Mask":29,"Necronomicon":29,"Kunai":42,"Toxic Egg 2":0,"InkBottle":31,"Potion Belt":20,"Happy Flower":54,"PreservedInsect":33,"The Courier":54,"Pen Nib":54,"Omamori":6,"Odd Mushroom":17,"Medical Kit":54,"Question Card":59,"Du-Vu Doll":38,"OrangePellets":0,"Anchor":14,"Shuriken":72,"Bird Faced Urn":54,"Bronze Scales":65,"Molten Egg 2":0,"Membership Card":0,"PureWater":0,"StrikeDummy":54,"FossilizedHelix":54,"Toy Ornithopter":83,"Pocketwatch":54}],"Toy Ornithopter":0,"Pocketwatch":[4]},"card_choices":[{"not_picked":["ClearTheMind+1","FlyingSleeves+1"],"picked":"Vengeance+1","floor":1},{"not_picked":["ThirdEye+1","Worship+1","JustLucky+1"],"picked":"SKIP","floor":4},{"not_picked":["ClearTheMind+1","InnerPeace+1"],"picked":"Scrawl+1","floor":6},{"not_picked":["BowlingBash+1","Nirvana"],"picked":"DeusExMachina+1","floor":13},{"not_picked":["Devotion","Alpha+1"],"picked":"Vault+1","floor":16},{"not_picked":["EmptyBody+1","WaveOfTheHand+1"],"picked":"FearNoEvil+1","floor":18},{"not_picked":["EmptyBody+1","SashWhip+1"],"picked":"Tantrum+1","floor":19},{"not_picked":["SashWhip+1","ClearTheMind+1"],"picked":"Evaluate+1","floor":21},{"not_picked":["Halt+1","EmptyBody+1"],"picked":"MentalFortress","floor":23},{"not_picked":["Protect+1","JustLucky+1"],"picked":"MentalFortress","floor":24},{"not_picked":["Evaluate+1","Wireheading+1"],"picked":"Adaptation+1","floor":25},{"not_picked":["Collect+1","SignatureMove+1"],"picked":"Ragnarok+1","floor":29},{"not_picked":["Judgement+1","ConjureBlade+1"],"picked":"SpiritShield+1","floor":33},{"not_picked":["PathToVictory+1","ReachHeaven+1","Prostrate+1"],"picked":"SKIP","floor":35},{"not_picked":["JustLucky+1","SandsOfTime+1","Wireheading"],"picked":"SKIP","floor":36},{"not_picked":["EmptyMind+1","SashWhip+1","Judgement+1"],"picked":"SKIP","floor":40},{"not_picked":["InnerPeace+1","PathToVictory+1","JustLucky+1"],"picked":"ClearTheMind+1","floor":41},{"not_picked":["Halt+1","ClearTheMind+1","Consecrate+1"],"picked":"Fasting2+1","floor":42},{"not_picked":["Weave+1","Prostrate+1","CrushJoints+1"],"picked":"Crescendo+1","floor":44},{"not_picked":["Panacea+1","Secret Technique+1","Enlightenment+1"],"picked":"Flash of Steel+1","floor":45},{"not_picked":["Madness+1","Sadistic Nature","Blind+1"],"picked":"Bandage Up+1","floor":45},{"not_picked":["InnerPeace+1","PathToVictory+1","ThirdEye+1"],"picked":"DeusExMachina+1","floor":46},{"not_picked":["CrushJoints+1","SashWhip+1","ThirdEye+1","Prostrate+1"],"picked":"SKIP","floor":47},{"not_picked":["Protect+1","EmptyBody+1","Crescendo+1"],"picked":"MentalFortress+1","floor":54}],"player_experience":244314,"relics_obtained":[{"floor":6,"key":"Anchor"},{"floor":11,"key":"Odd Mushroom"},{"floor":13,"key":"Potion Belt"},{"floor":19,"key":"Red Mask"},{"floor":20,"key":"Necronomicon"},{"floor":23,"key":"PreservedInsect"},{"floor":25,"key":"Du-Vu Doll"},{"floor":26,"key":"Sundial"},{"floor":40,"key":"Question Card"},{"floor":42,"key":"Ancient Tea Set"},{"floor":43,"key":"Bronze Scales"},{"floor":46,"key":"Shuriken"},{"floor":54,"key":"Toy Ornithopter"}],"event_choices":[{"cards_removed":["Defend_P"],"damage_healed":0,"gold_gain":0,"player_choice":"Card Removal","damage_taken":7,"max_hp_gain":0,"max_hp_loss":0,"event_name":"Golden Wing","floor":2,"gold_loss":0},{"damage_healed":0,"gold_gain":0,"player_choice":"Success","damage_taken":7,"relics_obtained":["Omamori"],"max_hp_gain":0,"max_hp_loss":0,"event_name":"Scrap Ooze","floor":3,"gold_loss":0},{"cards_removed":["Defend_P"],"damage_healed":0,"gold_gain":0,"player_choice":"Card Removal","damage_taken":0,"max_hp_gain":0,"max_hp_loss":0,"event_name":"The Cleric","floor":5,"gold_loss":50},{"damage_healed":0,"gold_gain":0,"player_choice":"Fought Mushrooms","damage_taken":0,"max_hp_gain":0,"max_hp_loss":0,"event_name":"Mushrooms","floor":11,"gold_loss":0},{"damage_healed":0,"gold_gain":0,"player_choice":"0 cards matched","damage_taken":0,"max_hp_gain":0,"max_hp_loss":0,"event_name":"Match and Keep!","floor":14,"gold_loss":0,"cards_obtained":[]},{"damage_healed":0,"gold_gain":0,"player_choice":"Fought Bandits","damage_taken":0,"max_hp_gain":0,"max_hp_loss":0,"event_name":"Masked Bandits","floor":19,"gold_loss":0},{"damage_healed":0,"gold_gain":0,"player_choice":"Obtained Book","damage_taken":16,"max_hp_gain":0,"max_hp_loss":0,"event_name":"Cursed Tome","floor":20,"gold_loss":0},{"damage_healed":0,"gold_gain":0,"player_choice":"Ignored","damage_taken":0,"max_hp_gain":0,"max_hp_loss":0,"event_name":"Ghosts","floor":27,"gold_loss":0},{"damage_healed":0,"gold_gain":0,"player_choice":"Shed Blood","damage_taken":19,"max_hp_gain":5,"max_hp_loss":0,"event_name":"Forgotten Altar","floor":28,"gold_loss":0},{"damage_healed":0,"gold_gain":0,"player_choice":"Copied","damage_taken":0,"max_hp_gain":0,"max_hp_loss":0,"event_name":"Duplicator","floor":31,"gold_loss":0,"cards_obtained":["Fasting2"]},{"damage_healed":0,"gold_gain":999,"player_choice":"Gold","damage_taken":0,"max_hp_gain":0,"max_hp_loss":0,"event_name":"MindBloom","floor":37,"gold_loss":0,"cards_obtained":["Normality","Normality"]},{"damage_healed":0,"gold_gain":222,"player_choice":"Wore Mask","damage_taken":0,"max_hp_gain":0,"max_hp_loss":0,"event_name":"Tomb of Lord Red Mask","floor":38,"gold_loss":0},{"damage_healed":0,"gold_gain":0,"player_choice":"Memory 3","damage_taken":10,"max_hp_gain":0,"max_hp_loss":0,"event_name":"SensoryStone","floor":45,"gold_loss":0},{"cards_removed":["SpiritShield"],"damage_healed":0,"gold_gain":0,"player_choice":"Offered Rare","damage_taken":0,"max_hp_gain":10,"max_hp_loss":0,"event_name":"Bonfire Elementals","floor":48,"gold_loss":0}],"is_beta":false,"boss_relics":[{"not_picked":["Runic Pyramid","Runic Dome"],"picked":"Empty Cage"},{"not_picked":["HolyWater","SacredBark"],"picked":"Philosopher\u0027s Stone"}],"items_purged_floors":[0,0,0,0,39],"is_endless":false,"potions_floor_spawned":[4,11,18,19,23,29,40,47],"ascension_level":8}}