{"host":"xcjf5gtp2l6zn2ds","time":1612302564,"event":{"mods":["BaseMod","Colored Map","Downfall","Minty Spire (QoL Compilation)","Replay The Spire","StSLib"],"gold_per_floor":[99,112,112,124,124,124,200,200,212,25,25,50,50,80,92,189,189,89,99,111,121,67,67,93,93,121,135,135,235,74,74,91,186,186,186,201,201,213,229,310,334,334,484,484,501,368,418,451,351,351],"floor_reached":51,"language":"ENG","playtime":3840,"items_purged":["champ:Defend"],"score":806,"play_id":"b6d053dc-588b-4366-b546-3f190d19033a","local_time":"20210202154924","is_ascension_mode":false,"campfire_choices":[{"data":"champ:Taunt","floor":1,"key":"SMITH"},{"data":"champ:BringItOn","floor":6,"key":"SMITH"},{"data":"champ:StanceDance","floor":11,"key":"SMITH"},{"data":"champ:ShieldWall","floor":13,"key":"SMITH"},{"floor":18,"key":"DIG"},{"data":"champ:ShieldWall","floor":23,"key":"SMITH"},{"data":"champ:BringItOn","floor":25,"key":"SMITH"},{"data":"champ:HoldFirm","floor":28,"key":"SMITH"},{"data":"champ:SetATrap","floor":35,"key":"SMITH"},{"data":"champ:StanceDance","floor":42,"key":"SMITH"},{"data":"champ:FocusedDefense","floor":44,"key":"SMITH"},{"floor":49,"key":"RECALL"}],"circlet_count":0,"master_deck":["champ:Strike","champ:Strike","champ:Strike","champ:Strike","champ:Defend","champ:Defend","champ:Defend","champ:Execute","champ:Taunt+1","champ:TornadoPunch","champ:BringItOn+1","champ:StanceDance+1","champ:Backstep+1","champ:ShieldWall+1","champ:FocusedDefense+1","champ:BringItOn+1","champ:HoldFirm+1","champ:FanOfKnives","champ:ArenaPreparation+1","champ:ShieldWall+1","champ:IronFortress","champ:SetATrap+1","CurseOfTheBell","champ:StanceDance+1","champ:BringItOn+1","champ:FalseCounter+1","champ:DefensiveShout+1"],"relics":["champ:ChampionCrown","Ring of Fury","Lantern","downfall:ShatteredFragment","Snack Pack","Bottled Lightning","Coffee Dripper","downfall:HeartBlessingBlue","Incense Burner","Red Mask","MutagenicStrength","Calling Bell","FossilizedHelix","Pear","Toy Ornithopter","Mirror","MealTicket","Ornamental Fan","Happy Flower","Replay:Towering Pillar of Hats","Nunchaku","downfall:HeartBlessingGreen"],"acts_visited":["Exordium","TheCity","TheBeyond"],"potions_floor_usage":[33,33],"damage_taken":[{"damage":16,"enemies":"Cultist","floor":2,"turns":4},{"damage":10,"enemies":"Small Slimes","floor":4,"turns":2},{"damage":10,"enemies":"2 Louse","floor":9,"turns":2},{"damage":20,"enemies":"downfall:FleeingMerchant","floor":10,"turns":4},{"damage":2,"enemies":"Gremlin Nob","floor":12,"turns":3},{"damage":0,"enemies":"Lagavulin","floor":14,"turns":5},{"damage":0,"enemies":"2 Fungi Beasts","floor":15,"turns":1},{"damage":35,"enemies":"IC_STATUS_ARCHETYPE","floor":16,"turns":5},{"damage":10,"enemies":"3 Byrds","floor":19,"turns":4},{"damage":0,"enemies":"Chosen","floor":20,"turns":4},{"damage":14,"enemies":"Shelled Parasite and Fungi","floor":21,"turns":4},{"damage":24,"enemies":"downfall:FleeingMerchant","floor":22,"turns":4},{"damage":10,"enemies":"Masked Bandits","floor":26,"turns":3},{"damage":0,"enemies":"Snake Plant","floor":27,"turns":3},{"damage":15,"enemies":"downfall:FleeingMerchant","floor":30,"turns":4},{"damage":0,"enemies":"Sentry and Sphere","floor":32,"turns":3},{"damage":23,"enemies":"WA_ARCHETYPE_CALM","floor":33,"turns":8},{"damage":5,"enemies":"3 Shapes","floor":36,"turns":3},{"damage":0,"enemies":"Orb Walker","floor":38,"turns":3},{"damage":13,"enemies":"Writhing Mass","floor":39,"turns":4},{"damage":35,"enemies":"3 Darklings","floor":45,"turns":5},{"damage":0,"enemies":"downfall:FleeingMerchant","floor":46,"turns":3},{"damage":25,"enemies":"downfall:FleeingMerchant","floor":47,"turns":6},{"damage":20,"enemies":"Giant Head","floor":48,"turns":7},{"damage":0,"enemies":"DF_ARCHETYPE_ORBS","floor":50,"turns":10}],"seed_played":"6387169878437177247","potions_obtained":[{"floor":2,"key":"ColorlessPotion"},{"floor":4,"key":"SmokeBomb"},{"floor":12,"key":"Energy Potion"},{"floor":33,"key":"Elixir"},{"floor":38,"key":"LifebloodPotion"}],"is_trial":false,"path_per_floor":["R","M","?","M","?","R","T","?","M","$","R","E","R","E","M","B",null,"R_BF","M","M","M","$","R","T","R","?","M","R","?","$","?","M","B",null,"R","M","?","M","M","?","T","R","?","R","M","$","?","E","R","B",null],"character_chosen":"THE_CHAMP","items_purchased":["champ:ShieldWall","EntropicBrew","champ:ShieldWall","champ:SetATrap","champ:TechniquePotion","Ornamental Fan","Happy Flower"],"campfire_rested":0,"item_purchase_floors":[10,10,22,30,30,46,46],"current_hp_per_floor":[99,93,93,93,60,60,60,33,33,33,33,31,31,35,37,21,99,109,109,109,95,90,90,90,90,92,92,92,92,100,100,102,105,119,119,119,111,113,109,109,109,109,109,109,105,119,119,119,119,119],"gold":351,"neow_bonus":"TEN_PERCENT_HP_BONUS","is_daily":false,"chose_seed":false,"campfire_upgraded":10,"win_rate":0.0,"timestamp":1612302564,"path_taken":["R","M","?","M","?","R","T","?","M","$","R","E","R","E","M","BOSS","R_BF","M","M","M","$","R","T","R","?","M","R","?","$","?","M","BOSS","R","M","?","M","?","?","T","R","?","R","?","$","?","E","R","BOSS"],"items_purchased_type":["Card","Potion","Card","Card","Potion","Relic","Relic"],"build_version":"2020-12-22","purchased_purges":1,"victory":true,"max_hp_per_floor":[99,99,99,99,99,99,99,99,99,99,99,99,99,99,99,99,99,109,109,109,109,109,109,109,109,109,109,109,109,109,109,109,109,119,119,119,119,119,119,119,119,119,119,119,119,119,119,119,119,119],"card_choices":[{"not_picked":["champ:DefensiveShout","champ:PerfectedStrike"],"picked":"champ:TornadoPunch","floor":2},{"not_picked":["champ:Endure","champ:DefensiveShout"],"picked":"champ:BringItOn","floor":4},{"not_picked":["champ:GutPunch","champ:FalseCounter"],"picked":"champ:StanceDance","floor":9},{"not_picked":["champ:ArenaPreparation","champ:FanOfKnives"],"picked":"champ:Backstep","floor":10},{"not_picked":["champ:Backstep","champ:StanceDance","champ:AdrenalArmor"],"picked":"SKIP","floor":12},{"not_picked":["champ:RecklessLeap","champ:EnGarde"],"picked":"champ:FocusedDefense","floor":14},{"not_picked":["champ:FocusedBerserking","champ:UltimateStance"],"picked":"champ:BringItOn","floor":15},{"not_picked":["champ:DancingMaster","champ:SwordThrow"],"picked":"champ:HoldFirm","floor":16},{"not_picked":["champ:BladeFlurry","champ:Backstep+1","champ:CrownThrow"],"picked":"SKIP","floor":19},{"not_picked":["champ:CrownThrow","champ:BringItOn+1"],"picked":"champ:FanOfKnives","floor":20},{"not_picked":["champ:Circumvent","champ:GladiatorStyle"],"picked":"champ:ArenaPreparation+1","floor":21},{"not_picked":["champ:RecklessLeap","champ:RisingSlash","champ:SetATrap"],"picked":"SKIP","floor":22},{"not_picked":["champ:GladiatorForm","champ:DefensiveShout+1","champ:FalseCounter"],"picked":"SKIP","floor":27},{"not_picked":["champ:Devastate","champ:BerserkersShout+1"],"picked":"champ:IronFortress","floor":30},{"not_picked":["champ:GladiatorStyle","champ:DefensiveShout","champ:Circumvent"],"picked":"SKIP","floor":32},{"not_picked":["champ:ShieldSlam","champ:RecklessLeap","champ:TornadoPunch+1"],"picked":"SKIP","floor":36},{"not_picked":["champ:SkillfulDodge","champ:EnGarde+1"],"picked":"champ:StanceDance","floor":38},{"not_picked":["champ:TornadoPunch+1","champ:Backstep+1","champ:Shatter"],"picked":"SKIP","floor":39},{"not_picked":["champ:PerfectedStrike+1","champ:Shatter"],"picked":"champ:BringItOn+1","floor":45},{"not_picked":["champ:PreciseThrust+1","champ:SkillfulDodge","champ:AdrenalArmor"],"picked":"SKIP","floor":46},{"not_picked":["champ:BringItOn+1","champ:Lariat+1"],"picked":"champ:FalseCounter+1","floor":47},{"not_picked":["champ:DeathBlow+1","champ:FocusedDefense"],"picked":"champ:DefensiveShout+1","floor":48}],"player_experience":32194,"relics_obtained":[{"floor":3,"key":"Ring of Fury"},{"floor":12,"key":"Snack Pack"},{"floor":14,"key":"Bottled Lightning"},{"floor":18,"key":"Incense Burner"},{"floor":24,"key":"Smiling Mask"},{"floor":26,"key":"Red Mask"},{"floor":34,"key":"FossilizedHelix"},{"floor":34,"key":"Pear"},{"floor":34,"key":"Toy Ornithopter"},{"floor":40,"key":"Mirror"},{"floor":41,"key":"MealTicket"},{"floor":47,"key":"Replay:Towering Pillar of Hats"},{"floor":48,"key":"Nunchaku"}],"event_choices":[{"damage_healed":0,"gold_gain":0,"player_choice":"Success","damage_taken":33,"relics_obtained":["Lantern"],"max_hp_gain":0,"max_hp_loss":0,"event_name":"Scrap Ooze","floor":5,"gold_loss":0},{"damage_healed":0,"gold_gain":0,"player_choice":"Fought Bandits","damage_taken":0,"max_hp_gain":0,"max_hp_loss":0,"event_name":"Masked Bandits","floor":26,"gold_loss":0},{"damage_healed":0,"gold_gain":0,"player_choice":"Inject Mutagens","damage_taken":0,"relics_obtained":["MutagenicStrength"],"max_hp_gain":0,"max_hp_loss":0,"event_name":"Drug Dealer","floor":31,"gold_loss":0}],"is_beta":false,"boss_relics":[{"not_picked":["Kintsugi","Astrolabe"],"picked":"Coffee Dripper"},{"not_picked":["SacredBark","Sozu"],"picked":"Calling Bell"}],"items_purged_floors":[46],"is_endless":false,"potions_floor_spawned":[2,4,12,14,16,19,26,32,33,38,39,48],"ascension_level":0}}