{"host":"wshh0nphwn6jv7vj","time":1612264874,"event":{"mods":["BaseMod","Bestiary","Minty Spire (QoL Compilation)","Relic Stats"],"gold_per_floor":[109,126,126,140,157,190,190,57,84,110,110,129,29,55,55,129,129,145,125,139,152,172,172,201,201,201],"floor_reached":25,"language":"ENG","playtime":1431,"items_purged":["Strike_P","Strike_P"],"score":431,"play_id":"6a263222-0862-4074-8521-6dfd1d9d1b41","local_time":"20210202062114","is_ascension_mode":true,"campfire_choices":[{"data":"Wallop","floor":7,"key":"SMITH"},{"data":"Wallop","floor":11,"key":"SMITH"},{"floor":15,"key":"REST"},{"data":"TalkToTheHand","floor":23,"key":"SMITH"}],"circlet_count":0,"master_deck":["AscendersBane","Defend_P","Defend_P","Defend_P+1","Defend_P","Eruption","Vigilance+1","Consecrate","EmptyFist+1","SashWhip","Wallop+1","Wallop+1","JustLucky","ReachHeaven","EmptyMind","TalkToTheHand+1","Scrawl","LikeWater","Indignation","InnerPeace","Adaptation"],"relics":["Velvet Choker","War Paint","Strawberry","Odd Mushroom","Lantern","Empty Cage","Kunai"],"acts_visited":["Exordium","TheCity"],"potions_floor_usage":[12,12,21,24,25],"damage_taken":[{"damage":4,"enemies":"Small Slimes","floor":1,"turns":4},{"damage":7,"enemies":"Cultist","floor":2,"turns":6},{"damage":0,"enemies":"2 Louse","floor":4,"turns":2},{"damage":0,"enemies":"Looter","floor":5,"turns":2},{"damage":7,"enemies":"Gremlin Nob","floor":6,"turns":3},{"damage":0,"enemies":"The Mushroom Lair","floor":10,"turns":3},{"damage":6,"enemies":"Gremlin Gang","floor":12,"turns":3},{"damage":26,"enemies":"Lagavulin","floor":14,"turns":4},{"damage":10,"enemies":"Hexaghost","floor":16,"turns":9},{"damage":0,"enemies":"Spheric Guardian","floor":18,"turns":3},{"damage":7,"enemies":"2 Thieves","floor":20,"turns":4},{"damage":3,"enemies":"Snake Plant","floor":21,"turns":4},{"damage":10,"enemies":"Shelled Parasite and Fungi","floor":22,"turns":5},{"damage":31,"enemies":"Book of Stabbing","floor":24,"turns":6},{"damage":27,"enemies":"3 Cultists","floor":25,"turns":4}],"seed_played":"-2803475338109853735","potions_obtained":[{"floor":2,"key":"Fire Potion"},{"floor":5,"key":"ColorlessPotion"},{"floor":14,"key":"PowerPotion"},{"floor":16,"key":"DuplicationPotion"},{"floor":20,"key":"DistilledChaos"},{"floor":21,"key":"GamblersBrew"},{"floor":24,"key":"LiquidBronze"}],"is_trial":false,"path_per_floor":["M","M","?","M","M","E","R","$","T","?","R","M","$","E","R","B",null,"M","?","M","M","M","R","E","M"],"character_chosen":"WATCHER","items_purchased":["JustLucky"],"campfire_rested":1,"item_purchase_floors":[8],"current_hp_per_floor":[57,50,50,50,50,43,43,43,50,50,50,44,44,18,40,30,64,64,64,57,54,44,44,13,0,0],"gold":201,"neow_bonus":"BOSS_RELIC","is_daily":false,"chose_seed":false,"campfire_upgraded":3,"win_rate":0.0,"timestamp":1612264874,"path_taken":["M","M","?","M","?","E","R","$","T","?","R","M","$","E","R","BOSS","M","?","?","M","M","R","E","M"],"items_purchased_type":["Card"],"build_version":"2020-12-22","purchased_purges":2,"victory":false,"max_hp_per_floor":[68,68,68,68,68,68,68,68,75,75,75,75,75,75,75,75,75,75,75,75,75,75,75,75,75,75],"relic_stats":{"counters":[15,62],"Kunai":[2],"War Paint":["Vigilance","Defend_P"],"obtain_stats":[{"Lantern":14,"Strawberry":9,"Velvet Choker":0,"Kunai":24,"PureWater":0,"War Paint":6,"Odd Mushroom":10,"Empty Cage":17},{"Lantern":8,"Strawberry":5,"Velvet Choker":0,"Kunai":14,"PureWater":0,"War Paint":5,"Odd Mushroom":6,"Empty Cage":9},{"Lantern":27,"Strawberry":17,"Velvet Choker":0,"Kunai":58,"PureWater":0,"War Paint":17,"Odd Mushroom":20,"Empty Cage":36}]},"card_choices":[{"not_picked":["Evaluate","Study"],"picked":"Consecrate","floor":1},{"not_picked":["Halt","Meditate"],"picked":"EmptyFist","floor":2},{"not_picked":["Vengeance","DeceiveReality"],"picked":"SashWhip","floor":4},{"not_picked":["CutThroughFate","CrushJoints"],"picked":"Wallop","floor":5},{"not_picked":["Halt","CrushJoints"],"picked":"Wallop","floor":6},{"not_picked":["JustLucky","Evaluate"],"picked":"ReachHeaven","floor":10},{"not_picked":["WaveOfTheHand","Weave"],"picked":"EmptyMind","floor":12},{"not_picked":["Meditate","Conclude"],"picked":"TalkToTheHand","floor":14},{"not_picked":["SpiritShield","Ragnarok"],"picked":"Scrawl","floor":16},{"not_picked":["Crescendo","SashWhip"],"picked":"LikeWater","floor":18},{"not_picked":["EmptyMind","JustLucky","FlurryOfBlows"],"picked":"SKIP","floor":20},{"not_picked":["FollowUp","BattleHymn"],"picked":"Indignation","floor":21},{"not_picked":["ForeignInfluence","Consecrate"],"picked":"InnerPeace","floor":22},{"not_picked":["Judgement","Consecrate"],"picked":"Adaptation","floor":24}],"player_experience":1630671,"relics_obtained":[{"floor":6,"key":"War Paint"},{"floor":9,"key":"Strawberry"},{"floor":10,"key":"Odd Mushroom"},{"floor":14,"key":"Lantern"},{"floor":24,"key":"Kunai"}],"event_choices":[{"damage_healed":0,"gold_gain":0,"player_choice":"Upgraded","damage_taken":0,"max_hp_gain":0,"max_hp_loss":0,"event_name":"Upgrade Shrine","floor":3,"gold_loss":0,"cards_upgraded":["EmptyFist"]},{"damage_healed":0,"gold_gain":0,"player_choice":"Fought Mushrooms","damage_taken":0,"max_hp_gain":0,"max_hp_loss":0,"event_name":"Mushrooms","floor":10,"gold_loss":0},{"damage_healed":0,"gold_gain":0,"player_choice":"Bought 1 Potion","damage_taken":0,"max_hp_gain":0,"max_hp_loss":0,"event_name":"The Woman in Blue","floor":19,"gold_loss":0}],"is_beta":false,"boss_relics":[{"not_picked":["Runic Dome","Black Star"],"picked":"Empty Cage"}],"items_purged_floors":[8,13],"is_endless":false,"potions_floor_spawned":[2,5,14,16,20,21,24],"killed_by":"3 Cultists","ascension_level":17}}