{"host":"w7tt687j332gugiq","time":1612266904,"event":{"mods":["BaseMod","Minty Spire (QoL Compilation)","StSLib"],"gold_per_floor":[167,179,179,193,212,251,251,288,288,288,297,158,184,195,195,306,306,328,353,373,126,126,164,164,164],"floor_reached":24,"language":"ZHS","playtime":1247,"items_purged":["Pain","Strike_G"],"score":319,"play_id":"81aa54ae-c2e4-4186-81fe-e68a46c76474","local_time":"20210202195504","is_ascension_mode":true,"campfire_choices":[{"data":"Caltrops","floor":7.0,"key":"SMITH"},{"floor":10.0,"key":"REST"},{"floor":15.0,"key":"REST"}],"circlet_count":0,"master_deck":["Strike_G","Strike_G","Strike_G","Defend_G","Defend_G","Defend_G","Defend_G","Defend_G+1","Survivor","Neutralize","Acrobatics","Predator","Flying Knee","Caltrops+1","Leg Sweep","Malaise","Caltrops","Cloak And Dagger","Grand Finale","Prepared+1","Reflex+1","Footwork+1","Footwork"],"relics":["Tiny House","WarpedTongs","CeramicFish","Blue Candle","Matryoshka","Sozu","Juzu Bracelet","The Courier"],"acts_visited":["Exordium","TheCity"],"potions_floor_usage":[],"damage_taken":[{"damage":2.0,"enemies":"Cultist","floor":1.0,"turns":4.0},{"damage":2.0,"enemies":"Small Slimes","floor":2.0,"turns":4.0},{"damage":9.0,"enemies":"Jaw Worm","floor":4.0,"turns":5.0},{"damage":1.0,"enemies":"Large Slime","floor":5.0,"turns":6.0},{"damage":37.0,"enemies":"3 Sentries","floor":6.0,"turns":10.0},{"damage":16.0,"enemies":"Lagavulin","floor":8.0,"turns":8.0},{"damage":19.0,"enemies":"Lots of Slimes","floor":13.0,"turns":5.0},{"damage":0.0,"enemies":"3 Louse","floor":14.0,"turns":2.0},{"damage":4.0,"enemies":"Hexaghost","floor":16.0,"turns":9.0},{"damage":4.0,"enemies":"Chosen","floor":18.0,"turns":7.0},{"damage":1.0,"enemies":"3 Byrds","floor":19.0,"turns":3.0},{"damage":24.0,"enemies":"3 Cultists","floor":20.0,"turns":6.0},{"damage":47.0,"enemies":"Slavers","floor":23.0,"turns":6.0},{"damage":11,"enemies":"Centurion and Healer","floor":24,"turns":3}],"seed_played":"6100276883423220447","potions_obtained":[{"floor":0.0,"key":"ColorlessPotion"},{"floor":5.0,"key":"CunningPotion"},{"floor":6.0,"key":"Block Potion"},{"floor":13.0,"key":"Explosive Potion"},{"floor":14.0,"key":"EntropicBrew"},{"floor":16.0,"key":"Poison Potion"}],"is_trial":false,"path_per_floor":["M","M","?","M","M","E","R","E","T","R","?","$","M","M","R","B",null,"M","M","M","$","?","E","M"],"character_chosen":"THE_SILENT","items_purchased":["Caltrops","Juzu Bracelet"],"campfire_rested":2,"item_purchase_floors":[12,21],"current_hp_per_floor":[66,64,64,55,54,17,17,1,1,23,23,23,4,4,26,22,62,58,57,33,33,58,11,0,0],"gold":164,"neow_bonus":"BOSS_RELIC","is_daily":false,"chose_seed":false,"campfire_upgraded":1,"win_rate":0.0,"timestamp":1612266904,"path_taken":["M","M","?","?","M","E","R","E","T","R","?","$","?","M","R","BOSS","M","M","M","$","?","E","M"],"items_purchased_type":["Card","Relic"],"build_version":"2020-12-22","purchased_purges":2,"victory":false,"max_hp_per_floor":[75,75,75,75,75,75,75,75,75,75,75,75,75,75,75,75,75,75,75,75,75,75,75,75,75],"card_choices":[{"not_picked":["Poisoned Stab","Sucker Punch","Outmaneuver"],"picked":"SKIP","floor":1.0},{"not_picked":["Slice","Concentrate"],"picked":"Acrobatics","floor":2.0},{"not_picked":["Skewer","Backflip"],"picked":"Predator","floor":4.0},{"not_picked":["Unload","Dagger Throw"],"picked":"Flying Knee","floor":5.0},{"not_picked":["Backflip","Unload"],"picked":"Caltrops","floor":6.0},{"not_picked":["Flying Knee","Deadly Poison"],"picked":"Leg Sweep","floor":8.0},{"not_picked":["Sucker Punch","Deflect"],"picked":"Cloak And Dagger","floor":13.0},{"not_picked":["Deadly Poison","Leg Sweep","Choke"],"picked":"SKIP","floor":14.0},{"not_picked":["Glass Knife","Bullet Time"],"picked":"Grand Finale","floor":16.0},{"not_picked":["Riddle With Holes","Outmaneuver+1"],"picked":"Prepared+1","floor":18.0},{"not_picked":["Underhanded Strike","Outmaneuver"],"picked":"Reflex+1","floor":19.0},{"not_picked":["Bane","Distraction+1"],"picked":"Footwork+1","floor":20.0},{"not_picked":["Tools of the Trade","Caltrops"],"picked":"Footwork","floor":23.0}],"player_experience":155152,"relics_obtained":[{"floor":6.0,"key":"CeramicFish"},{"floor":8.0,"key":"Blue Candle"},{"floor":9.0,"key":"Matryoshka"},{"floor":23.0,"key":"The Courier"}],"event_choices":[{"damage_healed":0.0,"max_hp_gain":0.0,"max_hp_loss":0.0,"gold_gain":0.0,"event_name":"Accursed Blacksmith","player_choice":"Rummage","floor":3.0,"gold_loss":0.0,"damage_taken":0.0,"relics_obtained":["WarpedTongs"],"cards_obtained":["Pain"]},{"damage_healed":0.0,"max_hp_gain":0.0,"max_hp_loss":0.0,"gold_gain":0.0,"cards_transformed":["Strike_G"],"event_name":"Transmorgrifier","player_choice":"Transformed","floor":11.0,"gold_loss":0.0,"damage_taken":0.0,"cards_obtained":["Malaise"]},{"damage_healed":25.0,"max_hp_gain":0.0,"max_hp_loss":0.0,"gold_gain":0.0,"event_name":"The Library","player_choice":"Heal","floor":22.0,"gold_loss":0.0,"damage_taken":0.0}],"is_beta":false,"boss_relics":[{"not_picked":["WristBlade","SlaversCollar"],"picked":"Sozu"}],"items_purged_floors":[12,21],"is_endless":false,"potions_floor_spawned":[5,6,13,14,16,20],"killed_by":"Centurion and Healer","ascension_level":8}}