{"host":"yvlk1m4foro8gl4v","time":1612244713,"event":{"mods":["AchievementEnabler","Act Like it!","BaseMod","Minty Spire (QoL Compilation)","Relic Stats","StSLib","The Servant 0.9.4","Uncapped"],"gold_per_floor":[116,133,133,58,76,76,76,76,76,88,105,119,139,139,139,139,139],"floor_reached":16,"language":"ENG","playtime":797,"items_purged":[],"score":192,"play_id":"27ceab06-c3b1-42cf-89ae-e51bd5aec1c4","local_time":"20210202054513","is_ascension_mode":true,"campfire_choices":[{"floor":6,"key":"REST"},{"data":"Bash","floor":8,"key":"SMITH"},{"floor":15,"key":"REST"}],"circlet_count":0,"master_deck":["AscendersBane","Strike_R","Strike_R","Strike_R","Defend_R","Defend_R","Defend_R","Bash+1","Burning Pact","Dropkick","Burning Pact"],"relics":["Burning Blood","Happy Flower"],"acts_visited":["Exordium"],"potions_floor_usage":[10,14],"damage_taken":[{"damage":9,"enemies":"2 Louse","floor":1,"turns":3},{"damage":18,"enemies":"Small Slimes","floor":2,"turns":4},{"damage":6,"enemies":"Cultist","floor":5,"turns":3},{"damage":16,"enemies":"Exordium Wildlife","floor":10,"turns":6},{"damage":24,"enemies":"Exordium Thugs","floor":11,"turns":5},{"damage":38,"enemies":"Large Slime","floor":12,"turns":7},{"damage":6,"enemies":"2 Fungi Beasts","floor":13,"turns":3},{"damage":6,"enemies":"Blue Slaver","floor":14,"turns":4},{"damage":24,"enemies":"Hexaghost","floor":16,"turns":7}],"seed_played":"1910306036702239888","potions_obtained":[{"floor":1,"key":"Block Potion"},{"floor":11,"key":"Ancient Potion"},{"floor":12,"key":"SmokeBomb"}],"is_trial":true,"path_per_floor":["M","M","?","?","M","R","?","R","T","M","M","M","M","M","R","B"],"character_chosen":"IRONCLAD","items_purchased":[],"campfire_rested":2,"item_purchase_floors":[],"current_hp_per_floor":[65,53,46,46,46,68,68,68,68,58,40,8,8,8,30,6,6],"gold":139,"neow_bonus":"","is_daily":false,"chose_seed":true,"campfire_upgraded":1,"win_rate":0.0,"timestamp":1612244713,"path_taken":["M","M","?","?","M","R","?","R","T","M","M","M","M","M","R","BOSS"],"items_purchased_type":[],"build_version":"2020-12-22","purchased_purges":0,"victory":false,"max_hp_per_floor":[75,75,75,75,75,75,75,75,75,75,75,75,75,75,75,75,75],"relic_stats":{"Happy Flower":[10],"counters":[9,42],"obtain_stats":[{"Happy Flower":9,"Burning Blood":0},{"Happy Flower":3,"Burning Blood":0},{"Happy Flower":10,"Burning Blood":0}],"Burning Blood":48},"card_choices":[{"not_picked":["Carnage","Disarm","Sword Boomerang"],"picked":"SKIP","floor":1},{"not_picked":["Ghostly Armor","Flex"],"picked":"Burning Pact","floor":2},{"not_picked":["Rampage","Rage"],"picked":"Dropkick","floor":5},{"not_picked":["Heavy Blade","Headbutt","Iron Wave"],"picked":"SKIP","floor":10},{"not_picked":["Armaments","Feel No Pain"],"picked":"Burning Pact","floor":11},{"not_picked":["Shockwave","Spot Weakness","Clothesline"],"picked":"SKIP","floor":12},{"not_picked":["Twin Strike","Headbutt","Evolve"],"picked":"SKIP","floor":13}],"player_experience":780474,"relics_obtained":[{"floor":9,"key":"Happy Flower"}],"event_choices":[{"cards_removed":["Strike_R"],"damage_healed":0,"gold_gain":0,"player_choice":"Card Removal","damage_taken":7,"max_hp_gain":0,"max_hp_loss":0,"event_name":"Golden Wing","floor":3,"gold_loss":0},{"cards_removed":["Defend_R"],"damage_healed":0,"gold_gain":0,"player_choice":"Card Removal","damage_taken":0,"max_hp_gain":0,"max_hp_loss":0,"event_name":"The Cleric","floor":4,"gold_loss":75},{"cards_removed":["Strike_R"],"damage_healed":0,"gold_gain":0,"player_choice":"Purged","damage_taken":0,"max_hp_gain":0,"max_hp_loss":0,"event_name":"Purifier","floor":7,"gold_loss":0}],"is_beta":false,"boss_relics":[],"items_purged_floors":[],"is_endless":false,"potions_floor_spawned":[1,11,12],"killed_by":"Hexaghost","ascension_level":20}}