{"host":"va904f3s24glxxej","time":1612224090,"event":{"mods":["AchievementEnabler","BaseMod","Colored Powertips","Downfall","Hubris","Minty Spire (QoL Compilation)","Replay The Spire","StSLib","The Necromancer"],"gold_per_floor":[99,117,117,131,144,161,216,228,228,228,33,59,44,79,89,190,190,190,190,190,69,89,123,123,137,137,137,169,414,414,443,459,556,556,456,474,474,486,499,517,562,577,577,577,577,577,577,590,600,600,600,600],"floor_reached":50,"language":"ENG","playtime":3663,"items_purged":["downfall:Haunted","bronze:Defend"],"score":602,"play_id":"ae10f61e-5657-4d60-b35e-6bc67613fbfd","local_time":"20210202000130","is_ascension_mode":true,"campfire_choices":[{"data":"bronze:Replicate","floor":1,"key":"SMITH"},{"data":"bronze:RecursiveStrike","floor":9,"key":"SMITH"},{"data":"bronze:ItsAFeature","floor":18,"key":"SMITH"},{"floor":26,"key":"REST"},{"data":"bronze:Overheat","floor":30,"key":"SMITH"},{"data":"bronze:Terminator","floor":35,"key":"SMITH"},{"floor":44,"key":"REST"},{"floor":46,"key":"REST"}],"circlet_count":0,"master_deck":["bronze:Defend","bronze:Defend","bronze:Replicate+1","bronze:Goto","bronze:Overheat+1","bronze:Constructor+1","bronze:RecursiveStrike+1","bronze:GetLatest","bronze:OilSpill+1","bronze:Separator+1","bronze:FineTuning","bronze:ItsAFeature+1","bronze:Break+1","Bite","Bite","Bite","Bite","Bite","bronze:InfiniteBeams","bronze:Terminator+1","bronze:NullPointer+1","bronze:RecursiveStrike+1","bronze:Verify+1","bronze:HardenedForm+1","bronze:Frontload+1","bronze:AlphaBuild+1"],"relics":["bronze:BronzeCore","Toy Ornithopter","Strange Spoon","PreservedInsect","Kunai","sneckomod:SneckoTalon","ReplayTheSpireMod:CursedCoin","Akabeko","Replay:Bottled Flurry","Molten Egg 2","Bottled Flame","Vajra","Astrolabe","downfall:HeartBlessingGreen","Lantern","Replay:Ringing Soul"],"acts_visited":["Exordium","TheCity","TheBeyond"],"potions_floor_usage":[6,6,6,8,8,11,16,22,22,25,28,28,33,33,36,40,40,48],"damage_taken":[{"damage":6,"enemies":"Cultist","floor":2,"turns":3},{"damage":12,"enemies":"Jaw Worm","floor":4,"turns":2},{"damage":0,"enemies":"Small Slimes","floor":5,"turns":3},{"damage":1,"enemies":"Blue Slaver","floor":6,"turns":2},{"damage":6,"enemies":"Gremlin Gang","floor":8,"turns":3},{"damage":10,"enemies":"downfall:FleeingMerchant","floor":11,"turns":4},{"damage":5,"enemies":"downfall:FleeingMerchant","floor":13,"turns":4},{"damage":9,"enemies":"Replay:BlueRogue","floor":14,"turns":3},{"damage":17,"enemies":"Large Slime","floor":15,"turns":5},{"damage":30,"enemies":"IC_STATUS_ARCHETYPE","floor":16,"turns":6},{"damage":20,"enemies":"downfall:FleeingMerchant","floor":21,"turns":4},{"damage":0,"enemies":"Spheric Guardian","floor":22,"turns":3},{"damage":47,"enemies":"Slavers","floor":23,"turns":5},{"damage":4,"enemies":"3 Byrds","floor":25,"turns":5},{"damage":6,"enemies":"Book of Stabbing","floor":28,"turns":3},{"damage":0,"enemies":"downfall:FleeingMerchant","floor":29,"turns":2},{"damage":1,"enemies":"Replay:Snechameleon","floor":31,"turns":3},{"damage":12,"enemies":"3 Cultists","floor":32,"turns":3},{"damage":44,"enemies":"SI_MIRROR_ARCHETYPE","floor":33,"turns":7},{"damage":23,"enemies":"3 Shapes","floor":36,"turns":5},{"damage":0,"enemies":"3 Darklings","floor":38,"turns":3},{"damage":9,"enemies":"Maw","floor":39,"turns":6},{"damage":20,"enemies":"Sphere and 2 Shapes","floor":40,"turns":4},{"damage":36,"enemies":"4 Shapes","floor":42,"turns":3},{"damage":18,"enemies":"Maw","floor":48,"turns":6},{"damage":23,"enemies":"3 Darklings","floor":49,"turns":4},{"damage":25,"enemies":"DF_ARCHETYPE_ORBS","floor":50,"turns":3}],"seed_played":"6580645721109437541","potions_obtained":[{"floor":4,"key":"LiquidMemories"},{"floor":5,"key":"EntropicBrew"},{"floor":6,"key":"Venom Potion"},{"floor":15,"key":"sneckomod:MuddlingPotion"},{"floor":20,"key":"Ancient Potion"},{"floor":20,"key":"CultistPotion"},{"floor":20,"key":"bronze:CleanCodePotion"},{"floor":23,"key":"bronze:BuildAFunctionPotion"},{"floor":25,"key":"bronze:CleanCodePotion"},{"floor":31,"key":"Block Potion"},{"floor":32,"key":"LiquidMemories"},{"floor":33,"key":"Fire Potion"},{"floor":38,"key":"sneckomod:MuddlingPotion"},{"floor":39,"key":"SkillPotion"},{"floor":42,"key":"Block Potion"}],"is_trial":false,"path_per_floor":["R","M","?","M","M","M","T","M","R","?","$","T","$","E","M","B",null,"R","?","?","$","M","E","T","M","R","?","E","$","R","E","M","B",null,"R","M","?","M","M","M","T","M","?","R","?","R","?","M","M","B"],"character_chosen":"THE_AUTOMATON","items_purchased":["Strange Spoon","bronze:OilSpill+1","ReplayTheSpireMod:CursedCoin","Akabeko","bronze:Optimize"],"campfire_rested":3,"item_purchase_floors":[11,11,21,21,21],"current_hp_per_floor":[77,71,71,59,59,58,58,62,62,87,77,77,72,63,46,21,87,87,60,60,44,60,19,19,26,44,44,50,50,50,49,43,13,60,60,44,44,48,47,39,39,7,7,25,25,43,43,41,22,0,0,0],"gold":600,"neow_bonus":"TEN_PERCENT_HP_BONUS","is_daily":false,"chose_seed":false,"campfire_upgraded":5,"win_rate":0.0,"timestamp":1612224090,"path_taken":["R","M","?","?","M","M","T","M","R","?","$","?","?","E","M","BOSS","R","?","?","$","M","E","T","?","R","?","E","$","R","E","M","BOSS","R","M","?","M","M","M","T","?","?","R","?","R","?","M","M","BOSS"],"items_purchased_type":["Relic","Card","Relic","Relic","Card"],"build_version":"2020-12-22","purchased_purges":2,"victory":false,"max_hp_per_floor":[77,77,77,77,77,77,77,77,77,87,87,87,87,87,87,87,87,87,60,60,60,60,60,60,60,60,60,60,60,60,60,60,60,60,60,60,60,60,60,60,60,60,60,60,60,60,60,63,63,63,63,63],"card_choices":[{"not_picked":["bronze:FineTuning","bronze:OilSpill"],"picked":"bronze:Overheat","floor":2},{"not_picked":["bronze:Terminator","bronze:DarkDash"],"picked":"bronze:Constructor","floor":4},{"not_picked":["bronze:BugBarrage","bronze:MaxOutput"],"picked":"bronze:RecursiveStrike","floor":5},{"not_picked":["bronze:ClassDefault","bronze:BitShift","bronze:DelayedGuard"],"picked":"SKIP","floor":6},{"not_picked":["bronze:BitShift","bronze:FineTuning"],"picked":"bronze:GetLatest","floor":8},{"not_picked":["bronze:ClassDefault","bronze:DelayedGuard","bronze:BitShift"],"picked":"SKIP","floor":11},{"not_picked":["bronze:Break","bronze:CleanCode"],"picked":"bronze:Separator","floor":13},{"not_picked":["bronze:DarkDash","bronze:Turbo"],"picked":"bronze:FineTuning","floor":14},{"not_picked":["bronze:CutThrough","bronze:DelayedGuard"],"picked":"bronze:ItsAFeature","floor":15},{"not_picked":["bronze:FindAndReplace","bronze:TinkerersToolbox"],"picked":"bronze:Break","floor":16},{"not_picked":["bronze:DelayedSlice","bronze:Overheat","bronze:CleanCode"],"picked":"SKIP","floor":21},{"not_picked":["bronze:WildBeam+1","bronze:WhirlingStrike"],"picked":"bronze:InfiniteBeams","floor":22},{"not_picked":["bronze:Overheat","bronze:Deprecate"],"picked":"bronze:Terminator","floor":23},{"not_picked":["bronze:ForLoop","bronze:Invalidate"],"picked":"bronze:NullPointer+1","floor":25},{"not_picked":["bronze:DelayedGuard+1","bronze:DelayedSlice+1","bronze:Iterate+1"],"picked":"SKIP","floor":28},{"not_picked":["bronze:DelayedGuard+1","bronze:DelayedSlice+1","bronze:Iterate+1"],"picked":"SKIP","floor":28},{"not_picked":["bronze:Invalidate+1","bronze:FineTuning","bronze:BitShift+1"],"picked":"SKIP","floor":29},{"not_picked":["bronze:Invalidate","bronze:Format","bronze:Deprecate"],"picked":"SKIP","floor":31},{"not_picked":["bronze:Constructor","bronze:Repair","bronze:BuggyMess"],"picked":"SKIP","floor":32},{"not_picked":["bronze:ThunderWave+1","bronze:BurnOut+1"],"picked":"bronze:RecursiveStrike+1","floor":33},{"not_picked":["bronze:Shell","bronze:OilSpill+1","bronze:BuggyMess+1"],"picked":"SKIP","floor":36},{"not_picked":["bronze:WildBeam+1","bronze:Constructor","bronze:Repulsor+1"],"picked":"SKIP","floor":38},{"not_picked":["bronze:ForLoop+1","bronze:BuggyMess","bronze:Deprecate+1"],"picked":"SKIP","floor":39},{"not_picked":["bronze:Philosophize","bronze:ForceShield+1","bronze:Repair+1"],"picked":"SKIP","floor":40},{"not_picked":["bronze:CutThrough+1","bronze:DelayedSlice+1","bronze:Backtrace+1"],"picked":"SKIP","floor":42},{"not_picked":["bronze:DelayedGuard+1","bronze:FineTuning+1"],"picked":"bronze:AlphaBuild+1","floor":48},{"not_picked":["bronze:FollowUp+1","bronze:ForLoop","bronze:ChildClass+1"],"picked":"SKIP","floor":49}],"player_experience":778835,"relics_obtained":[{"floor":7,"key":"Toy Ornithopter"},{"floor":12,"key":"PreservedInsect"},{"floor":14,"key":"Kunai"},{"floor":23,"key":"Replay:Bottled Flurry"},{"floor":24,"key":"Molten Egg 2"},{"floor":28,"key":"Bottled Flame"},{"floor":31,"key":"Vajra"},{"floor":41,"key":"Lantern"},{"floor":47,"key":"Replay:Ringing Soul"}],"event_choices":[{"cards_removed":["bronze:TinkerersToolbox"],"damage_healed":15,"gold_gain":0,"player_choice":"Offered Rare","damage_taken":0,"max_hp_gain":10,"max_hp_loss":0,"event_name":"Bonfire Elementals","floor":10,"gold_loss":0},{"damage_healed":0,"gold_gain":0,"player_choice":"Became a vampire","damage_taken":0,"max_hp_gain":0,"max_hp_loss":27,"event_name":"Vampires","floor":19,"gold_loss":0,"cards_obtained":["Bite","Bite","Bite","Bite","Bite"]},{"damage_healed":0,"gold_gain":0,"player_choice":"Got Potions","damage_taken":0,"max_hp_gain":0,"max_hp_loss":0,"event_name":"Lab","floor":20,"gold_loss":0},{"damage_healed":0,"gold_gain":0,"player_choice":"Read","damage_taken":0,"max_hp_gain":0,"max_hp_loss":0,"event_name":"The Library","floor":27,"gold_loss":0,"cards_obtained":["bronze:BronzeOrb"]},{"damage_healed":0,"gold_gain":0,"player_choice":"Ignored","damage_taken":0,"max_hp_gain":0,"max_hp_loss":0,"event_name":"Mysterious Sphere","floor":43,"gold_loss":0}],"is_beta":false,"boss_relics":[{"not_picked":["hubris:BlackHole","Sozu"],"picked":"sneckomod:SneckoTalon"},{"not_picked":["Painkiller Herb","Pandora\u0027s Box"],"picked":"Astrolabe"}],"items_purged_floors":[21,29],"is_endless":false,"potions_floor_spawned":[4,5,6,15,23,25,31,32,33,38,39,42],"killed_by":"DF_ARCHETYPE_ORBS","ascension_level":2}}