{"host":"8anmd7ibyxevnonj","time":1612279248,"event":{"mods":["BaseMod","Curses Come First","Glutton Mod","Marisa????????","Minty Spire (QoL Compilation)","StSLib","The Cursed","The Marked"],"gold_per_floor":[115,140,140,168,197,243,243,243,243,268,301,320,320,12,12,156,156,189,188,216,144,158,158,169,169,169,198,213,213,313,329,329,449,449,458,386,386,401,424,502,580,580,580,580,675,675,730,803,803,838],"floor_reached":51,"language":"ENG","playtime":4643,"items_purged":[],"score":854,"play_id":"54f52755-0060-4d46-a6c7-3c65790f00f0","local_time":"20210202162048","is_ascension_mode":false,"campfire_choices":[{"data":"Glutton:StarvationMode","floor":7,"key":"SMITH"},{"floor":15,"key":"REST"},{"data":"Glutton:Masochism","floor":23,"key":"SMITH"},{"data":"Glutton:StarvationMode","floor":25,"key":"SMITH"},{"floor":32,"key":"REST"},{"data":"Mayhem","floor":42,"key":"SMITH"},{"data":"Glutton:StarvationMode","floor":44,"key":"SMITH"},{"data":"Glutton:GoldenArmor","floor":49,"key":"SMITH"}],"circlet_count":0,"master_deck":["Glutton:Strike","Glutton:Strike","Glutton:Strike","Glutton:Strike","Glutton:Defend","Glutton:Defend","Glutton:Defend","Glutton:Flail","Glutton:StarvationMode+1","Glutton:Mug","Glutton:Scab","Injury","Glutton:Autotomy","Glutton:EatAlive","Glutton:Fast","Glutton:Bite","Glutton:Misery","Glutton:Torment","Glutton:StarvationMode+1","Glutton:StarvationMode+1","Glutton:Bite+1","Glutton:Masochism+1","Glutton:Chrysosphagy","Glutton:Inversion","Glutton:Scab+1","Glutton:GuardStance","Glutton:Bite+1","Glutton:GoldenArmor+1","Glutton:Retaliation+1","Glutton:GuardStance+1","Glutton:Hoard","Mayhem+1","Glutton:GnawingHunger+1","Glutton:Borborygmi+1","Glutton:LashOut+1","Iron Wave+1","Parasite","Glutton:Mug+1"],"relics":["Glutton:EternalHunger","Golden Idol","Girya","Thread and Needle","MealTicket","Toy Ornithopter","Glutton:DoggyBag","WingedGreaves","Matryoshka","Ice Cream","Molten Egg 2","Incense Burner","Velvet Choker","Happy Flower","Bronze Scales","Strawberry","Pear","Mango","Bottled Tornado"],"acts_visited":["Exordium","TheCity","TheBeyond"],"potions_floor_usage":[6,11,19,20,24,24,30,38],"damage_taken":[{"damage":13,"enemies":"Cultist","floor":1,"turns":4},{"damage":6,"enemies":"Small Slimes","floor":2,"turns":3},{"damage":12,"enemies":"2 Louse","floor":4,"turns":4},{"damage":24,"enemies":"Blue Slaver","floor":5,"turns":4},{"damage":41,"enemies":"Gremlin Nob","floor":6,"turns":5},{"damage":20,"enemies":"2 Fungi Beasts","floor":10,"turns":3},{"damage":12,"enemies":"Red Slaver","floor":11,"turns":4},{"damage":8,"enemies":"Large Slime","floor":12,"turns":4},{"damage":46,"enemies":"Hexaghost","floor":16,"turns":6},{"damage":9,"enemies":"Chosen","floor":18,"turns":5},{"damage":50,"enemies":"2 Thieves","floor":19,"turns":5},{"damage":41,"enemies":"Sentry and Sphere","floor":20,"turns":4},{"damage":47,"enemies":"Snake Plant","floor":22,"turns":4},{"damage":71,"enemies":"Gremlin Leader","floor":24,"turns":6},{"damage":22,"enemies":"Cultist and Chosen","floor":27,"turns":4},{"damage":35,"enemies":"Snecko","floor":28,"turns":6},{"damage":78,"enemies":"Colosseum Slavers","floor":30,"turns":5},{"damage":57,"enemies":"Colosseum Nobs","floor":30,"turns":5},{"damage":91,"enemies":"Book of Stabbing","floor":31,"turns":7},{"damage":107,"enemies":"Collector","floor":33,"turns":7},{"damage":50,"enemies":"3 Darklings","floor":35,"turns":5},{"damage":22,"enemies":"Orb Walker","floor":38,"turns":5},{"damage":61,"enemies":"3 Darklings","floor":39,"turns":6},{"damage":107,"enemies":"Nemesis","floor":40,"turns":7},{"damage":133,"enemies":"Reptomancer","floor":41,"turns":8},{"damage":67,"enemies":"2 Orb Walkers","floor":45,"turns":6},{"damage":39,"enemies":"Writhing Mass","floor":47,"turns":6},{"damage":22,"enemies":"Nemesis","floor":48,"turns":7},{"damage":73,"enemies":"Donu and Deca","floor":50,"turns":6}],"seed_played":"2407324967949847512","potions_obtained":[{"floor":1,"key":"Block Potion"},{"floor":6,"key":"ColorlessPotion"},{"floor":12,"key":"Swift Potion"},{"floor":16,"key":"SkillPotion"},{"floor":19,"key":"BlessingOfTheForge"},{"floor":20,"key":"Regen Potion"},{"floor":24,"key":"Regen Potion"},{"floor":31,"key":"Dexterity Potion"},{"floor":33,"key":"Block Potion"},{"floor":35,"key":"BlessingOfTheForge"},{"floor":38,"key":"FearPotion"},{"floor":41,"key":"BlessingOfTheForge"}],"is_trial":false,"path_per_floor":["M","M","?","M","M","E","R","?","T","M","M","M","?","$","R","B",null,"M","M","M","$","M","R","E","R","T","M","M","?","?","E","R","B",null,"M","$","?","M","M","E","E","R","T","R","?","?","M","E","R","B",null],"character_chosen":"GLUTTON","items_purchased":["MealTicket","Toy Ornithopter","Glutton:Masochism","Glutton:Hoard"],"campfire_rested":2,"item_purchase_floors":[14,14,21,36],"current_hp_per_floor":[107,101,101,99,80,51,51,39,39,19,16,17,17,17,59,22,141,139,115,81,96,59,59,74,74,74,52,41,102,55,25,85,27,206,185,200,200,206,178,141,77,77,94,94,102,102,128,161,161,113],"gold":838,"neow_bonus":"ONE_RANDOM_RARE_CARD","is_daily":false,"chose_seed":false,"campfire_upgraded":6,"win_rate":0.0,"timestamp":1612279248,"path_taken":["M","M","?","M","M","E","R","?","T","?","M","M","?","$","R","BOSS","M","M","M","$","?","R","E","R","T","M","M","?","?","E","R","BOSS","M","$","?","M","M","E","E","R","T","R","?","?","M","E","R","BOSS"],"items_purchased_type":["Relic","Relic","Card","Card"],"build_version":"2020-12-13","purchased_purges":0,"victory":true,"max_hp_per_floor":[120,120,120,120,120,127,127,127,127,127,134,141,141,141,141,141,141,146,153,153,153,160,160,177,177,177,177,184,184,191,201,201,206,206,206,206,206,206,213,223,233,233,250,250,264,264,271,288,288,288],"card_choices":[{"not_picked":["Glutton:FeebleKick","Glutton:Scab"],"picked":"Glutton:Mug","floor":1},{"not_picked":["Glutton:Tantrum","Glutton:GuardStance"],"picked":"Glutton:Scab","floor":2},{"not_picked":["Glutton:Yearn","Glutton:Chomp"],"picked":"Glutton:Autotomy","floor":4},{"not_picked":["Glutton:Salivate","Glutton:Chomp"],"picked":"Glutton:EatAlive","floor":5},{"not_picked":["Glutton:Migraine","Glutton:BellySlam"],"picked":"Glutton:Fast","floor":6},{"not_picked":["Glutton:DecrepitStrike","Glutton:Thrombosis"],"picked":"Glutton:Bite","floor":10},{"not_picked":["Glutton:Demolish","Glutton:Rest"],"picked":"Glutton:Misery","floor":11},{"not_picked":["Glutton:Brace","Glutton:Clot"],"picked":"Glutton:Torment","floor":12},{"not_picked":["Glutton:EatAlive","Glutton:Malignancy"],"picked":"Glutton:StarvationMode","floor":16},{"not_picked":["Glutton:Slam","Glutton:Yearn","Glutton:Migraine"],"picked":"SKIP","floor":18},{"not_picked":["Glutton:Tantrum","Glutton:Toxicity+1"],"picked":"Glutton:StarvationMode","floor":19},{"not_picked":["Glutton:Borborygmi+1","Glutton:LashOut+1"],"picked":"Glutton:Bite+1","floor":20},{"not_picked":["Glutton:EatAlive","Glutton:Brace"],"picked":"Glutton:Chrysosphagy","floor":22},{"not_picked":["Glutton:Hemophilia","Glutton:Devour"],"picked":"Glutton:Inversion","floor":24},{"not_picked":["Glutton:Feed","Glutton:Salivate"],"picked":"Glutton:Scab+1","floor":27},{"not_picked":["Glutton:Borborygmi","Glutton:Tantrum+1"],"picked":"Glutton:GuardStance","floor":28},{"not_picked":["Glutton:Torment+1","Glutton:Hemophilia"],"picked":"Glutton:Bite+1","floor":30},{"not_picked":["Glutton:BellySlam+1","Glutton:SelfFlagellate+1"],"picked":"Glutton:GoldenArmor","floor":31},{"not_picked":["Glutton:Reminisce+1","Glutton:EatAlive+1"],"picked":"Glutton:Retaliation+1","floor":33},{"not_picked":["Glutton:Demolish+1","Glutton:Chrysosphagy"],"picked":"Glutton:GuardStance+1","floor":35},{"not_picked":["Secret Weapon","Blind"],"picked":"Mayhem","floor":37},{"not_picked":["Glutton:Slam+1","Glutton:DistilledAgony+1"],"picked":"Glutton:GnawingHunger+1","floor":38},{"not_picked":["Glutton:DecrepitStrike+1","Glutton:BellySlam+1","Glutton:Tantrum+1"],"picked":"SKIP","floor":39},{"not_picked":["Glutton:Feed+1","Glutton:Brace","Glutton:Delusion+1"],"picked":"SKIP","floor":40},{"not_picked":["Glutton:Thrombosis","Glutton:Migraine"],"picked":"Glutton:Borborygmi+1","floor":41},{"not_picked":["Glutton:Tumor+1","Glutton:Slam+1"],"picked":"Glutton:LashOut+1","floor":45},{"not_picked":["Glutton:KneeJerk+1","Glutton:Devour+1","Glutton:Clot+1"],"picked":"SKIP","floor":47},{"not_picked":["Glutton:Migraine","Glutton:StarvationMode"],"picked":"Glutton:Mug+1","floor":48}],"player_experience":11218,"relics_obtained":[{"floor":6,"key":"Girya"},{"floor":9,"key":"Thread and Needle"},{"floor":24,"key":"WingedGreaves"},{"floor":26,"key":"Matryoshka"},{"floor":30,"key":"Ice Cream"},{"floor":30,"key":"Molten Egg 2"},{"floor":31,"key":"Incense Burner"},{"floor":40,"key":"Happy Flower"},{"floor":41,"key":"Bronze Scales"},{"floor":43,"key":"Strawberry"},{"floor":43,"key":"Pear"},{"floor":45,"key":"Mango"},{"floor":48,"key":"Bottled Tornado"}],"event_choices":[{"damage_healed":0,"gold_gain":0,"player_choice":"Take Wound","damage_taken":0,"relics_obtained":["Golden Idol"],"max_hp_gain":0,"max_hp_loss":0,"event_name":"Golden Idol","floor":3,"gold_loss":0,"cards_obtained":["Injury"]},{"damage_healed":0,"gold_gain":0,"player_choice":"Damaged","damage_taken":12,"max_hp_gain":0,"max_hp_loss":0,"event_name":"Wheel of Change","floor":8,"gold_loss":0},{"cards_removed":["Glutton:Strike"],"damage_healed":0,"gold_gain":0,"player_choice":"Purged","damage_taken":0,"max_hp_gain":0,"max_hp_loss":0,"event_name":"Purifier","floor":13,"gold_loss":0},{"damage_healed":61,"gold_gain":0,"player_choice":"Heal","damage_taken":0,"max_hp_gain":0,"max_hp_loss":0,"event_name":"The Library","floor":29,"gold_loss":0},{"damage_healed":0,"gold_gain":0,"player_choice":"Fight","damage_taken":0,"max_hp_gain":0,"max_hp_loss":0,"event_name":"Colosseum","floor":30,"gold_loss":0},{"damage_healed":0,"gold_gain":0,"player_choice":"Fought Nobs","damage_taken":0,"max_hp_gain":0,"max_hp_loss":0,"event_name":"Colosseum","floor":30,"gold_loss":0},{"damage_healed":0,"gold_gain":0,"player_choice":"Memory 1","damage_taken":0,"max_hp_gain":0,"max_hp_loss":0,"event_name":"SensoryStone","floor":37,"gold_loss":0},{"damage_healed":0,"gold_gain":0,"player_choice":"Fight","damage_taken":0,"max_hp_gain":0,"max_hp_loss":0,"event_name":"Mysterious Sphere","floor":45,"gold_loss":0},{"cards_removed":["Glutton:Strike"],"damage_healed":0,"gold_gain":0,"player_choice":"Took Card","damage_taken":0,"max_hp_gain":0,"max_hp_loss":0,"event_name":"NoteForYourself","floor":46,"gold_loss":0,"cards_obtained":["Iron Wave"]}],"is_beta":false,"boss_relics":[{"not_picked":["Fusion Hammer","Busted Crown"],"picked":"Glutton:DoggyBag"},{"not_picked":["Empty Cage","Snecko Eye"],"picked":"Velvet Choker"}],"items_purged_floors":[],"is_endless":false,"potions_floor_spawned":[1,6,12,16,19,20,24,31,33,35,38,41,47],"ascension_level":0}}