{"host":"m93bdsyxmbslumxy","time":1612259254,"event":{"mods":["Arknights","Bard","Bartender","BaseMod","Beaked The Cultist","CapriCore","CatGirl Mod","ChefMod","Duelist Mod","Fiend Mod","Friendly Minions","Glutton Mod","Hermit","Hubris","Hunter ??","JesterMod","Jorbs\u0027s Wanderer Trilogy","Koishi","Luminous","Mad Scientist","Marisa????????","Minty Spire (QoL Compilation)","Reliquary","Remilia??????","Shade Mod","Shop Mod","Somnambulant","StSLib","The Alterego","The Animator","The Blackbeard","The Bladedancer","The Bug Knight","The Clintock","The Construct","The Cursed","The Death Knight","The Disciple","The Dragon Tamer","The Elementalist","The Exalted","The Florist","The Forsaken","The Gatherer","The Hierophant","The Immortal","The Judge","The Jungle","The Kombatant","The Marked","The Mystic","The Necromancer","The Runesmith","The Servant 0.9.4","The Valiant","The Witch","TheBandit","TheFirefly","TheHero","TheSurvivalist","TheSwordswoman","Warlord Emblem","Yohane!","Yuri Mod","thorton"],"gold_per_floor":[117,135,149,175,9,9,9,25,25,57,90,102,102,130,130,228,253,269,269,282,282,282],"floor_reached":21,"language":"ENG","playtime":2879,"items_purged":["animator:Defend"],"score":193,"play_id":"bf77af7e-0ab3-42c3-b827-0190f9971053","local_time":"20210202014734","is_ascension_mode":false,"campfire_choices":[{"data":"animator:Darkness","floor":6,"key":"SMITH"},{"floor":13,"key":"REST"},{"floor":15,"key":"REST"}],"circlet_count":0,"master_deck":["animator:Strike_Konosuba","animator:Defend_Konosuba","animator:Strike+1","animator:Strike","animator:Strike","animator:Defend","animator:Defend","animator:Kazuma","animator:Aqua","animator:Bozes","animator:Hakurou","animator:Shion","animator:Darkness+1","animator:Urushihara","animator:Kaijin","animator:Rider","animator:Nanami","animator:GazelDwargon","animator:ChaikaBohdan","animator:Gilgamesh+1","animator:Gillette","theDuelist:SummoningCurse","animator:Vesta+1"],"relics":["animator:VividPicture","animator:TheMissingPiece","animator:PurgingStone","theForsaken:PlagueMask","Bromod:ArcaneConsequence","reliquary:WeakTea","Bromod:ArcaneFury"],"acts_visited":["Exordium","TheCity"],"potions_floor_usage":[],"damage_taken":[{"damage":5,"enemies":"Small Slimes","floor":1,"turns":5},{"damage":1,"enemies":"Jaw Worm","floor":2,"turns":7},{"damage":7,"enemies":"Cultist","floor":3,"turns":6},{"damage":1,"enemies":"3 Louse","floor":4,"turns":4},{"damage":4,"enemies":"2 Fungi Beasts","floor":8,"turns":3},{"damage":3,"enemies":"Looter","floor":10,"turns":4},{"damage":60,"enemies":"Lagavulin","floor":11,"turns":10},{"damage":4,"enemies":"Lots of Slimes","floor":12,"turns":8},{"damage":9,"enemies":"3 Sentries","floor":14,"turns":11},{"damage":43,"enemies":"Hexaghost","floor":16,"turns":14},{"damage":13,"enemies":"Chosen","floor":18,"turns":8},{"damage":48,"enemies":"3 Byrds","floor":20,"turns":8},{"damage":21,"enemies":"Snake Plant","floor":21,"turns":3}],"seed_played":"4588011689906444819","potions_obtained":[{"floor":2,"key":"Explosive Potion"},{"floor":4,"key":"SpeedPotion"},{"floor":14,"key":"FairyPotion"}],"is_trial":false,"path_per_floor":["M","M","M","M","$","R","?","M","T","M","E","M","R","E","R","B",null,"M","?","M","M"],"character_chosen":"THE_ANIMATOR","items_purchased":["animator:Urushihara"],"campfire_rested":2,"item_purchase_floors":[5],"current_hp_per_floor":[69,70,65,66,66,66,66,64,64,63,5,3,24,17,38,19,73,62,62,16,0,0],"gold":282,"neow_bonus":"TEN_PERCENT_HP_BONUS","is_daily":false,"chose_seed":false,"campfire_upgraded":1,"win_rate":0.0,"timestamp":1612259254,"path_taken":["M","M","M","M","$","R","?","M","T","M","E","M","R","E","R","BOSS","M","?","M","M"],"items_purchased_type":["Card"],"build_version":"2020-12-22","purchased_purges":1,"victory":false,"max_hp_per_floor":[72,72,72,72,72,72,72,72,72,72,72,72,72,72,72,73,73,73,73,73,73,73],"card_choices":[{"not_picked":["animator:Spearman","animator:LizardPriest"],"picked":"animator:Bozes","floor":1},{"not_picked":["animator:Cocytus","animator:Priestess"],"picked":"animator:Hakurou","floor":2},{"not_picked":["animator:Bozes","animator:Elsword"],"picked":"animator:Shion","floor":3},{"not_picked":["animator:Eris","animator:Verdia"],"picked":"animator:Darkness","floor":4},{"not_picked":["animator:Arpeggio","animator:Alexander"],"picked":"animator:Kaijin","floor":8},{"not_picked":["animator:Vanir","animator:TsurugaMeisai"],"picked":"animator:Rider","floor":10},{"not_picked":["animator:Bozes","animator:ZankiKiguchi"],"picked":"animator:Nanami","floor":11},{"not_picked":["animator:Shuna","animator:Hakurou"],"picked":"animator:GazelDwargon","floor":12},{"not_picked":["animator:Cocytus","animator:Sebas"],"picked":"animator:ChaikaBohdan","floor":14},{"not_picked":["animator:ItamiYouji","animator:SwordMaiden"],"picked":"animator:Gilgamesh","floor":16},{"not_picked":["animator:Berserker+1","animator:HighElfArcher"],"picked":"animator:Gillette","floor":18},{"not_picked":["animator:Kazuma+1","animator:Verdia"],"picked":"animator:Vesta+1","floor":20}],"player_experience":2278,"relics_obtained":[{"floor":9,"key":"Bromod:ArcaneConsequence"},{"floor":11,"key":"reliquary:WeakTea"},{"floor":14,"key":"Bromod:ArcaneFury"}],"event_choices":[{"damage_healed":0,"gold_gain":0,"player_choice":"Obtain Plague Curse","damage_taken":0,"max_hp_gain":0,"max_hp_loss":0,"event_name":"Plague Doctor","floor":7,"gold_loss":0,"cards_obtained":["theForsaken:PlagueCurse"]},{"damage_healed":0,"gold_gain":0,"cards_transformed":["theForsaken:PlagueCurse"],"player_choice":"Transformed","damage_taken":0,"max_hp_gain":0,"max_hp_loss":0,"event_name":"Transmorgrifier","floor":19,"gold_loss":0,"cards_obtained":["theDuelist:SummoningCurse"]}],"is_beta":false,"boss_relics":[{"not_picked":["SlaversCollar","Coffee Dripper"],"picked":"animator:VividPicture"}],"items_purged_floors":[5],"is_endless":false,"potions_floor_spawned":[2,4,14],"killed_by":"Snake Plant","ascension_level":0}}