{"host":"pgm1p3lvdjflie30","time":1612261364,"event":{"mods":["ATMod(阿瑾Mod)","AchievementEnabler","Aspiration","BaseMod","Colored Map","Colored Powertips","Conspire","Dark Map","Dota2Spire","Energized Spire","Highlight Path","Minty Spire (QoL Compilation)","MostiFishMod","Quarter Circle Forward PUNCH!","Quick Restart","Replay The Spire","SOS（斯巴?之子）","Spicy Shops","StSLib","TestMod","The IronCluck","The Jungle","Waifu the Spire","【?物卡牌】REMEMod","篝火指南"],"gold_per_floor":[114,114,114,126,126,155,155,221,221,255,255,255,269,669,669,814,814,878,878,913,913,979,1021,1021,1051,1123,1172,1218,11,11,11,11,118,118,146,146,190,30,51,74,74,150,150,150,175,223,223,275,7,49,49,90,90,90,32,120,56],"floor_reached":58,"language":"ZHS","playtime":2167,"items_purged":["Defend_Dante","Decay","Defend_Dante"],"score":1628,"play_id":"f48c7f5f-4445-40a2-9ad5-562c51350153","local_time":"20210202182244","is_ascension_mode":false,"campfire_choices":[{"floor":7,"key":"RECALL"},{"data":"AT_OneInchPunch","floor":11,"key":"SMITH"},{"data":"Redorb","floor":15,"key":"SMITH"},{"data":"Royalguard","floor":24,"key":"SMITH"},{"data":"Perfected Strike","floor":32,"key":"SMITH"},{"data":"REME_ACTH","floor":41,"key":"SMITH"},{"data":"Swift Strike","floor":47,"key":"SMITH"},{"data":"Flex","floor":51,"key":"SMITH"},{"data":"Cleave","floor":54,"key":"SMITH"}],"circlet_count":0,"master_deck":["Attack_a","Attack_a","Attack_b","Shoot","Provocation","Defend_Dante","Redorb+1","MostiFishMod:ChineseTea","AT_OneInchPunch+1","Weaponchange","Chargeshoot2","Goldorb","EbonyIvory","Stinger","Greenorb","Royalguard+1","Stinger+1","Gunstinger+1","Riddle With Holes+1","SSScard","Cleave+1","testmod-PerfectCombo+1","Swift Strike+1","Perfected Strike+1","Jack Of All Trades","REME_ACTH+1","MostiFishMod:Mottled","Flex+1","Conclude+1","Replay:BluntJabs","Deflect","Compile Driver","SashWhip+1","REME_ForAll","Panacea+1","Skewer+1","Mind Blast+1","Sucker Punch+1","Shame","Steam Power+1"],"relics":["SSS","Combocheck","AT_ATBox","REME_ComplimentaryCards","DaveBox","PatriotShield","testmod-IndustrialRevolution","NeowsBlessing","SynthV:TestCard","PreservedInsect","AT_TrinityForce","PrismaticShard","testmod-ThousandKnives","Frozen Egg 2","Regal Pillow","Durian","BargainBundle","conspire:TreasureMap","testmod-LifeArmor","qcfpunch:School_Backpack","Nloth\u0027s Gift","GreenFoldingFan","ReplayTheSpireMod:TigerMarble","Lantern","ReplayTheSpireMod:Lightbulb","AT_BellowingDragoncrestRing","Molten Egg 2","Gremlin Food","Boot","AT_MibuBalloonWealth","Mercury Hourglass"],"acts_visited":["Exordium","TheCity","TheBeyond","TheEnding"],"potions_floor_usage":[16,16,25,33,33,37,50,50,57,57,57,57],"damage_taken":[{"damage":0,"enemies":"2 Louse","floor":1,"turns":2},{"damage":0,"enemies":"Small Slimes","floor":4,"turns":1},{"damage":0,"enemies":"3 Sentries","floor":6,"turns":1},{"damage":0,"enemies":"Cultist","floor":8,"turns":2},{"damage":0,"enemies":"Looter","floor":10,"turns":2},{"damage":0,"enemies":"3 Louse","floor":13,"turns":2},{"damage":23,"enemies":"The Guardian","floor":16,"turns":4},{"damage":0,"enemies":"3 Byrds","floor":18,"turns":4},{"damage":0,"enemies":"Shell Parasite","floor":20,"turns":2},{"damage":0,"enemies":"3 Cultists","floor":22,"turns":2},{"damage":0,"enemies":"Book of Stabbing","floor":23,"turns":1},{"damage":0,"enemies":"Centurion and Healer","floor":25,"turns":3},{"damage":3,"enemies":"Sentry and Sphere","floor":27,"turns":3},{"damage":0,"enemies":"conspire:Head Lice","floor":28,"turns":2},{"damage":0,"enemies":"Collector","floor":33,"turns":2},{"damage":7,"enemies":"3 Shapes","floor":35,"turns":3},{"damage":4,"enemies":"conspire:MimicChest","floor":37,"turns":3},{"damage":2,"enemies":"Orb Walker","floor":39,"turns":1},{"damage":2,"enemies":"Giant Head","floor":42,"turns":2},{"damage":2,"enemies":"Sphere and 2 Shapes","floor":46,"turns":2},{"damage":2,"enemies":"Nemesis","floor":48,"turns":1},{"damage":2,"enemies":"Transient","floor":50,"turns":3},{"damage":4,"enemies":"Time Eater","floor":52,"turns":5},{"damage":2,"enemies":"Shield and Spear","floor":56,"turns":1},{"damage":31,"enemies":"The Heart","floor":57,"turns":4}],"seed_played":"-19689787201491704","potions_obtained":[{"floor":4,"key":"PowerPotion"},{"floor":8,"key":"Flashbang"},{"floor":10,"key":"Explosive Potion"},{"floor":20,"key":"Dota2Spire:HealingSalve"},{"floor":22,"key":"Dota2Spire:HealingSalve"},{"floor":27,"key":"GamblersBrew"},{"floor":33,"key":"Energy Potion"},{"floor":37,"key":"testmod-SpacePotion"},{"floor":42,"key":"Block Potion"},{"floor":50,"key":"BlessingOfTheForge"},{"floor":56,"key":"Toxic Potion"}],"is_trial":false,"path_per_floor":["M","$","?","M","$","E","R","M","T","M","R","?","M","?","R_BF","B",null,"M","?","M","?","M","E","R","M","T","M","E","$","?","?","R","B",null,"M","?","?","$","M","T","R","E","PTL","PTL","T","M","R","E","$","M","R","B",null,"R","$","E","B",null],"character_chosen":"DANTE","items_purchased":["qcfpunch:Unceasing_Flame","Durian","BargainBundle","conspire:TreasureMap","testmod-LifeArmor","qcfpunch:School_Backpack","Energy Potion","ColorlessPotion","Lantern","Boot","AT_MibuBalloonWealth"],"campfire_rested":0,"item_purchase_floors":[29,29,29,29,29,29,29,29,38,49,55],"current_hp_per_floor":[80,80,80,80,80,80,80,80,80,80,80,80,80,80,80,61,80,80,72,80,80,80,80,80,80,80,80,80,85,85,85,85,85,85,85,85,85,85,85,85,85,85,85,85,85,83,83,85,85,85,85,85,85,85,85,85,71],"gold":56,"neow_bonus":"THREE_ENEMY_KILL","is_daily":false,"chose_seed":false,"campfire_upgraded":8,"win_rate":0.0,"timestamp":1612261364,"path_taken":["M","$","?","M","$","E","R","M","T","M","R","?","?","?","R_BF","BOSS","M","?","M","?","?","E","R","M","T","M","E","$","?","?","R","BOSS","M","?","?","?","M","?","R","E","PTL","PTL","T","M","R","E","$","?","R","BOSS","R","$","E","BOSS"],"items_purchased_type":["Relic","Relic","Relic","Relic","Relic","Relic","Potion","Potion","Relic","Relic","Relic"],"build_version":"2020-12-22","purchased_purges":3,"victory":true,"max_hp_per_floor":[80,80,80,80,80,80,80,80,80,80,80,80,80,80,80,80,80,80,80,80,80,80,80,80,80,80,80,80,85,85,85,85,85,85,85,85,85,85,85,85,85,85,85,85,85,85,85,85,85,85,85,85,85,85,85,85,95],"card_choices":[{"not_picked":["LucifercomboA","Splesh"],"picked":"Weaponchange","floor":1},{"not_picked":["GilgameshcomboA","EbonyIvory","BeastUppercut","Airhike"],"picked":"Chargeshoot2","floor":4},{"not_picked":["Gilgamesh","LucifercomboB","Whiteorb","Shock"],"picked":"Goldorb","floor":6},{"not_picked":["LucifercomboC","BeastUppercut","Dash1","Hightime"],"picked":"EbonyIvory","floor":8},{"not_picked":["Weaponupgrade","Hightime","Gunslinger","Honeycombofire"],"picked":"Stinger","floor":10},{"not_picked":["Holywater","DevilstarL","EbonyIvory","Fullhouse"],"picked":"Greenorb","floor":13},{"not_picked":["Trickster","Goldorb","Stylechange","Airtrick"],"picked":"Royalguard","floor":16},{"not_picked":["LucifercomboA","Greenorb","Fullhouse+1","Chargeshoot"],"picked":"Stinger+1","floor":18},{"not_picked":["Airhike","LucifercomboA","VitalstarS","Swordmaster"],"picked":"Gunstinger+1","floor":19},{"not_picked":["Body Slam","Go for the Eyes+1","testmod-AssimilatedRune","Blind"],"picked":"Riddle With Holes+1","floor":20},{"not_picked":["REME_DataAnalysis+1","Straight","MostiFishMod:LegendTransform","Entrench"],"picked":"Cleave","floor":22},{"not_picked":["Blade Dance","Poisoned Stab","Secret Weapon","testmod-TemporaryDeletion+1"],"picked":"testmod-PerfectCombo+1","floor":23},{"not_picked":["VitalstarS+1","ReplayTheSpireMod:Speed Training","Double Energy","AT_CelerityRune"],"picked":"Swift Strike","floor":25},{"not_picked":["testmod-Bloodthirsty","ReplaySolidLightProjector","Dagger Throw","Clash"],"picked":"Perfected Strike","floor":27},{"not_picked":["Creative AI+1","Dash2+1","Prostrate","Replay:Anticipation"],"picked":"Jack Of All Trades","floor":28},{"not_picked":["Replay:Many Hands","MostiFishMod:TemporaryOutbreak+1"],"picked":"REME_ACTH","floor":33},{"not_picked":["Amplify","Master of Strategy","Thinking Ahead","Impervious"],"picked":"MostiFishMod:Mottled","floor":33},{"not_picked":["Clash","AT_BodySlamDance"],"picked":"Flex","floor":35},{"not_picked":["Millionstab","ReplayReversal","Replay:Bootleg Shield Generator","AT_HeatAcrobatics"],"picked":"Conclude+1","floor":35},{"not_picked":["Evaluate","Wallop"],"picked":"Replay:BluntJabs","floor":37},{"not_picked":["Clash+1","Hello World+1","AT_HeatAcrobatics","AT_WindRun+1"],"picked":"Deflect","floor":37},{"not_picked":["Barrage","MostiFishMod:PushDownKick"],"picked":"Compile Driver","floor":39},{"not_picked":["Wraith Form v2+1","Rebound+1","AT_MachinaRedman","Straight"],"picked":"SashWhip+1","floor":39},{"not_picked":["Buffer+1","MostiFishMod:Culaccino"],"picked":"REME_ForAll","floor":42},{"not_picked":["AT_StudyProgram+1","conspire:DoublingDagger","Rebellion+1","Replay:Hum"],"picked":"Panacea+1","floor":42},{"not_picked":["Hightime+1","MostiFishMod:BrandingRite+1","REME_CopyPotion","Sadistic Nature+1"],"picked":"Skewer+1","floor":46},{"not_picked":["testmod-RepeatForm+1","Self Repair+1","Dark Embrace+1","Turbo+1"],"picked":"Mind Blast+1","floor":48},{"not_picked":["Rip and Tear+1","Shrug It Off+1","Rebound+1","MostiFishMod:Galeforce+1"],"picked":"Sucker Punch+1","floor":50},{"not_picked":["Fire Breathing+1","Chaos+1","Escape Plan+1","Panic Button"],"picked":"Steam Power+1","floor":56}],"player_experience":233793,"relics_obtained":[{"floor":1,"key":"SynthV:TestCard"},{"floor":6,"key":"PreservedInsect"},{"floor":19,"key":"PrismaticShard"},{"floor":23,"key":"testmod-ThousandKnives"},{"floor":26,"key":"Frozen Egg 2"},{"floor":28,"key":"Regal Pillow"},{"floor":37,"key":"ReplayTheSpireMod:TigerMarble"},{"floor":40,"key":"ReplayTheSpireMod:Lightbulb"},{"floor":42,"key":"AT_BellowingDragoncrestRing"},{"floor":45,"key":"Molten Egg 2"},{"floor":48,"key":"Gremlin Food"},{"floor":56,"key":"Mercury Hourglass"}],"event_choices":[{"cards_removed":["Defend_Dante"],"damage_healed":0,"gold_gain":0,"player_choice":"Purged","damage_taken":0,"max_hp_gain":0,"max_hp_loss":0,"event_name":"Purifier","floor":12,"gold_loss":0},{"damage_healed":0,"gold_gain":400,"player_choice":"Sell","damage_taken":0,"max_hp_gain":0,"max_hp_loss":0,"event_name":"恩洛斯的?子","floor":14,"relics_lost":["testmod-TestBox"],"gold_loss":0},{"damage_healed":0,"gold_gain":0,"player_choice":"Read","damage_taken":0,"max_hp_gain":0,"max_hp_loss":0,"event_name":"The Library","floor":21,"gold_loss":0,"cards_obtained":["SSScard"]},{"damage_healed":0,"gold_gain":0,"player_choice":"Swap Relic","damage_taken":0,"relics_obtained":["Replay:Accelerometer"],"max_hp_gain":0,"max_hp_loss":0,"event_name":"?自己的盒子","floor":30,"relics_lost":["Replay:Accelerometer"],"gold_loss":0},{"damage_healed":0,"gold_gain":0,"player_choice":"Traded Relic","damage_taken":0,"relics_obtained":["Nloth\u0027s Gift"],"max_hp_gain":0,"max_hp_loss":0,"event_name":"N\u0027loth","floor":31,"relics_lost":["qcfpunch:Unceasing_Flame"],"gold_loss":0},{"damage_healed":0,"gold_gain":0,"player_choice":"Ignored","damage_taken":0,"max_hp_gain":0,"max_hp_loss":0,"event_name":"Mysterious Sphere","floor":36,"gold_loss":0}],"is_beta":false,"boss_relics":[{"not_picked":["ReplayTheSpireMod:DimensionalGlitch","testmod-IncinerationGenerator"],"picked":"AT_TrinityForce"},{"not_picked":["Runic Pyramid","RhineCircuit"],"picked":"GreenFoldingFan"}],"items_purged_floors":[29,38,49],"is_endless":false,"potions_floor_spawned":[4,8,10,13,20,22,27,33,35,37,42,50,56],"ascension_level":0}}