{"host":"oehe2dxjvdgux73m","time":1612269619,"event":{"mods":["AchievementEnabler","BaseMod","Colored Map","Colored Powertips","DeckTracker","Keyboard Shortcuts","Minty Spire (QoL Compilation)","Permanent Neow","Quick Restart","StSLib","SuperFastMode"],"gold_per_floor":[116,116,140,290,309,309,348,348,348,348,42,42,42,42],"floor_reached":13,"language":"KOR","playtime":455,"items_purged":[],"score":146,"play_id":"7254c332-53fe-43cf-9a73-c3811581ffdd","local_time":"20210202214019","is_ascension_mode":true,"campfire_choices":[{"data":"Armaments","floor":6.0,"key":"SMITH"},{"data":"Body Slam","floor":8.0,"key":"SMITH"}],"circlet_count":0,"master_deck":["AscendersBane","Strike_R","Strike_R","Strike_R","Defend_R","Defend_R","Defend_R","Defend_R","Bash","Carnage","Body Slam+1","Headbutt","Armaments+1","Feel No Pain","Apotheosis","Shockwave","Battle Trance","Pommel Strike","True Grit"],"relics":["Burning Blood","Golden Idol","The Courier","Pear","Bird Faced Urn","Orrery"],"acts_visited":["Exordium"],"potions_floor_usage":[],"damage_taken":[{"damage":5.0,"enemies":"Small Slimes","floor":1.0,"turns":3.0},{"damage":4.0,"enemies":"2 Louse","floor":3.0,"turns":3.0},{"damage":7.0,"enemies":"Jaw Worm","floor":5.0,"turns":3.0},{"damage":18.0,"enemies":"Lagavulin","floor":7.0,"turns":6.0},{"damage":13,"enemies":"3 Sentries","floor":13,"turns":3}],"seed_played":"-4698032470260778066","potions_obtained":[{"floor":1.0,"key":"Energy Potion"},{"floor":5.0,"key":"EssenceOfSteel"}],"is_trial":false,"path_per_floor":["M","?","M","?","M","R","E","R","T","?","$","?","E"],"character_chosen":"IRONCLAD","items_purchased":["Apotheosis","Orrery"],"campfire_rested":0,"item_purchase_floors":[11,11],"current_hp_per_floor":[51,51,53,53,52,52,40,40,50,24,24,24,11,11],"gold":42,"neow_bonus":"TRANSFORM_TWO_CARDS","is_daily":false,"chose_seed":false,"campfire_upgraded":2,"win_rate":0.0,"timestamp":1612269619,"path_taken":["M","?","M","?","?","R","E","R","T","?","$","?","E"],"items_purchased_type":["Card","Relic"],"build_version":"2020-12-22","purchased_purges":0,"victory":false,"max_hp_per_floor":[75,68,68,68,68,68,68,68,78,78,78,78,78,78],"card_choices":[{"not_picked":["Rage","Anger","Cleave"],"picked":"SKIP","floor":1.0},{"not_picked":["Havoc","Warcry"],"picked":"Headbutt","floor":3.0},{"not_picked":["Hemokinesis","Anger"],"picked":"Armaments","floor":5.0},{"not_picked":["Body Slam","Blood for Blood"],"picked":"Feel No Pain","floor":7.0},{"not_picked":["Metallicize","Demon Form"],"picked":"Shockwave","floor":11.0},{"not_picked":["Twin Strike","Clothesline"],"picked":"Battle Trance","floor":11.0},{"not_picked":["Dropkick","Wild Strike"],"picked":"Pommel Strike","floor":11.0},{"not_picked":["Dropkick","Wild Strike"],"picked":"True Grit","floor":11.0}],"player_experience":350655,"relics_obtained":[{"floor":7.0,"key":"The Courier"},{"floor":9.0,"key":"Pear"}],"event_choices":[{"damage_healed":0.0,"max_hp_gain":0.0,"max_hp_loss":7.0,"gold_gain":0.0,"event_name":"Golden Idol","player_choice":"Lose Max HP","floor":2.0,"gold_loss":0.0,"damage_taken":0.0,"relics_obtained":["Golden Idol"]},{"damage_healed":0.0,"max_hp_gain":0.0,"max_hp_loss":0.0,"gold_gain":150.0,"event_name":"Liars Game","player_choice":"AGREE","floor":4.0,"gold_loss":0.0,"damage_taken":0.0,"cards_obtained":["Doubt"]},{"damage_healed":0.0,"max_hp_gain":0.0,"max_hp_loss":0.0,"gold_gain":0.0,"event_name":"Scrap Ooze","player_choice":"Success","floor":10.0,"gold_loss":0.0,"damage_taken":26.0,"relics_obtained":["Bird Faced Urn"]},{"cards_removed":["Doubt"],"damage_healed":0.0,"max_hp_gain":0.0,"max_hp_loss":0.0,"gold_gain":0.0,"event_name":"Living Wall","player_choice":"Forget","floor":12.0,"gold_loss":0.0,"damage_taken":0.0}],"is_beta":false,"boss_relics":[],"items_purged_floors":[],"is_endless":false,"potions_floor_spawned":[1,5],"killed_by":"3 Sentries","ascension_level":16}}