{"host":"b9sas8jv6tsy9swm","time":1612230121,"event":{"mods":["AchievementEnabler","BaseMod","Minty Spire (QoL Compilation)","Permanent Neow","Quick Restart","Replay The Spire","StSLib"],"gold_per_floor":[17,17,38,124,124,160,160,176,201,248,248,266,288,213,213,213,213],"floor_reached":16,"language":"ZHS","playtime":576,"items_purged":["Strike_G"],"score":149,"play_id":"de59d5bb-8bd5-4110-a809-6862344ea0d6","local_time":"20210202094201","is_ascension_mode":true,"campfire_choices":[{"data":"Noxious Fumes","floor":7,"key":"SMITH"},{"floor":11,"key":"REST"}],"circlet_count":0,"master_deck":["Strike_G","Strike_G","Strike_G","Strike_G","Defend_G","Defend_G","Defend_G","Defend_G","Defend_G","Survivor","Neutralize","Noxious Fumes+1","Deadly Poison","Well Laid Plans+1","Atom Bomb","Bouncing Flask"],"relics":["Ring of the Snake","Basket Of Snakes","Golden Idol","Replay:Mystery Machine","Boot","CeramicFish","Tough Bandages"],"acts_visited":["Exordium"],"potions_floor_usage":[6,10],"damage_taken":[{"damage":1,"enemies":"Jaw Worm","floor":1,"turns":3},{"damage":0,"enemies":"2 Louse","floor":3,"turns":3},{"damage":15,"enemies":"3 Sentries","floor":6,"turns":8},{"damage":5,"enemies":"Cultist","floor":8,"turns":4},{"damage":24,"enemies":"Gremlin Nob","floor":10,"turns":5},{"damage":4,"enemies":"Blue Slaver","floor":12,"turns":4},{"damage":4,"enemies":"Red Slaver","floor":13,"turns":5},{"damage":28,"enemies":"Slime Boss","floor":16,"turns":5}],"seed_played":"2188639287856679595","potions_obtained":[{"floor":3,"key":"FearPotion"},{"floor":4,"key":"Flashbang"},{"floor":4,"key":"Toxic Potion"},{"floor":15,"key":"Weak Potion"},{"floor":15,"key":"CultistPotion"}],"is_trial":false,"path_per_floor":["M","?","M","?","?","E","R","M","T","E","R","M","M","$","R","B"],"character_chosen":"THE_SILENT","items_purchased":[],"campfire_rested":1,"item_purchase_floors":[],"current_hp_per_floor":[62,62,62,62,62,47,47,42,42,18,37,33,29,29,29,1,1],"gold":213,"neow_bonus":"ONE_RARE_RELIC","is_daily":false,"chose_seed":false,"campfire_upgraded":1,"win_rate":0.0,"timestamp":1612230121,"path_taken":["M","?","M","?","?","E","R","M","T","E","R","M","M","$","R","BOSS"],"items_purchased_type":[],"build_version":"2020-12-22","purchased_purges":1,"victory":false,"max_hp_per_floor":[70,65,65,65,65,65,65,65,65,65,65,65,65,65,65,65,65],"card_choices":[{"not_picked":["Dagger Spray","Leg Sweep"],"picked":"Noxious Fumes","floor":1},{"not_picked":["Slice","Sucker Punch"],"picked":"Deadly Poison","floor":3},{"not_picked":["Acrobatics","Hidden Blade"],"picked":"Escape Plan","floor":4},{"not_picked":["Outmaneuver","Blade Dance","Sucker Punch"],"picked":"SKIP","floor":6},{"not_picked":["Cloak And Dagger","Acrobatics","Outmaneuver"],"picked":"SKIP","floor":8},{"not_picked":["Dodge and Roll","Draining Mist"],"picked":"Atom Bomb","floor":10},{"not_picked":["Outmaneuver","Reflex","Finisher"],"picked":"SKIP","floor":12},{"not_picked":["Deflect","Dodge and Roll"],"picked":"Bouncing Flask","floor":13}],"player_experience":426784,"relics_obtained":[{"floor":4,"key":"Replay:Mystery Machine"},{"floor":6,"key":"Boot"},{"floor":9,"key":"CeramicFish"},{"floor":10,"key":"Tough Bandages"}],"event_choices":[{"damage_healed":0,"gold_gain":0,"player_choice":"Lose Max HP","damage_taken":0,"relics_obtained":["Golden Idol"],"max_hp_gain":0,"max_hp_loss":5,"event_name":"Golden Idol","floor":2,"gold_loss":0}],"is_beta":false,"boss_relics":[],"items_purged_floors":[14],"is_endless":false,"potions_floor_spawned":[3],"killed_by":"Slime Boss","ascension_level":7}}