{"host":"e3jr8cs0hrgde9ri","time":1612284849,"event":{"mods":["2.2 Compatiblity","BaseMod","Highlight Path","Minty Spire (QoL Compilation)","Permanent Neow","Quick Restart","SuperFastMode"],"gold_per_floor":[119,145,157,167,167,200,200,529,607,607,621,638,638,638,638,711,711,730,730,441,461,479,479,479],"floor_reached":23,"language":"ENG","playtime":451,"items_purged":["Strike_P"],"score":402,"play_id":"43e42a38-7987-45fb-88b4-655bc4bc2863","local_time":"20210202085409","is_ascension_mode":true,"campfire_choices":[{"floor":7.0,"key":"REST"},{"floor":10.0,"key":"REST"},{"floor":13.0,"key":"REST"},{"floor":15.0,"key":"RECALL"}],"circlet_count":0,"master_deck":["AscendersBane","Strike_P","Strike_P","Strike_P","Defend_P","Defend_P","Defend_P","Defend_P","Eruption","Vigilance","Fasting2","ReachHeaven","BowlingBash","Judgement","Vengeance","ReachHeaven","DevaForm","Wallop","Fasting2","Protect"],"relics":["Fusion Hammer","MealTicket","Omamori","Kunai","Old Coin","Bottled Flame","Calling Bell","Regal Pillow","Letter Opener","Shovel","Oddly Smooth Stone"],"acts_visited":["Exordium","TheCity"],"potions_floor_usage":[],"damage_taken":[{"damage":0.0,"enemies":"Cultist","floor":1.0,"turns":2.0},{"damage":11.0,"enemies":"Small Slimes","floor":3.0,"turns":5.0},{"damage":0.0,"enemies":"Jaw Worm","floor":4.0,"turns":4.0},{"damage":21.0,"enemies":"Lagavulin","floor":6.0,"turns":6.0},{"damage":16.0,"enemies":"Gremlin Nob","floor":8.0,"turns":3.0},{"damage":0.0,"enemies":"Exordium Wildlife","floor":11.0,"turns":2.0},{"damage":2.0,"enemies":"Large Slime","floor":12.0,"turns":4.0},{"damage":28.0,"enemies":"The Guardian","floor":16.0,"turns":7.0},{"damage":36.0,"enemies":"Chosen","floor":18.0,"turns":4.0},{"damage":0.0,"enemies":"Spheric Guardian","floor":21.0,"turns":1.0},{"damage":10.0,"enemies":"Centurion and Healer","floor":22.0,"turns":4.0},{"damage":47,"enemies":"Book of Stabbing","floor":23,"turns":4}],"seed_played":"-257061130694292905","potions_obtained":[{"floor":3.0,"key":"BottledMiracle"},{"floor":11.0,"key":"Dexterity Potion"},{"floor":12.0,"key":"Weak Potion"}],"is_trial":false,"path_per_floor":["M","T","M","M","?","E","R","E","T","R","M","M","R","?","R","B",null,"M","?","$","M","M","E"],"character_chosen":"WATCHER","items_purchased":["Oddly Smooth Stone","Fasting2"],"campfire_rested":3,"item_purchase_floors":[20,20],"current_hp_per_floor":[61,61,50,50,50,29,49,33,33,53,53,51,68,73,73,45,66,30,30,45,45,35,0,0],"gold":479,"neow_bonus":"BOSS_RELIC","is_daily":false,"chose_seed":false,"campfire_upgraded":0,"win_rate":0.0,"timestamp":1612284849,"path_taken":["M","?","M","M","?","E","R","E","T","R","M","?","R","?","R","BOSS","M","?","$","M","M","E"],"items_purchased_type":["Relic","Card"],"build_version":"2020-12-22","purchased_purges":1,"victory":false,"max_hp_per_floor":[68,68,68,68,68,68,68,68,68,68,68,68,68,73,73,73,73,73,73,73,73,73,73,73],"card_choices":[{"not_picked":["PathToVictory","FlyingSleeves","JustLucky"],"picked":"SKIP","floor":1.0},{"not_picked":["LikeWater","EmptyMind"],"picked":"Fasting2","floor":3.0},{"not_picked":["Nirvana","Sanctity"],"picked":"ReachHeaven","floor":4.0},{"not_picked":["WaveOfTheHand","ClearTheMind"],"picked":"BowlingBash","floor":6.0},{"not_picked":["BowlingBash","ClearTheMind"],"picked":"Judgement","floor":8.0},{"not_picked":["CutThroughFate","Prostrate"],"picked":"Vengeance","floor":11.0},{"not_picked":["ThirdEye","Crescendo"],"picked":"ReachHeaven","floor":12.0},{"not_picked":["Devotion","Blasphemy"],"picked":"DevaForm","floor":16.0},{"not_picked":["MentalFortress","Halt"],"picked":"Wallop","floor":18.0},{"not_picked":["Prostrate","SashWhip","FlurryOfBlows"],"picked":"SKIP","floor":21.0},{"not_picked":["CutThroughFate","ReachHeaven"],"picked":"Protect","floor":22.0}],"player_experience":1423139,"relics_obtained":[{"floor":2.0,"key":"MealTicket"},{"floor":6.0,"key":"Kunai"},{"floor":8.0,"key":"Old Coin"},{"floor":9.0,"key":"Bottled Flame"},{"floor":17.0,"key":"Regal Pillow"},{"floor":17.0,"key":"Letter Opener"},{"floor":17.0,"key":"Shovel"}],"event_choices":[{"damage_healed":0.0,"max_hp_gain":0.0,"max_hp_loss":0.0,"gold_gain":0.0,"event_name":"WeMeetAgain","player_choice":"Gave Potion","floor":5.0,"gold_loss":0.0,"damage_taken":0.0,"relics_obtained":["Omamori"]},{"damage_healed":0.0,"max_hp_gain":5.0,"max_hp_loss":0.0,"gold_gain":0.0,"event_name":"Big Fish","player_choice":"Donut","floor":14.0,"gold_loss":0.0,"damage_taken":0.0},{"damage_healed":0.0,"max_hp_gain":0.0,"max_hp_loss":0.0,"gold_gain":0.0,"event_name":"Ghosts","player_choice":"Ignored","floor":19.0,"gold_loss":0.0,"damage_taken":0.0}],"is_beta":false,"boss_relics":[{"not_picked":["Velvet Choker","Astrolabe"],"picked":"Calling Bell"}],"items_purged_floors":[20],"is_endless":false,"potions_floor_spawned":[3,11,12,16,18],"killed_by":"Book of Stabbing","ascension_level":20}}