{"host":"lv3zv4svf9qrs9uo","time":1612231761,"event":{"mods":["AchievementEnabler","BaseMod","Minty Spire (QoL Compilation)"],"gold_per_floor":[114,114,127,127,127,137,137,10,34,44,75,75,89,101,101,205,205,219,219,219,219,231,231,247,259,283,283,299,324,81,81,81,180,180,195,209,32,42,56,56,56,56,56,56,56,56,56,56,56,56,56],"floor_reached":50,"language":"ENG","playtime":3356,"items_purged":["Defend_P","Defend_P","Defend_P"],"score":512,"play_id":"438ced2b-05b4-4c10-a080-951e1c1cb359","local_time":"20210201180921","is_ascension_mode":false,"campfire_choices":[{"data":"Eruption","floor":7.0,"key":"SMITH"},{"floor":15.0,"key":"REST"},{"data":"WaveOfTheHand","floor":23.0,"key":"SMITH"},{"data":"Vigilance","floor":27.0,"key":"SMITH"},{"floor":32.0,"key":"REST"},{"data":"ReachHeaven","floor":40,"key":"SMITH"},{"data":"Strike_P","floor":44,"key":"SMITH"},{"data":"InnerPeace","floor":47,"key":"SMITH"},{"floor":49,"key":"RECALL"}],"circlet_count":0,"master_deck":["Strike_P+1","Eruption+1","Vigilance+1","ReachHeaven+1","WaveOfTheHand+1","FlurryOfBlows+1","InnerPeace+1"],"relics":["VioletLotus","Ice Cream","Orichalcum","Regal Pillow","Runic Pyramid","Damaru","Darkstone Periapt","TheAbacus","Coffee Dripper","Mango"],"acts_visited":["Exordium","TheCity","TheBeyond"],"potions_floor_usage":[39,46],"damage_taken":[{"damage":0.0,"enemies":"2 Louse","floor":1.0,"turns":3.0},{"damage":0.0,"enemies":"Small Slimes","floor":3.0,"turns":4.0},{"damage":1.0,"enemies":"Jaw Worm","floor":6.0,"turns":4.0},{"damage":11.0,"enemies":"Exordium Thugs","floor":10.0,"turns":3.0},{"damage":21.0,"enemies":"Lagavulin","floor":11.0,"turns":6.0},{"damage":0.0,"enemies":"2 Fungi Beasts","floor":13.0,"turns":2.0},{"damage":5.0,"enemies":"3 Louse","floor":14.0,"turns":2.0},{"damage":55.0,"enemies":"The Guardian","floor":16.0,"turns":14.0},{"damage":2.0,"enemies":"Spheric Guardian","floor":18.0,"turns":3.0},{"damage":8.0,"enemies":"2 Thieves","floor":22.0,"turns":3.0},{"damage":14.0,"enemies":"Centurion and Healer","floor":24.0,"turns":5.0},{"damage":16.0,"enemies":"Sentry and Sphere","floor":25.0,"turns":5.0},{"damage":3.0,"enemies":"Snake Plant","floor":28.0,"turns":3.0},{"damage":3.0,"enemies":"Book of Stabbing","floor":29.0,"turns":6.0},{"damage":0.0,"enemies":"Champ","floor":33.0,"turns":10.0},{"damage":4,"enemies":"3 Shapes","floor":35,"turns":4},{"damage":0,"enemies":"Orb Walker","floor":36,"turns":2},{"damage":0,"enemies":"4 Shapes","floor":38,"turns":5},{"damage":39,"enemies":"Writhing Mass","floor":39,"turns":4},{"damage":0,"enemies":"3 Darklings","floor":46,"turns":1},{"damage":0,"enemies":"Awakened One","floor":50,"turns":1}],"seed_played":"-1690464843051565479","potions_obtained":[{"floor":1.0,"key":"BottledMiracle"},{"floor":3.0,"key":"ColorlessPotion"},{"floor":10.0,"key":"ColorlessPotion"},{"floor":13.0,"key":"Weak Potion"},{"floor":16.0,"key":"Explosive Potion"},{"floor":25.0,"key":"Ancient Potion"},{"floor":29.0,"key":"FearPotion"},{"floor":39,"key":"SmokeBomb"}],"is_trial":false,"path_per_floor":["M","?","M","?","?","M","R","$","T","M","E","$","M","M","R","B",null,"M","?","?","?","M","R","M","M","T","R","M","E","$","?","R","B",null,"M","M","$","M","M","R","?","$","T","R","?","M","R","?","R","B"],"character_chosen":"WATCHER","items_purchased":["Dexterity Potion","TheAbacus","Block Potion"],"campfire_rested":2,"item_purchase_floors":[8,30,37],"current_hp_per_floor":[72,65,65,65,58,57,57,57,57,46,25,25,25,20,56,1,72,70,70,70,70,62,62,48,32,32,32,29,26,26,26,62,62,72,68,68,68,68,29,29,29,29,43,43,75,75,75,71,71,71,71],"gold":56,"neow_bonus":"BOSS_RELIC","is_daily":false,"chose_seed":false,"campfire_upgraded":6,"win_rate":0.0,"timestamp":1612231761,"path_taken":["M","?","M","?","?","M","R","?","T","?","E","$","M","M","R","BOSS","M","?","?","?","?","R","M","M","T","R","M","E","?","?","R","BOSS","M","M","$","M","M","R","?","$","T","R","?","M","R","?","R","BOSS"],"items_purchased_type":["Potion","Relic","Potion"],"build_version":"2020-12-22","purchased_purges":3,"victory":false,"max_hp_per_floor":[72,72,72,72,72,72,72,72,72,72,72,72,72,72,72,72,72,72,72,72,72,72,72,72,72,72,72,72,72,72,72,72,72,72,72,72,72,72,72,72,72,72,86,86,75,75,75,71,71,71,71],"card_choices":[{"not_picked":["Vengeance","Evaluate","CrushJoints"],"picked":"SKIP","floor":1.0},{"not_picked":["BowlingBash","Vengeance","Consecrate"],"picked":"SKIP","floor":3.0},{"not_picked":["MasterReality","WaveOfTheHand","FearNoEvil"],"picked":"SKIP","floor":6.0},{"not_picked":["Halt","PathToVictory","BowlingBash"],"picked":"SKIP","floor":10.0},{"not_picked":["Vengeance","Scrawl","Consecrate"],"picked":"SKIP","floor":11.0},{"not_picked":["Study","Halt","CarveReality"],"picked":"SKIP","floor":13.0},{"not_picked":["JustLucky","PathToVictory","Prostrate"],"picked":"SKIP","floor":14.0},{"not_picked":["PathToVictory+1","Crescendo+1","EmptyBody"],"picked":"SKIP","floor":18.0},{"not_picked":["Indignation","MentalFortress","ThirdEye"],"picked":"SKIP","floor":22.0},{"not_picked":["Vengeance","Fasting2","BowlingBash+1"],"picked":"SKIP","floor":24.0},{"not_picked":["Tantrum+1","Prostrate","Evaluate"],"picked":"SKIP","floor":25.0},{"not_picked":["Devotion","Wallop","Swivel"],"picked":"SKIP","floor":28.0},{"not_picked":["Wireheading","WaveOfTheHand","PathToVictory"],"picked":"SKIP","floor":29.0},{"not_picked":["Wireheading","ClearTheMind+1"],"picked":"FlurryOfBlows+1","floor":35},{"not_picked":["FlyingSleeves","ClearTheMind"],"picked":"InnerPeace","floor":36},{"not_picked":["JustLucky","SashWhip+1","Prostrate"],"picked":"SKIP","floor":38},{"not_picked":["Wallop","JustLucky+1","Alpha"],"picked":"SKIP","floor":39}],"player_experience":484881,"relics_obtained":[{"floor":9.0,"key":"Orichalcum"},{"floor":11.0,"key":"Regal Pillow"},{"floor":26.0,"key":"Damaru"},{"floor":29.0,"key":"Darkstone Periapt"},{"floor":43,"key":"Mango"}],"event_choices":[{"cards_removed":["Defend_P"],"damage_healed":0.0,"max_hp_gain":0.0,"max_hp_loss":0.0,"gold_gain":0.0,"event_name":"Golden Wing","player_choice":"Card Removal","floor":2.0,"gold_loss":0.0,"damage_taken":7.0},{"damage_healed":0.0,"max_hp_gain":0.0,"max_hp_loss":0.0,"gold_gain":0.0,"event_name":"Liars Game","player_choice":"Ignored","floor":4.0,"gold_loss":0.0,"damage_taken":0.0},{"damage_healed":0.0,"max_hp_gain":0.0,"max_hp_loss":0.0,"gold_gain":0.0,"event_name":"Scrap Ooze","player_choice":"Success","floor":5.0,"gold_loss":0.0,"damage_taken":7.0,"relics_obtained":["Ice Cream"]},{"damage_healed":0.0,"max_hp_gain":0.0,"max_hp_loss":0.0,"gold_gain":0.0,"event_name":"The Mausoleum","player_choice":"Ignored","floor":19.0,"gold_loss":0.0,"damage_taken":0.0},{"damage_healed":0.0,"max_hp_gain":0.0,"max_hp_loss":0.0,"gold_gain":0.0,"cards_transformed":["Strike_P","Strike_P"],"event_name":"Drug Dealer","player_choice":"Became Test Subject","floor":20.0,"gold_loss":0.0,"damage_taken":0.0,"cards_obtained":["ReachHeaven","WaveOfTheHand"]},{"damage_healed":0.0,"max_hp_gain":0.0,"max_hp_loss":0.0,"gold_gain":0.0,"event_name":"Vampires","player_choice":"Ignored","floor":21.0,"gold_loss":0.0,"damage_taken":0.0},{"cards_removed":["Strike_P"],"damage_healed":0.0,"max_hp_gain":0.0,"max_hp_loss":0.0,"gold_gain":0.0,"event_name":"Back to Basics","player_choice":"Elegance","floor":31.0,"gold_loss":0.0,"damage_taken":0.0},{"damage_healed":0,"gold_gain":0,"player_choice":"Ignored","damage_taken":0,"max_hp_gain":0,"max_hp_loss":0,"event_name":"Mysterious Sphere","floor":41,"gold_loss":0},{"damage_healed":75,"gold_gain":0,"player_choice":"Heal","damage_taken":0,"max_hp_gain":0,"max_hp_loss":11,"event_name":"The Moai Head","floor":45,"gold_loss":0},{"damage_healed":0,"gold_gain":0,"player_choice":"Max HP","damage_taken":0,"max_hp_gain":0,"max_hp_loss":4,"event_name":"Winding Halls","floor":48,"gold_loss":0}],"is_beta":false,"boss_relics":[{"not_picked":["Calling Bell","SlaversCollar"],"picked":"Runic Pyramid"},{"not_picked":["Runic Dome","Velvet Choker"],"picked":"Coffee Dripper"}],"items_purged_floors":[8,30,37],"is_endless":false,"potions_floor_spawned":[1,3,10,13,16,25,29,39],"killed_by":"Awakened One","ascension_level":0}}