{"host":"vhw5fdvi8l2afono","time":1612261778,"event":{"mods":["100% Spire Juice","Act Like it!","BaseMod","Gensokyo","Minty Spire (QoL Compilation)","Shop Mod","StSLib","Waifu the Spire","[IsaacMod]ÒÔÈö¼âËþ","¡¾ÒÅÎï¿¨ÅÆ¡¿REMEMod"],"gold_per_floor":[117,128,128,53,133,133,165,165,245,280,293,293,311,321,321,418,418,437,510,266,286,64,64,97,97,120,120,135,154,170,204,204,302,302,321,341,351,16,32,94,134,134,134,9,29,49,74,91,91,91],"floor_reached":51,"language":"ZHS","playtime":4935,"items_purged":["Strike_G","Strike_G","Strike_G"],"score":1509,"play_id":"c6ab3ad4-5449-448a-a697-dbe737d1b6ab","local_time":"20210202182938","is_ascension_mode":true,"campfire_choices":[{"data":"DoctorFetus","floor":6,"key":"SMITH"},{"data":"Crippling Poison","floor":8,"key":"SMITH"},{"data":"Seek","floor":15,"key":"SMITH"},{"data":"Well Laid Plans","floor":23,"key":"SMITH"},{"floor":25,"key":"REST"},{"floor":32,"key":"REST"},{"floor":42,"key":"REST"},{"floor":49,"key":"REST"}],"circlet_count":0,"master_deck":["Defend_G","Defend_G","Defend_G","Defend_G","Defend_G","Survivor","Neutralize","DoctorFetus+1","Seek+1","Crippling Poison+1","Acrobatics","Bane","Well Laid Plans+1","Poisoned Stab","Calculated Gamble+1","Venomology+1","Acrobatics+1","REME_GreenPollution","Noxious Fumes+1","Backflip+1","Bouncing Flask+1","Outmaneuver+1","Backflip+1","Phantasmal Killer+1","Footwork+1","Tactician+1","Backflip+1","Reflex+1","Reflex+1","Acrobatics+1","Tactician+1","Concentrate+1","Night Terror+1"],"relics":["Ring of the Snake","REME_ComplimentaryCards","HushsDoor","D6","NeowsBlessing","Oddly Smooth Stone","BookofShadows","Toxic Egg 2","Pear","Empty Cage","Question Card","REME_CardOfGreed","OrangePellets","PreservedInsect","REME_HandOfSuture","Gensokyo:ChorusOfJoy","Tingsha","Boot","Fusion Hammer","Orrery","DollysMirror","REME_PoisonedDagger","Strawberry","Paper Crane"],"acts_visited":["Gensokyo:Gensokyo","Gensokyo:Gensokyoer","Gensokyo:Gensokyoest"],"potions_floor_usage":[13,18,21,21,24,28,29,29,29,33,33,36,37,39,40,41,45,46,47,50],"damage_taken":[{"damage":0.0,"enemies":"Gensokyo:2_Kodama","floor":1.0,"turns":1.0},{"damage":0.0,"enemies":"Gensokyo:Gryphon","floor":2.0,"turns":1.0},{"damage":0,"enemies":"Gensokyo:Aya","floor":7,"turns":1},{"damage":7,"enemies":"Gensokyo:Mamizou","floor":10,"turns":5},{"damage":2,"enemies":"Gensokyo:3_Fairies","floor":11,"turns":5},{"damage":5,"enemies":"Gensokyo:CorruptedTreant","floor":13,"turns":4},{"damage":0,"enemies":"Gensokyo:2_Rabbits","floor":14,"turns":3},{"damage":11,"enemies":"Gensokyo:Reimu","floor":16,"turns":7},{"damage":4,"enemies":"Gensokyo:Chomper","floor":18,"turns":5},{"damage":6,"enemies":"Gensokyo:CosmicMonolith","floor":21,"turns":5},{"damage":46,"enemies":"Gensokyo:Koishi","floor":24,"turns":7},{"damage":7,"enemies":"Gensokyo:Mirror_and_Dog","floor":28,"turns":3},{"damage":16,"enemies":"Gensokyo:Slime_Group","floor":29,"turns":6},{"damage":3,"enemies":"Gensokyo:Swordslinger","floor":30,"turns":5},{"damage":0,"enemies":"Gensokyo:Reisen","floor":31,"turns":4},{"damage":5,"enemies":"Gensokyo:Kaguya","floor":33,"turns":9},{"damage":0,"enemies":"Gensokyo:3_Bats","floor":35,"turns":3},{"damage":0,"enemies":"Gensokyo:AncientGuardian","floor":36,"turns":3},{"damage":15,"enemies":"Gensokyo:AtlasGolem","floor":37,"turns":4},{"damage":0,"enemies":"Gensokyo:Dusk_and_Dawn","floor":39,"turns":3},{"damage":0,"enemies":"Gensokyo:Doremy","floor":40,"turns":4},{"damage":0,"enemies":"Gensokyo:3_Boulders","floor":41,"turns":2},{"damage":0,"enemies":"Gensokyo:SeedOfUnknown","floor":45,"turns":3},{"damage":0,"enemies":"Gensokyo:Rafflesia","floor":46,"turns":4},{"damage":18,"enemies":"Gensokyo:Marisa","floor":47,"turns":3},{"damage":0,"enemies":"Gensokyo:Dusk_and_Dawn","floor":48,"turns":2},{"damage":0,"enemies":"Gensokyo:Yuyuko","floor":50,"turns":4}],"seed_played":"-1044037060288633895","potions_obtained":[{"floor":7,"key":"GamblersBrew"},{"floor":10,"key":"Fruit Juice"},{"floor":13,"key":"DistilledChaos"},{"floor":16,"key":"Dexterity Potion"},{"floor":18,"key":"SkillPotion"},{"floor":24,"key":"SkillPotion"},{"floor":28,"key":"Regen Potion"},{"floor":41,"key":"Ancient Potion"}],"is_trial":false,"path_per_floor":["M","M","?","$","?","R","E","R","T","E","M","?","M","M","R","B",null,"M","T","$","M","COS","R","E","R","T","?","M","M","M","E","R","B",null,"M","M","M","COS","M","E","M","R","T","$","M","M","E","M","R","B",null],"character_chosen":"THE_SILENT","items_purchased":["REME_CardOfGreed"],"campfire_rested":4,"item_purchase_floors":[20],"current_hp_per_floor":[63,63,63,63,63,63,63,63,63,56,54,49,49,49,49,38,73,69,69,69,63,63,63,17,42,42,42,35,34,31,31,56,51,77,77,77,62,62,62,62,62,85,92,92,92,92,74,74,92,92],"gold":91,"neow_bonus":"THREE_ENEMY_KILL","is_daily":false,"chose_seed":false,"campfire_upgraded":4,"win_rate":0.0,"timestamp":1612261778,"path_taken":["M","M","?","?","?","R","E","R","T","E","M","?","M","M","R","BOSS","M","?","$","M","COS","R","E","R","T","?","?","M","M","E","R","BOSS","M","M","M","COS","M","E","M","R","T","$","M","M","E","M","R","BOSS"],"items_purchased_type":["Relic"],"build_version":"2020-12-22","purchased_purges":3,"victory":true,"max_hp_per_floor":[70,70,70,70,70,70,70,70,70,70,70,80,85,85,85,85,85,85,85,85,85,85,85,85,85,85,85,85,85,85,85,85,85,85,85,85,85,85,85,85,85,85,92,92,92,92,92,92,92,92],"card_choices":[{"not_picked":[],"picked":"DoctorFetus","floor":0.0},{"not_picked":["Eviscerate","All Out Attack"],"picked":"Crippling Poison","floor":1.0},{"not_picked":["Slice","Backstab"],"picked":"Acrobatics","floor":2.0},{"not_picked":["Outmaneuver","Flying Knee"],"picked":"Bane","floor":7},{"not_picked":["Poisoned Stab","Dodge and Roll+1"],"picked":"Well Laid Plans","floor":10},{"not_picked":["Heel Hook","Poisoned Stab","Blade Dance+1"],"picked":"SKIP","floor":11},{"not_picked":["Heel Hook","Blade Dance+1"],"picked":"Poisoned Stab","floor":11},{"not_picked":["Slice","Poisoned Stab","Well Laid Plans"],"picked":"SKIP","floor":13},{"not_picked":["Well Laid Plans","Distraction+1"],"picked":"Calculated Gamble+1","floor":14},{"not_picked":["A Thousand Cuts","Unload"],"picked":"Venomology+1","floor":16},{"not_picked":["Flying Knee+1","Dash+1"],"picked":"Acrobatics+1","floor":18},{"not_picked":["Sucker Punch+1","Infinite Blades","Bane"],"picked":"REME_GreenPollution","floor":21},{"not_picked":["Outmaneuver+1","Sucker Punch+1","Setup+1"],"picked":"Noxious Fumes+1","floor":24},{"not_picked":["Blade Dance+1","Leg Sweep+1","Dagger Throw"],"picked":"Backflip+1","floor":28},{"not_picked":["Expertise+1","Prepared+1","Blur+1"],"picked":"Bouncing Flask+1","floor":29},{"not_picked":["Setup+1","Slice","Noxious Fumes"],"picked":"Outmaneuver+1","floor":30},{"not_picked":["PiercingWail+1","Deadly Poison+1","Die Die Die"],"picked":"Backflip+1","floor":31},{"not_picked":["Grand Finale","Envenom","A Thousand Cuts"],"picked":"Phantasmal Killer+1","floor":33},{"not_picked":["Deadly Poison+1","Dash+1","Quick Slash","Accuracy+1"],"picked":"SKIP","floor":35},{"not_picked":["Dagger Throw+1","Blade Dance+1","Expertise+1"],"picked":"Footwork+1","floor":36},{"not_picked":["Outmaneuver+1","Skewer","Heel Hook"],"picked":"Tactician+1","floor":37},{"not_picked":["Skewer+1","Deflect+1","Acrobatics+1"],"picked":"Backflip+1","floor":38},{"not_picked":["Noxious Fumes","REME_GreenPollution","Heel Hook"],"picked":"Reflex+1","floor":38},{"not_picked":["Quick Slash+1","Backflip+1","Dagger Throw+1"],"picked":"Reflex+1","floor":38},{"not_picked":["Glass Knife","Poisoned Stab+1","REME_ShadowStrike"],"picked":"Acrobatics+1","floor":38},{"not_picked":["Dagger Spray","Choke+1","Dagger Throw+1","Slice+1"],"picked":"SKIP","floor":39},{"not_picked":["Skewer","Poisoned Stab","Glass Knife","REME_LeechingPoison+1"],"picked":"SKIP","floor":40},{"not_picked":["Leg Sweep+1","Finisher+1","Bane","Slice"],"picked":"SKIP","floor":41},{"not_picked":["Outmaneuver+1","Dagger Throw+1","Dodge and Roll+1","Distraction+1"],"picked":"SKIP","floor":45},{"not_picked":["Deadly Poison+1","Quick Slash+1","Heel Hook+1"],"picked":"Concentrate+1","floor":46},{"not_picked":["Backflip+1","Deadly Poison+1","Flying Knee","Cloak And Dagger+1"],"picked":"SKIP","floor":47},{"not_picked":["Prepared+1","Deflect+1","Flechettes"],"picked":"Night Terror+1","floor":48}],"player_experience":201435,"relics_obtained":[{"floor":7,"key":"Oddly Smooth Stone"},{"floor":9,"key":"BookofShadows"},{"floor":10,"key":"Toxic Egg 2"},{"floor":19,"key":"Question Card"},{"floor":24,"key":"PreservedInsect"},{"floor":26,"key":"REME_HandOfSuture"},{"floor":31,"key":"Boot"},{"floor":40,"key":"REME_PoisonedDagger"},{"floor":43,"key":"Strawberry"},{"floor":47,"key":"Paper Crane"}],"event_choices":[],"is_beta":false,"boss_relics":[{"not_picked":["Black Star","Velvet Choker"],"picked":"Empty Cage"},{"not_picked":[]},{"not_picked":["Runic Dome","Astrolabe"],"picked":"Fusion Hammer"},{"not_picked":[]}],"items_purged_floors":[4,20,44],"is_endless":false,"potions_floor_spawned":[7,10,13,16,18,24,28,31,35,39,41,46,47],"ascension_level":9}}