{"host":"b2j09bgckbzjrujr","time":1612242303,"event":{"mods":["AchievementEnabler","Aspiration","BaseMod","BetterRewards","Colored Map","Colored Powertips","Conspire","Friendly Minions","Infinite Spire","Marisa£®ÏF”Í°°ƒß¿Ì…≥£©","Minty Spire (QoL Compilation)","Quick Restart","Rare Cards Sparkle","Reimu£®≤©¿ˆ¡È√Œ£©","Remilia£®¿Ÿ√◊¿Ú—«£©","Replay The Spire","Shop Mod","StSLib","SuperFastMode","TestMod","The Cursed","The Jungle","The Servant 0.9.4","Waifu the Spire","Youmu£®ªÍ∆«—˝√Œ£©","Yuyuko","[IsaacMod]“‘»ˆº‚À˛","°æπ¶ƒ‹Mod°øªÏ„Á÷Æª∑–ﬁ∏¥≤π∂°"],"gold_per_floor":[114,129,144,159,9,9,39,54,54,54,69,84,99,114,114,214,214,229,629,629,644,678,678,678],"floor_reached":23,"language":"ZHS","playtime":1200,"items_purged":[],"score":222,"play_id":"751fd5f3-05bb-4300-af68-5fef72322fdb","local_time":"20210202130503","daily_mods":["Chimera","Green Cards","Binary"],"is_ascension_mode":false,"campfire_choices":[{"floor":6.0,"key":"REST"},{"floor":10.0,"key":"REST"}],"circlet_count":0,"master_deck":["Bash","Survivor","Zap","Eruption","Strike_R","Strike_G","Strike_B","Defend_R","Defend_G","Defend_P","Intuition:ReiMu","OrbThrow:ReiMu","Meditation:ReiMu","Authority:ReiMu+1","KamiSacrifice:ReiMu","LearningPray:ReiMu+1","KamiRite:ReiMu","Authority:ReiMu+1","ReplayTheSpireMod:Haul"],"relics":["FlyPower:ReiMu","HushsDoor","testmod-PortableAltar","DoctorsRemote","Boot","Diplopia","Replay:Bottled Eggs","testmod-HarvestTotem","GuppysTail","GuppysPaw","BodyOfKamiR:ReiMu","Runic Pyramid","Pet Ghost"],"acts_visited":["Exordium","TheCity"],"potions_floor_usage":[],"damage_taken":[{"damage":4.0,"enemies":"Cultist","floor":1.0,"turns":3.0},{"damage":15.0,"enemies":"Small Slimes","floor":2.0,"turns":4.0},{"damage":3.0,"enemies":"2 Louse","floor":3.0,"turns":3.0},{"damage":7.0,"enemies":"Blue Slaver","floor":4.0,"turns":5.0},{"damage":1.0,"enemies":"Lagavulin","floor":7.0,"turns":3.0},{"damage":12.0,"enemies":"Looter","floor":8.0,"turns":4.0},{"damage":0.0,"enemies":"Exordium Thugs","floor":11.0,"turns":2.0},{"damage":0.0,"enemies":"Exordium Wildlife","floor":12.0,"turns":2.0},{"damage":1.0,"enemies":"Large Slime","floor":13.0,"turns":3.0},{"damage":5.0,"enemies":"Blue Slaver","floor":14.0,"turns":4.0},{"damage":22.0,"enemies":"Hexaghost","floor":16.0,"turns":6.0},{"damage":28.0,"enemies":"Shell Parasite","floor":18.0,"turns":5.0},{"damage":0,"enemies":"3 Byrds","floor":21,"turns":3},{"damage":0,"enemies":"conspire:MimicChest","floor":22,"turns":7},{"damage":44,"enemies":"Slavers","floor":23,"turns":4}],"seed_played":"-9070903199233054170","potions_obtained":[{"floor":1.0,"key":"GamblersBrew"},{"floor":8.0,"key":"BlessingOfTheForge"},{"floor":12.0,"key":"testmod-TestPotion"},{"floor":16.0,"key":"Strength Potion"},{"floor":21,"key":"infinitespire:BlackPotion"}],"is_trial":false,"path_per_floor":["M","M","M","M","$","R","E","M","T","R","M","M","M","M","R_BF","B",null,"M","?","AVR","M","?","E"],"character_chosen":"REIMU","items_purchased":["Boot","GuppysTail","GuppysPaw","Authority:ReiMu"],"campfire_rested":2,"item_purchase_floors":[5,17,17,17],"current_hp_per_floor":[60,45,42,35,35,52,51,39,39,55,54,53,51,46,50,27,72,43,43,43,43,43,0,0],"gold":678,"neow_bonus":"","is_daily":true,"chose_seed":false,"campfire_upgraded":0,"win_rate":0.0,"timestamp":1612242303,"path_taken":["M","M","?","M","$","R","E","M","T","R","M","M","M","M","R_BF","BOSS","M","?","AVR","M","?","E"],"items_purchased_type":["Relic","Relic","Relic","Card"],"build_version":"2020-12-22","purchased_purges":0,"victory":false,"max_hp_per_floor":[64,63,62,61,60,59,58,57,56,55,54,53,52,51,50,49,72,71,70,69,50,49,48,48],"card_choices":[{"not_picked":["TakeOff:ReiMu","Gathering:ReiMu"],"picked":"SKIP","floor":1.0},{"not_picked":["TakeOff:ReiMu","Gathering:ReiMu"],"picked":"SKIP","floor":1.0},{"not_picked":["SafetyPray:ReiMu"],"picked":"Intuition:ReiMu","floor":2.0},{"not_picked":["Amulet:ReiMu"],"picked":"OrbThrow:ReiMu","floor":3.0},{"not_picked":["TightArray:ReiMu"],"picked":"Meditation:ReiMu","floor":4.0},{"not_picked":["UpKicking:ReiMu"],"picked":"Authority:ReiMu","floor":7.0},{"not_picked":["SpreadBorder2:ReiMu","WonderfulDomain:ReiMu"],"picked":"SKIP","floor":8.0},{"not_picked":["AlertArray:ReiMu"],"picked":"KamiSacrifice:ReiMu","floor":11.0},{"not_picked":["SpringWay:ReiMu","TightArray:ReiMu"],"picked":"SKIP","floor":12.0},{"not_picked":["AirStrike:ReiMu","CareerPray:ReiMu"],"picked":"SKIP","floor":13.0},{"not_picked":["SafetyPray:ReiMu"],"picked":"LearningPray:ReiMu","floor":14.0},{"not_picked":["YinYang:ReiMu"],"picked":"KamiRite:ReiMu","floor":16.0},{"not_picked":["AirStrike:ReiMu","SafetyPray:ReiMu"],"picked":"SKIP","floor":18.0},{"not_picked":["FoulBorder2:ReiMu","WonderfulDomain:ReiMu"],"picked":"SKIP","floor":21},{"not_picked":["FoulBorder2:ReiMu","WonderfulDomain:ReiMu"],"picked":"SKIP","floor":21}],"player_experience":91800,"relics_obtained":[{"floor":7.0,"key":"Diplopia"},{"floor":9.0,"key":"Replay:Bottled Eggs"},{"floor":22,"key":"Pet Ghost"}],"event_choices":[{"damage_healed":0.0,"max_hp_gain":0.0,"max_hp_loss":0.0,"gold_gain":400.0,"event_name":"∂˜¬ÂÀπµƒ≈Ã◊”","player_choice":"Sell","floor":19.0,"relics_lost":["testmod-TestBox"],"gold_loss":0.0,"damage_taken":0.0}],"is_beta":false,"boss_relics":[{"not_picked":["testmod-BloodSacrificeSpiritualization","aspiration:RunicSpoon"],"picked":"testmod-HarvestTotem"},{"not_picked":[]}],"items_purged_floors":[],"is_endless":false,"potions_floor_spawned":[1,8,12,13,16,21],"killed_by":"Slavers","ascension_level":0}}