{"host":"oehe2dxjvdgux73m","time":1612272695,"event":{"mods":["AchievementEnabler","BaseMod","Colored Map","Colored Powertips","DeckTracker","Keyboard Shortcuts","Minty Spire (QoL Compilation)","Permanent Neow","Quick Restart","StSLib","SuperFastMode"],"gold_per_floor":[112,112,162,176,189,189,200,200,200,219,219,245,54,64,64,141,191,209,209,226,226,236,236,270,282,294,11,30,30,62,79,79,152,152,165,177,187,13,25,25,58,58,58,71,71,84,103,103,103,103,103],"floor_reached":50,"language":"KOR","playtime":1539,"items_purged":[],"score":979,"play_id":"51ac2d6b-f731-4b49-a588-ce092a897317","local_time":"20210202223135","is_ascension_mode":true,"campfire_choices":[{"data":"Cleave","floor":6.0,"key":"SMITH"},{"data":"Sword Boomerang","floor":11.0,"key":"SMITH"},{"data":"Apotheosis","floor":15.0,"key":"SMITH"},{"floor":23.0,"key":"REST"},{"floor":25.0,"key":"REST"},{"data":"Brutality","floor":29.0,"key":"SMITH"},{"floor":32.0,"key":"REST"},{"floor":40.0,"key":"REST"},{"floor":45.0,"key":"REST"},{"floor":49,"key":"REST"}],"circlet_count":0,"master_deck":["AscendersBane","Strike_R","Strike_R","Strike_R","Defend_R+1","Defend_R","Defend_R","Defend_R+1","Bash","Cleave+1","Sword Boomerang+1","Rupture","Infernal Blade","Apotheosis+1","Battle Trance+1","Brutality+1","Hemokinesis","Whirlwind","Seeing Red+1","Shrug It Off","Flame Barrier","Burning Pact","True Grit","Shrug It Off","Bloodletting+1","Sword Boomerang","Limit Break","Intimidate","Dark Embrace+1","Twin Strike","Shrug It Off","True Grit+1","Dual Wield","Flex+1","Sever Soul","Parasite","Shrug It Off+1"],"relics":["Burning Blood","Blood Vial","Nunchaku","Pear","Tiny House","MutagenicStrength","MawBank","The Courier","Brimstone","Dream Catcher","Strawberry","Velvet Choker","Bag of Marbles","Centennial Puzzle","White Beast Statue"],"acts_visited":["Exordium","TheCity","TheBeyond"],"potions_floor_usage":[],"damage_taken":[{"damage":11.0,"enemies":"Cultist","floor":1.0,"turns":4.0},{"damage":3.0,"enemies":"2 Louse","floor":4.0,"turns":2.0},{"damage":0.0,"enemies":"Small Slimes","floor":5.0,"turns":3.0},{"damage":2.0,"enemies":"Looter","floor":7.0,"turns":4.0},{"damage":1.0,"enemies":"Blue Slaver","floor":10.0,"turns":4.0},{"damage":32.0,"enemies":"Lagavulin","floor":12.0,"turns":6.0},{"damage":13.0,"enemies":"Exordium Wildlife","floor":14.0,"turns":4.0},{"damage":41.0,"enemies":"Hexaghost","floor":16.0,"turns":9.0},{"damage":24.0,"enemies":"Shell Parasite","floor":18.0,"turns":3.0},{"damage":5.0,"enemies":"Chosen","floor":20.0,"turns":5.0},{"damage":37.0,"enemies":"Snake Plant","floor":22.0,"turns":4.0},{"damage":20.0,"enemies":"Book of Stabbing","floor":24.0,"turns":3.0},{"damage":9.0,"enemies":"Sentry and Sphere","floor":28.0,"turns":3.0},{"damage":43.0,"enemies":"Slavers","floor":30.0,"turns":3.0},{"damage":25.0,"enemies":"3 Cultists","floor":31.0,"turns":4.0},{"damage":40.0,"enemies":"Champ","floor":33.0,"turns":7.0},{"damage":10.0,"enemies":"Orb Walker","floor":35.0,"turns":4.0},{"damage":23.0,"enemies":"3 Shapes","floor":36.0,"turns":5.0},{"damage":21.0,"enemies":"Spire Growth","floor":37.0,"turns":3.0},{"damage":20.0,"enemies":"4 Shapes","floor":39.0,"turns":1.0},{"damage":59.0,"enemies":"Nemesis","floor":41.0,"turns":7.0},{"damage":1.0,"enemies":"Jaw Worm Horde","floor":44.0,"turns":2.0},{"damage":19.0,"enemies":"Writhing Mass","floor":46.0,"turns":4.0},{"damage":27,"enemies":"Transient","floor":47,"turns":5},{"damage":44,"enemies":"Time Eater","floor":50,"turns":3}],"seed_played":"-2130582588952540357","potions_obtained":[{"floor":1.0,"key":"ElixirPotion"},{"floor":4.0,"key":"EssenceOfSteel"},{"floor":12.0,"key":"LiquidBronze"},{"floor":17.0,"key":"ElixirPotion"},{"floor":20.0,"key":"Dexterity Potion"},{"floor":28.0,"key":"EntropicBrew"},{"floor":30.0,"key":"AttackPotion"},{"floor":33.0,"key":"ColorlessPotion"},{"floor":35.0,"key":"AttackPotion"},{"floor":37.0,"key":"Fire Potion"},{"floor":41.0,"key":"Energy Potion"}],"is_trial":false,"path_per_floor":["M","?","?","M","M","R","M","?","T","M","R","E","$","M","R","B",null,"M","?","M","?","M","R","E","R","T","$","M","R","E","M","R","B",null,"M","M","M","$","M","R","E","?","T","M","R","M","M","T","R","B"],"character_chosen":"IRONCLAD","items_purchased":["Apotheosis","Brimstone","Dream Catcher","Burning Pact","Bag of Marbles","Shrug It Off"],"campfire_rested":6,"item_purchase_floors":[13,27,27,27,38,38],"current_hp_per_floor":[65,58,58,63,71,71,75,52,52,59,59,45,45,40,40,7,71,55,55,58,58,29,56,44,71,71,71,70,70,42,25,54,22,78,76,61,48,48,36,65,14,14,14,21,48,37,18,18,45,3,3],"gold":103,"neow_bonus":"RANDOM_COMMON_RELIC","is_daily":false,"chose_seed":false,"campfire_upgraded":4,"win_rate":0.0,"timestamp":1612272695,"path_taken":["M","?","?","M","?","R","M","?","T","M","R","E","$","M","R","BOSS","M","?","M","?","M","R","E","R","T","?","M","R","E","M","R","BOSS","M","?","M","?","M","R","E","?","T","M","R","M","M","?","R","BOSS"],"items_purchased_type":["Card","Relic","Relic","Card","Relic","Card"],"build_version":"2020-12-22","purchased_purges":0,"victory":false,"max_hp_per_floor":[75,75,75,75,75,75,75,75,75,75,75,85,85,85,85,85,90,90,90,90,90,90,90,90,90,90,90,90,90,97,97,97,97,97,97,97,97,97,97,97,97,92,92,92,92,92,92,92,92,92,92],"card_choices":[{"not_picked":["Combust","Bloodletting"],"picked":"Cleave","floor":1.0},{"not_picked":["Flex","Entrench","Heavy Blade"],"picked":"SKIP","floor":4.0},{"not_picked":["Clash","Warcry","Flex"],"picked":"SKIP","floor":5.0},{"not_picked":["True Grit","Wild Strike"],"picked":"Sword Boomerang","floor":7.0},{"not_picked":["Thunderclap","Combust"],"picked":"Rupture","floor":10.0},{"not_picked":["Twin Strike","Havoc"],"picked":"Infernal Blade","floor":12.0},{"not_picked":["Feel No Pain","Fiend Fire"],"picked":"Battle Trance","floor":14.0},{"not_picked":["Feed","Double Tap"],"picked":"Brutality","floor":16.0},{"not_picked":["Sword Boomerang","Armaments"],"picked":"Hemokinesis","floor":17.0},{"not_picked":["Disarm","Pommel Strike"],"picked":"Whirlwind","floor":18.0},{"not_picked":["Disarm","Feel No Pain+1"],"picked":"Seeing Red+1","floor":20.0},{"not_picked":["Body Slam","Armaments"],"picked":"Shrug It Off","floor":22.0},{"not_picked":["Feed","Disarm"],"picked":"Flame Barrier","floor":24.0},{"not_picked":["Power Through","Infernal Blade"],"picked":"True Grit","floor":28.0},{"not_picked":["Hemokinesis","Shockwave"],"picked":"Shrug It Off","floor":30.0},{"not_picked":["Carnage","Dark Embrace"],"picked":"Bloodletting+1","floor":31.0},{"not_picked":["Flame Barrier","Headbutt"],"picked":"Sword Boomerang","floor":32.0},{"not_picked":["Bludgeon","Corruption"],"picked":"Limit Break","floor":33.0},{"not_picked":["Anger","Cleave"],"picked":"Intimidate","floor":35.0},{"not_picked":["Havoc","Clothesline"],"picked":"Dark Embrace+1","floor":36.0},{"not_picked":["Anger","Rupture"],"picked":"Twin Strike","floor":37.0},{"not_picked":["Twin Strike","Havoc"],"picked":"True Grit+1","floor":39.0},{"not_picked":["Armaments+1","Pommel Strike"],"picked":"Dual Wield","floor":40.0},{"not_picked":["Limit Break","Dark Embrace+1"],"picked":"Flex+1","floor":41.0},{"not_picked":["Twin Strike","Headbutt"],"picked":"Sever Soul","floor":44.0},{"not_picked":["Clash","Clothesline"],"picked":"Shrug It Off+1","floor":46.0},{"not_picked":["Havoc","Rampage+1","Iron Wave"],"picked":"SKIP","floor":47}],"player_experience":350655,"relics_obtained":[{"floor":9.0,"key":"Nunchaku"},{"floor":12.0,"key":"Pear"},{"floor":24.0,"key":"MawBank"},{"floor":26.0,"key":"The Courier"},{"floor":30.0,"key":"Strawberry"},{"floor":41.0,"key":"Centennial Puzzle"},{"floor":48,"key":"White Beast Statue"}],"event_choices":[{"cards_removed":["Strike_R"],"damage_healed":0.0,"max_hp_gain":0.0,"max_hp_loss":0.0,"gold_gain":0.0,"event_name":"Golden Wing","player_choice":"Card Removal","floor":2.0,"gold_loss":0.0,"damage_taken":7.0},{"damage_healed":0.0,"max_hp_gain":0.0,"max_hp_loss":0.0,"gold_gain":50.0,"event_name":"Golden Shrine","player_choice":"Pray","floor":3.0,"gold_loss":0.0,"damage_taken":0.0},{"damage_healed":0.0,"max_hp_gain":0.0,"max_hp_loss":0.0,"gold_gain":0.0,"event_name":"Shining Light","player_choice":"Entered Light","floor":8.0,"gold_loss":0.0,"damage_taken":23.0,"cards_upgraded":["Defend_R","Defend_R"]},{"damage_healed":0.0,"max_hp_gain":0.0,"max_hp_loss":0.0,"gold_gain":0.0,"event_name":"Drug Dealer","player_choice":"Inject Mutagens","floor":19.0,"gold_loss":0.0,"damage_taken":0.0,"relics_obtained":["MutagenicStrength"]},{"cards_removed":["Strike_R"],"damage_healed":0.0,"max_hp_gain":0.0,"max_hp_loss":0.0,"gold_gain":0.0,"event_name":"Back to Basics","player_choice":"Elegance","floor":21.0,"gold_loss":0.0,"damage_taken":0.0},{"damage_healed":0.0,"max_hp_gain":0.0,"max_hp_loss":5.0,"gold_gain":0.0,"event_name":"Winding Halls","player_choice":"Max HP","floor":42.0,"gold_loss":0.0,"damage_taken":0.0}],"is_beta":false,"boss_relics":[{"not_picked":["SlaversCollar","Ectoplasm"],"picked":"Tiny House"},{"not_picked":["Coffee Dripper","Calling Bell"],"picked":"Velvet Choker"}],"items_purged_floors":[],"is_endless":false,"potions_floor_spawned":[1,4,12,20,28,30,33,35,37,41],"killed_by":"Time Eater","ascension_level":16}}