{"host":"92wx9z21c4p52du4","time":1612250428,"event":{"mods":["BaseMod","Downfall","Hermit","Minty Spire (QoL Compilation)","Reliquary","StSLib","The Hierophant","Žc—¯”V•¨"],"gold_per_floor":[99,99,119,119,131,157,183,183,194,194,210,227,227,262,262,358,358,358,370,381,393,393,393,393,407,507,524,353,363,390,400,416,511,511,511,528,581,566,566,616,616,616,635,660,660,678,678,698,716,716],"floor_reached":51,"language":"ENG","playtime":5264,"items_purged":["Pain"],"score":788,"play_id":"001892d3-b99c-4972-b74a-d04e240b08d0","local_time":"20210202012028","is_ascension_mode":false,"campfire_choices":[{"data":"Slimebound:Split","floor":1,"key":"SMITH"},{"floor":8,"key":"REST"},{"data":"Slimebound:CorrosiveSpit","floor":10,"key":"SMITH"},{"data":"Slimebound:Gluttony","floor":13,"key":"SMITH"},{"floor":18,"key":"RECALL"},{"data":"Slimebound:SpikyOuterGoop","floor":35,"key":"SMITH"},{"data":"Slimebound:DouseInSlime","floor":45,"key":"SMITH"},{"data":"Slimebound:SplitLeeching","floor":47,"key":"SMITH"}],"circlet_count":0,"master_deck":["Slimebound:Strike_Slimebound","Slimebound:Strike_Slimebound","Slimebound:Strike_Slimebound","Slimebound:Tackle","Slimebound:Defend_Slimebound","Slimebound:Defend_Slimebound","Slimebound:Defend_Slimebound","Slimebound:Defend_Slimebound","Slimebound:Split+1","Slimebound:CorrosiveSpit+1","Slimebound:SpikyOuterGoop+1","Slimebound:Gluttony","Slimebound:RejuvenatingLick","Slimebound:Gluttony+1","Slimebound:LeechingTouch","Slimebound:RallyTheTroops","Slimebound:SplitLeeching+1","Slimebound:MassRepurpose","Slimebound:Replication+1","Slimebound:Schlurp+1","Slimebound:PressTheAttack+1","Slimebound:HauntingLick+1","Slimebound:Prepare","Slimebound:RainOfGoop","Slimebound:Dissolve","Slimebound:DouseInSlime+1","Slimebound:SplitLeeching+1","Slimebound:Nibble","Slimebound:Teamwork","Slimebound:AcidTongue+1","Slimebound:AcidTongue+1","Slimebound:GoopSpray","Slimebound:GrowthPunch+1","Slimebound:LeechingTouch"],"relics":["Slimebound:AbsorbEndCombat","downfall:ShatteredFragment","WarpedTongs","Unceasing Top","CaptainsWheel","HornCleat","Black Star","Blue Candle","reliquary:IridiumChain","Regal Pillow","reliquary:PartyBalloon","PlaceholderMod:LiveLive","Pocketwatch","Pantograph","Bag of Preparation","reliquary:RosewoodLute"],"acts_visited":["Exordium","TheCity","TheBeyond"],"potions_floor_usage":[9,15,16,25,25,32,33,33,48,50],"damage_taken":[{"damage":3,"enemies":"Jaw Worm","floor":3,"turns":4},{"damage":8,"enemies":"Cultist","floor":5,"turns":3},{"damage":36,"enemies":"Gremlin Nob","floor":6,"turns":4},{"damage":9,"enemies":"Small Slimes","floor":9,"turns":6},{"damage":0,"enemies":"3 Louse","floor":11,"turns":2},{"damage":7,"enemies":"Red Slaver","floor":12,"turns":3},{"damage":9,"enemies":"Lagavulin","floor":14,"turns":6},{"damage":0,"enemies":"Lots of Slimes","floor":15,"turns":1},{"damage":14,"enemies":"DF_ARCHETYPE_STREAMLINE","floor":16,"turns":9},{"damage":13,"enemies":"3 Byrds","floor":19,"turns":6},{"damage":14,"enemies":"Shell Parasite","floor":20,"turns":5},{"damage":3,"enemies":"3 Cultists","floor":21,"turns":5},{"damage":23,"enemies":"Centurion and Healer","floor":25,"turns":8},{"damage":4,"enemies":"Snecko","floor":27,"turns":6},{"damage":0,"enemies":"downfall:FleeingMerchant","floor":28,"turns":4},{"damage":0,"enemies":"Snake Plant","floor":29,"turns":4},{"damage":15,"enemies":"Book of Stabbing","floor":30,"turns":6},{"damage":9,"enemies":"Centurion and Healer","floor":31,"turns":6},{"damage":23,"enemies":"Cultist and Chosen","floor":32,"turns":5},{"damage":51,"enemies":"IC_MUSHROOM_ARCHETYPE","floor":33,"turns":10},{"damage":0,"enemies":"Orb Walker","floor":36,"turns":3},{"damage":0,"enemies":"downfall:FleeingMerchant","floor":38,"turns":4},{"damage":0,"enemies":"downfall:FleeingMerchant","floor":40,"turns":5},{"damage":4,"enemies":"3 Shapes","floor":43,"turns":4},{"damage":4,"enemies":"Nemesis","floor":44,"turns":7},{"damage":16,"enemies":"Jaw Worm Horde","floor":46,"turns":4},{"damage":1,"enemies":"3 Darklings","floor":48,"turns":5},{"damage":0,"enemies":"Spire Growth","floor":49,"turns":5},{"damage":30,"enemies":"SI_POISON_ARCHETYPE","floor":50,"turns":10}],"seed_played":"871274949817286119","potions_obtained":[{"floor":5,"key":"Explosive Potion"},{"floor":6,"key":"SmokeBomb"},{"floor":14,"key":"FearPotion"},{"floor":20,"key":"sneckomod:MuddlingPotion"},{"floor":25,"key":"Fruit Juice"},{"floor":29,"key":"SteroidPotion"},{"floor":30,"key":"Fire Potion"},{"floor":31,"key":"Strength Potion"},{"floor":40,"key":"BlessingOfTheForge"},{"floor":46,"key":"PlaceholderMod:PlaceholderPotion"},{"floor":48,"key":"SneckoOil"},{"floor":49,"key":"Guardian:BlockOnCardUsePotion"}],"is_trial":false,"path_per_floor":["R","?","M","?","M","E","T","R","M","R","M","M","R","E","M","B",null,"R","M","M","M","?","?","T","M","?","M","$","M","E","M","M","B",null,"R","M","T","$","?","?","T","?","M","E","R","M","R","M","M","B",null],"character_chosen":"SLIMEBOUND","items_purchased":["Slimebound:RainOfGoop"],"campfire_rested":1,"item_purchase_floors":[28],"current_hp_per_floor":[71,53,56,56,52,20,20,41,38,38,44,43,43,42,44,38,71,71,65,59,64,64,59,59,49,49,53,61,69,62,61,46,3,76,76,76,76,76,76,76,76,76,76,76,76,66,66,73,76,52],"gold":716,"neow_bonus":"TEN_PERCENT_HP_BONUS","is_daily":false,"chose_seed":false,"campfire_upgraded":6,"win_rate":0.0,"timestamp":1612250428,"path_taken":["R","?","M","?","M","E","T","R","?","R","M","M","R","E","M","BOSS","R","M","?","M","?","?","T","M","?","?","$","M","E","?","M","BOSS","R","M","?","$","?","?","T","?","M","E","R","?","R","M","M","BOSS"],"items_purchased_type":["Card"],"build_version":"2020-12-22","purchased_purges":1,"victory":true,"max_hp_per_floor":[71,71,71,71,71,71,71,71,71,71,71,71,71,71,71,71,71,71,71,71,71,71,71,71,76,76,76,76,76,76,76,76,76,76,76,76,76,76,76,76,76,76,76,76,76,76,76,76,76,76],"card_choices":[{"not_picked":["Slimebound:ItLooksTasty","Slimebound:SlimeBarrage"],"picked":"Slimebound:SpikyOuterGoop","floor":3},{"not_picked":["Slimebound:Replication","Slimebound:ItLooksTasty"],"picked":"Slimebound:Gluttony","floor":5},{"not_picked":["Slimebound:SamplingLick","Slimebound:Replication"],"picked":"Slimebound:RejuvenatingLick","floor":6},{"not_picked":["Slimebound:LeechingTouch","Slimebound:SplitLeeching"],"picked":"Slimebound:Gluttony","floor":9},{"not_picked":["Slimebound:SplitAcid","Slimebound:SplitLeeching"],"picked":"Slimebound:LeechingTouch","floor":11},{"not_picked":["Slimebound:RejuvenatingLick","Slimebound:ItLooksTasty"],"picked":"Slimebound:RallyTheTroops","floor":12},{"not_picked":["Slimebound:SlimeBarrage","Slimebound:ProtectTheBoss"],"picked":"Slimebound:SplitLeeching","floor":14},{"not_picked":["Slimebound:FirmFortitude","Slimebound:LeechLife"],"picked":"Slimebound:MassRepurpose","floor":16},{"not_picked":["Slimebound:SlimeTap","Slimebound:ForwardTackle+1"],"picked":"Slimebound:Prepare+1","floor":19},{"not_picked":["Slimebound:RainOfGoop","Slimebound:Repurpose"],"picked":"Slimebound:Replication+1","floor":20},{"not_picked":["Slimebound:SamplingLick","Slimebound:SlimeTap+1"],"picked":"Slimebound:Schlurp+1","floor":21},{"not_picked":["Slimebound:LeechingTouch","Slimebound:SplitAcid+1"],"picked":"Slimebound:PressTheAttack+1","floor":25},{"not_picked":["Slimebound:ComboTackle","Slimebound:SlimeTap+1"],"picked":"Slimebound:HauntingLick+1","floor":27},{"not_picked":["Slimebound:Gluttony","Slimebound:BestDefense"],"picked":"Slimebound:Prepare","floor":28},{"not_picked":["Slimebound:Gluttony","Slimebound:Schlurp"],"picked":"Slimebound:Dissolve","floor":29},{"not_picked":["Slimebound:LeechingTouch","Slimebound:FinishingTackle+1"],"picked":"Slimebound:DouseInSlime","floor":30},{"not_picked":["Slimebound:ComboTackle","Slimebound:LeechingTouch"],"picked":"Slimebound:SplitLeeching+1","floor":31},{"not_picked":["Slimebound:Dissolve","Slimebound:Replication+1"],"picked":"Slimebound:Nibble","floor":32},{"not_picked":["Slimebound:WasteNot","Slimebound:FirmFortitude"],"picked":"Slimebound:Teamwork","floor":33},{"not_picked":["Slimebound:GoopTackle","Slimebound:Grow+1","Slimebound:Repurpose+1"],"picked":"SKIP","floor":36},{"not_picked":["Slimebound:RejuvenatingLick","Slimebound:Schlurp+1"],"picked":"Slimebound:AcidTongue+1","floor":38},{"not_picked":["Slimebound:SamplingLick","Slimebound:ItLooksTasty"],"picked":"Slimebound:AcidTongue+1","floor":40},{"not_picked":["Slimebound:GoopTackle+1","Slimebound:Chomp+1"],"picked":"Slimebound:GoopSpray","floor":43},{"not_picked":["Slimebound:Overexert","Slimebound:GoopSpray+1","Slimebound:ProtectTheBoss"],"picked":"SKIP","floor":44},{"not_picked":["Slimebound:Schlurp+1","Slimebound:FinishingTackle+1","Slimebound:FlameTackle+1"],"picked":"SKIP","floor":46},{"not_picked":["Slimebound:ComboTackle","Slimebound:RejuvenatingLick+1"],"picked":"Slimebound:GrowthPunch+1","floor":48},{"not_picked":["Slimebound:SplitLeeching+1","Slimebound:SlimeSpikes+1"],"picked":"Slimebound:LeechingTouch","floor":49}],"player_experience":196238,"relics_obtained":[{"floor":6,"key":"Unceasing Top"},{"floor":7,"key":"reliquary:FerryPass"},{"floor":9,"key":"CaptainsWheel"},{"floor":14,"key":"HornCleat"},{"floor":24,"key":"reliquary:IridiumChain"},{"floor":30,"key":"Regal Pillow"},{"floor":30,"key":"reliquary:PartyBalloon"},{"floor":40,"key":"Pocketwatch"},{"floor":41,"key":"Pantograph"},{"floor":44,"key":"Bag of Preparation"},{"floor":44,"key":"reliquary:RosewoodLute"}],"event_choices":[{"damage_healed":0,"gold_gain":0,"player_choice":"Rummage","damage_taken":0,"relics_obtained":["WarpedTongs"],"max_hp_gain":0,"max_hp_loss":0,"event_name":"Accursed Blacksmith","floor":4,"gold_loss":0,"cards_obtained":["Pain"]},{"damage_healed":0,"gold_gain":0,"player_choice":"Ignored","damage_taken":0,"max_hp_gain":0,"max_hp_loss":0,"event_name":"Ghosts","floor":22,"gold_loss":0},{"cards_removed":["Slimebound:Prepare"],"damage_healed":0,"gold_gain":0,"player_choice":"Removed Skill","damage_taken":0,"max_hp_gain":0,"max_hp_loss":0,"event_name":"Falling","floor":42,"gold_loss":0}],"is_beta":false,"boss_relics":[{"not_picked":["Velvet Choker","reliquary:WritOfMandamus"],"picked":"Black Star"},{"not_picked":["Empty Cage","Runic Pyramid"],"picked":"PlaceholderMod:LiveLive"}],"items_purged_floors":[28],"is_endless":false,"potions_floor_spawned":[5,6,14,20,25,29,30,31,40,46,48,49],"ascension_level":0}}