{"host":"gndxudri6ebovps6","time":1612285945,"event":{"mods":["AchievementEnabler","Act Like it!","Aspiration","BaseMod","Better Altar","Better Match","Better Note","Better Sensory Stone","Better Skull","Better Vampires","BetterRewards","Block Reminder","Conspire","GifTheSpireLib","Hubris","Infinite Spire","Marked Mod","Minty Spire (QoL Compilation)","Pale of the Ancients","Quick Restart","Replay The Spire","Shop Mod","Spicy Shops","Spikes Relics","StSLib","Stuff the Spire","The Cursed","The Disciple","The Judge","The Mystic","The Necromancer","everything is the same but u backflip on backflip"],"gold_per_floor":[117,292,306,306,306,306,340,340,340,15,50,66,66,82,82,82,82],"floor_reached":16,"language":"ENG","playtime":404,"items_purged":[],"score":200,"play_id":"09651120-9bce-4c20-90dd-f1c55dce0e12","local_time":"20210202151225","is_ascension_mode":true,"campfire_choices":[{"data":"TheCursedMod:CleanUpWorkshop","floor":6,"key":"SMITH"},{"data":"TheCursedMod:FleshFromBone","floor":8,"key":"SMITH"}],"circlet_count":0,"master_deck":["AscendersBane","TheCursedMod:Strike_TheCursed","TheCursedMod:Strike_TheCursed","TheCursedMod:Strike_TheCursed","TheCursedMod:Strike_TheCursed","TheCursedMod:Defend_TheCursed","TheCursedMod:Defend_TheCursed","TheCursedMod:Defend_TheCursed","TheCursedMod:Defend_TheCursed","TheCursedMod:CursedWand+1","TheCursedMod:CleanUpWorkshop+1","TheCursedMod:Dregs","TheCursedMod:FleshFromBone+1","Doubt","TheCursedMod:LuckyCharm","TheCursedMod:Wield","TheCursedMod:HellfireBreathing","TheCursedMod:SpitefulPray","TheCursedMod:CircleOfCorruption","TheCursedMod:SpitefulStrike","Regret"],"relics":["TheCursedMod:BlackMagic101","NeowsBlessing","conspire:Dentures","Whetstone","hubris:64BitClover","Sling","The Courier","Simple Rune","StuffTheSpire:NeowsTribute"],"acts_visited":["Exordium"],"potions_floor_usage":[11],"damage_taken":[{"damage":0,"enemies":"Small Slimes","floor":1,"turns":2},{"damage":0,"enemies":"Jaw Worm","floor":3,"turns":1},{"damage":0,"enemies":"Lagavulin","floor":7,"turns":1},{"damage":1,"enemies":"3 Sentries","floor":11,"turns":8},{"damage":11,"enemies":"2 Louse","floor":12,"turns":3},{"damage":15,"enemies":"Looter","floor":14,"turns":4},{"damage":53,"enemies":"Slime Boss","floor":16,"turns":5}],"seed_played":"6161580217830370260","potions_obtained":[{"floor":3,"key":"ColorlessPotion"},{"floor":7,"key":"Strength Potion"},{"floor":11,"key":"Explosive Potion"},{"floor":14,"key":"BlessingOfTheForge"}],"is_trial":false,"path_per_floor":["M","?","M","?","?","R","E","R","T","$","E","M","T","M","R","B"],"character_chosen":"THE_CURSED","items_purchased":["hubris:64BitClover","Sling","TheCursedMod:HellfireBreathing"],"campfire_rested":0,"item_purchase_floors":[10,10,10],"current_hp_per_floor":[68,68,68,68,68,68,68,68,68,68,67,56,56,41,41,0,0],"gold":82,"neow_bonus":"THREE_ENEMY_KILL","is_daily":false,"chose_seed":false,"campfire_upgraded":2,"win_rate":0.0,"timestamp":1612285945,"path_taken":["M","?","M","?","?","R","E","R","T","?","E","?","?","M","R","BOSS"],"items_purchased_type":["Relic","Relic","Card"],"build_version":"2020-12-22","purchased_purges":0,"victory":false,"max_hp_per_floor":[75,75,75,75,75,75,75,75,75,75,75,75,75,75,75,75,75],"card_choices":[{"not_picked":["TheCursedMod:SpitefulStrike","TheCursedMod:RavingStaff"],"picked":"TheCursedMod:FleshFromBone","floor":1},{"not_picked":["TheCursedMod:CircleOfCorruption","TheCursedMod:FleshFromBone"],"picked":"TheCursedMod:LuckyCharm","floor":3},{"not_picked":["TheCursedMod:CircleOfBlood","TheCursedMod:CollectTribute"],"picked":"TheCursedMod:Wield","floor":7},{"not_picked":["TheCursedMod:CursedArmor","TheCursedMod:CircleOfFocus"],"picked":"TheCursedMod:SpitefulPray","floor":11},{"not_picked":["TheCursedMod:ReleasedKnowledge","TheCursedMod:FleshFromBone"],"picked":"TheCursedMod:CircleOfCorruption","floor":12},{"not_picked":["TheCursedMod:FleshFromBone","TheCursedMod:Stigma"],"picked":"TheCursedMod:SpitefulStrike","floor":14}],"player_experience":528142,"relics_obtained":[{"floor":7,"key":"conspire:Dentures"},{"floor":9,"key":"Whetstone"},{"floor":11,"key":"The Courier"},{"floor":13,"key":"Simple Rune"}],"event_choices":[{"damage_healed":0,"gold_gain":175,"player_choice":"AGREE","damage_taken":0,"max_hp_gain":0,"max_hp_loss":0,"event_name":"Liars Game","floor":2,"gold_loss":0,"cards_obtained":["Doubt"]},{"damage_healed":0,"gold_gain":0,"player_choice":"Disagree","damage_taken":0,"max_hp_gain":0,"max_hp_loss":0,"event_name":"conspire:LoneGhost","floor":4,"gold_loss":0},{"damage_healed":0,"gold_gain":0,"player_choice":"Box","damage_taken":0,"relics_obtained":["StuffTheSpire:NeowsTribute"],"max_hp_gain":0,"max_hp_loss":0,"event_name":"Big Fish","floor":15,"gold_loss":0,"cards_obtained":["Regret"]}],"is_beta":false,"boss_relics":[],"items_purged_floors":[],"is_endless":false,"potions_floor_spawned":[3,7,11,14],"killed_by":"Slime Boss","ascension_level":10}}