{"host":"pjo7dfabux0g0646","time":1612246273,"event":{"mods":["AchievementEnabler","BaseMod","Downfall","Hermit","Minty Spire (QoL Compilation)","StSLib","The Cursed","The Hierophant"],"gold_per_floor":[99,24,42,59,79,112,112,126,155,169,183,197,47,73,83,180,180,30,42,57,68,68,68,92,42,27,27,62,62,93,105,117,117,117,117],"floor_reached":33,"language":"SPA","playtime":2037,"items_purged":[],"score":352,"play_id":"24537937-b526-47a1-ae3a-63eb05e61060","local_time":"20210202031113","is_ascension_mode":true,"campfire_choices":[{"floor":1.0,"key":"RECALL"},{"floor":13,"key":"REST"},{"data":"Slimebound:Split","floor":18,"key":"SMITH"},{"data":"Slimebound:CheckThePlaybook","floor":25,"key":"SMITH"},{"floor":27,"key":"REST"}],"circlet_count":0,"master_deck":["Slimebound:Strike_Slimebound","Slimebound:Strike_Slimebound","Slimebound:Strike_Slimebound","Slimebound:Tackle","Slimebound:Defend_Slimebound","Slimebound:Defend_Slimebound","Slimebound:Defend_Slimebound","Slimebound:Defend_Slimebound","Slimebound:Split+1","Slimebound:CorrosiveSpit","Slimebound:Schlurp","Slimebound:Nibble","Slimebound:ItLooksTasty","Slimebound:Overexert","Slimebound:GoopSpray","Slimebound:SlimeSpikes","Slimebound:RejuvenatingLick","Slimebound:SamplingLick","Slimebound:DisruptingSlam","Slimebound:RallyTheTroops","Slimebound:MegaLick+1","Slimebound:CheckThePlaybook+1","downfall:Bewildered","Slimebound:LeechEnergy+1","Slimebound:RollThrough"],"relics":["Slimebound:AbsorbEndCombatUpgraded","Slimebound:GreedOozeRelic","Calipers","StrikeDummy","Pear","downfall:HeartBlessingGreen","Happy Flower","downfall:HeartBlessingRed","sneckomod:BabySnecko","Omamori","Peace Pipe","Necronomicon","Slimebound:AggressiveSlimeRelic"],"acts_visited":["Exordium","TheCity"],"potions_floor_usage":[16,28,28,30,33,33],"damage_taken":[{"damage":2.0,"enemies":"2 Louse","floor":3.0,"turns":2.0},{"damage":1,"enemies":"Jaw Worm","floor":4,"turns":3},{"damage":7,"enemies":"Small Slimes","floor":5,"turns":2},{"damage":29,"enemies":"Lagavulin","floor":6,"turns":7},{"damage":0,"enemies":"2 Fungi Beasts","floor":8,"turns":2},{"damage":30,"enemies":"3 Sentries","floor":9,"turns":7},{"damage":8,"enemies":"3 Louse","floor":10,"turns":3},{"damage":0,"enemies":"Exordium Wildlife","floor":11,"turns":3},{"damage":0,"enemies":"Red Slaver","floor":12,"turns":2},{"damage":7,"enemies":"Gremlin Nob","floor":14,"turns":3},{"damage":4,"enemies":"Large Slime","floor":15,"turns":4},{"damage":17,"enemies":"IC_STATUS_ARCHETYPE","floor":16,"turns":7},{"damage":0,"enemies":"Chosen","floor":19,"turns":3},{"damage":2,"enemies":"3 Byrds","floor":20,"turns":3},{"damage":25,"enemies":"Snecko","floor":21,"turns":4},{"damage":0,"enemies":"downfall:FleeingMerchant","floor":26,"turns":4},{"damage":24,"enemies":"Gremlin Leader","floor":28,"turns":4},{"damage":8,"enemies":"Book of Stabbing","floor":30,"turns":4},{"damage":15,"enemies":"Centurion and Healer","floor":31,"turns":3},{"damage":22,"enemies":"Snake Plant","floor":32,"turns":3},{"damage":63,"enemies":"DF_ARCHETYPE_CLAW","floor":33,"turns":6}],"seed_played":"-5169743481642709307","potions_obtained":[{"floor":5,"key":"bronze:BurnAndBuffPotion"},{"floor":9,"key":"SneckoOil"},{"floor":10,"key":"ColorlessPotion"},{"floor":11,"key":"Slimebound:SlimedPotion"},{"floor":14,"key":"Guardian:BlockOnCardUsePotion"},{"floor":16,"key":"LiquidBronze"},{"floor":30,"key":"Fire Potion"},{"floor":31,"key":"Regen Potion"}],"is_trial":false,"path_per_floor":["R","?","M","M","M","E","T","M","E","M","M","M","R","E","M","B",null,"R","M","M","M","?","?","T","R","$","R","E","?","E","M","M","B"],"character_chosen":"SLIMEBOUND","items_purchased":[],"campfire_rested":2,"item_purchase_floors":[],"current_hp_per_floor":[71,71,69,70,67,46,46,52,40,38,40,44,68,67,71,62,81,81,81,81,56,28,28,28,28,37,61,52,36,40,40,27,0,0,0],"gold":117,"neow_bonus":"TEN_PERCENT_HP_BONUS","is_daily":false,"chose_seed":false,"campfire_upgraded":2,"win_rate":0.0,"timestamp":1612246273,"path_taken":["R","?","M","M","M","E","T","M","E","M","M","M","R","E","M","BOSS","R","M","M","M","?","?","T","R","$","R","E","?","E","M","M","BOSS"],"items_purchased_type":[],"build_version":"2020-12-22","purchased_purges":0,"victory":false,"max_hp_per_floor":[71,71,71,71,71,71,71,71,81,81,81,81,81,81,81,81,81,81,81,81,81,81,81,81,81,81,81,81,81,81,81,81,81,81,81],"card_choices":[{"not_picked":["Slimebound:FormOfPuddle","Slimebound:ViciousTackle"],"picked":"Slimebound:Schlurp","floor":3},{"not_picked":["Slimebound:FormOfPuddle","Slimebound:Grow"],"picked":"Slimebound:Nibble","floor":4},{"not_picked":["Slimebound:MegaLick","Slimebound:GoopTackle"],"picked":"Slimebound:ItLooksTasty","floor":5},{"not_picked":["Slimebound:Replication","Slimebound:GoopTackle","Slimebound:ItLooksTasty"],"picked":"SKIP","floor":6},{"not_picked":["Slimebound:ComboTackle","Slimebound:SplitLeeching"],"picked":"Slimebound:Overexert","floor":8},{"not_picked":["Slimebound:SplitMire","Slimebound:AcidTongue"],"picked":"Slimebound:GoopSpray","floor":9},{"not_picked":["Slimebound:Prepare","Slimebound:SplitLeeching"],"picked":"Slimebound:SlimeSpikes","floor":10},{"not_picked":["Slimebound:Darklings","Slimebound:SplitBruiser"],"picked":"Slimebound:RejuvenatingLick","floor":11},{"not_picked":["Slimebound:Grow","Slimebound:SplitMire","Slimebound:ViciousTackle"],"picked":"SKIP","floor":12},{"not_picked":["Slimebound:FinishingTackle","Slimebound:Nibble"],"picked":"Slimebound:SamplingLick","floor":14},{"not_picked":["Slimebound:Gluttony","Slimebound:ServeAndProtect"],"picked":"Slimebound:DisruptingSlam","floor":15},{"not_picked":["Slimebound:LeechLife","Slimebound:WasteNot"],"picked":"Slimebound:RallyTheTroops","floor":16},{"not_picked":["Slimebound:Gluttony","Slimebound:Prepare+1","Slimebound:FinishingTackle"],"picked":"SKIP","floor":19},{"not_picked":["Slimebound:ViciousTackle+1","Slimebound:SplitMire","Slimebound:LivingWall"],"picked":"SKIP","floor":20},{"not_picked":["Slimebound:SplitAcid+1","Slimebound:SlimeBarrage"],"picked":"Slimebound:MegaLick+1","floor":21},{"not_picked":["Slimebound:ProtectTheBoss","Slimebound:SlimeTap","Slimebound:ComboTackle+1"],"picked":"SKIP","floor":26},{"not_picked":["Slimebound:Repurpose","Slimebound:ForwardTackle"],"picked":"Slimebound:LeechEnergy+1","floor":28},{"not_picked":["Slimebound:SamplingLick+1","Slimebound:OneTwoCombo","Slimebound:SplitBruiser+1"],"picked":"SKIP","floor":30},{"not_picked":["Slimebound:HauntingLick","Slimebound:SplitMire+1"],"picked":"Slimebound:RollThrough","floor":31},{"not_picked":["Slimebound:SamplingLick","Slimebound:LeechEnergy","Slimebound:MegaLick+1"],"picked":"SKIP","floor":32}],"player_experience":322883,"relics_obtained":[{"floor":6,"key":"Calipers"},{"floor":7,"key":"StrikeDummy"},{"floor":9,"key":"Pear"},{"floor":14,"key":"Happy Flower"},{"floor":24,"key":"Omamori"},{"floor":28,"key":"Peace Pipe"},{"floor":29,"key":"Necronomicon"},{"floor":30,"key":"Slimebound:AggressiveSlimeRelic"}],"event_choices":[],"is_beta":false,"boss_relics":[{"not_picked":["Pandora\u0027s Box","SacredBark"],"picked":"Slimebound:AbsorbEndCombatUpgraded"}],"items_purged_floors":[],"is_endless":false,"potions_floor_spawned":[5,9,10,11,14,15,16,20,21,30,31],"killed_by":"DF_ARCHETYPE_CLAW","ascension_level":1}}