{"host":"r53pw7z744tg3fxg","time":1612229238,"event":{"mods":["AchievementEnabler","BaseMod","Colored Map","Colored Powertips","Highlight Path","Minty Spire (QoL Compilation)","Quick Restart","Transform Curses"],"gold_per_floor":[118,193,204,204,218,218,237,237,237,266,266,285,285,301,301,378,378,396,409,443,104,104,104,104],"floor_reached":23,"language":"ENG","playtime":730,"items_purged":[],"score":388,"play_id":"94ebb09f-19e1-475f-a898-c07d0a2cd835","local_time":"20210201182718","is_ascension_mode":true,"campfire_choices":[{"floor":6.0,"key":"REST"},{"floor":8.0,"key":"REST"},{"floor":11.0,"key":"REST"},{"data":"Establishment","floor":13.0,"key":"SMITH"},{"data":"BowlingBash","floor":15.0,"key":"SMITH"}],"circlet_count":0,"master_deck":["AscendersBane","Strike_P","Strike_P","Strike_P","Strike_P","Defend_P","Defend_P","Defend_P","Defend_P","Eruption+1","Vigilance","BowlingBash+1","ReachHeaven+1","Establishment+1","FollowUp","FlurryOfBlows","FearNoEvil","DeusExMachina","EmptyBody","LikeWater+1","Evaluate","Consecrate"],"relics":["PureWater","Darkstone Periapt","Pear","Black Star","Red Mask","Pantograph"],"acts_visited":["Exordium","TheCity"],"potions_floor_usage":[20,23],"damage_taken":[{"damage":6.0,"enemies":"2 Louse","floor":1.0,"turns":3.0},{"damage":7.0,"enemies":"Small Slimes","floor":3.0,"turns":2.0},{"damage":0.0,"enemies":"Cultist","floor":5.0,"turns":1.0},{"damage":3.0,"enemies":"2 Fungi Beasts","floor":7.0,"turns":4.0},{"damage":27.0,"enemies":"3 Sentries","floor":10.0,"turns":5.0},{"damage":8.0,"enemies":"Looter","floor":12.0,"turns":4.0},{"damage":15.0,"enemies":"Exordium Thugs","floor":14.0,"turns":4.0},{"damage":44.0,"enemies":"The Guardian","floor":16.0,"turns":11.0},{"damage":14.0,"enemies":"3 Byrds","floor":18.0,"turns":5.0},{"damage":14.0,"enemies":"Spheric Guardian","floor":19.0,"turns":4.0},{"damage":0,"enemies":"Masked Bandits","floor":20,"turns":3},{"damage":47,"enemies":"Book of Stabbing","floor":23,"turns":4}],"seed_played":"-8557635204704274684","potions_obtained":[{"floor":5.0,"key":"Fruit Juice"},{"floor":12.0,"key":"PowerPotion"},{"floor":14.0,"key":"DuplicationPotion"},{"floor":18.0,"key":"StancePotion"},{"floor":19.0,"key":"FearPotion"}],"is_trial":false,"path_per_floor":["M","?","M","?","M","R","M","R","T","E","R","M","R","M","R","B",null,"M","M","?","$","?","E"],"character_chosen":"WATCHER","items_purchased":["Pantograph","Consecrate"],"campfire_rested":3,"item_purchase_floors":[21,21],"current_hp_per_floor":[61,50,43,21,26,49,46,69,69,52,78,70,70,55,55,11,70,56,42,42,42,42,0,0],"gold":104,"neow_bonus":"TEN_PERCENT_HP_BONUS","is_daily":false,"chose_seed":false,"campfire_upgraded":2,"win_rate":0.0,"timestamp":1612229238,"path_taken":["M","?","M","?","M","R","M","R","T","E","R","M","R","M","R","BOSS","M","M","?","$","?","E"],"items_purchased_type":["Relic","Card"],"build_version":"2020-12-22","purchased_purges":0,"victory":false,"max_hp_per_floor":[74,74,74,74,79,79,79,79,79,89,89,89,89,89,89,89,89,89,89,89,89,89,89,89],"card_choices":[{"not_picked":["Swivel","FlurryOfBlows"],"picked":"BowlingBash","floor":1.0},{"not_picked":["FlurryOfBlows","CrushJoints"],"picked":"ReachHeaven","floor":3.0},{"not_picked":["Meditate","Crescendo","CrushJoints"],"picked":"SKIP","floor":5.0},{"not_picked":["EmptyBody","BowlingBash"],"picked":"Establishment","floor":7.0},{"not_picked":["PathToVictory","CrushJoints"],"picked":"FollowUp","floor":10.0},{"not_picked":["Halt","SignatureMove"],"picked":"FlurryOfBlows","floor":12.0},{"not_picked":["CutThroughFate","Sanctity"],"picked":"FearNoEvil","floor":14.0},{"not_picked":["Establishment","Blasphemy"],"picked":"DeusExMachina","floor":16.0},{"not_picked":["Protect","Halt+1"],"picked":"EmptyBody","floor":18.0},{"not_picked":["Halt","CrushJoints"],"picked":"LikeWater","floor":19.0},{"not_picked":["Indignation","SashWhip"],"picked":"Evaluate","floor":20}],"player_experience":1415885,"relics_obtained":[{"floor":9.0,"key":"Darkstone Periapt"},{"floor":10.0,"key":"Pear"},{"floor":20,"key":"Red Mask"}],"event_choices":[{"damage_healed":0.0,"max_hp_gain":0.0,"max_hp_loss":0.0,"gold_gain":75.0,"event_name":"World of Goop","player_choice":"Gather Gold","floor":2.0,"gold_loss":0.0,"damage_taken":11.0},{"damage_healed":0.0,"max_hp_gain":0.0,"max_hp_loss":0.0,"gold_gain":0.0,"event_name":"Shining Light","player_choice":"Entered Light","floor":4.0,"gold_loss":0.0,"damage_taken":22.0,"cards_upgraded":["Eruption","ReachHeaven"]},{"damage_healed":0,"gold_gain":0,"player_choice":"Fought Bandits","damage_taken":0,"max_hp_gain":0,"max_hp_loss":0,"event_name":"Masked Bandits","floor":20,"gold_loss":0},{"damage_healed":0,"gold_gain":0,"player_choice":"Forge","damage_taken":0,"max_hp_gain":0,"max_hp_loss":0,"event_name":"Accursed Blacksmith","floor":22,"gold_loss":0,"cards_upgraded":["LikeWater"]}],"is_beta":false,"boss_relics":[{"not_picked":["Sozu","Astrolabe"],"picked":"Black Star"}],"items_purged_floors":[],"is_endless":false,"potions_floor_spawned":[5,12,14,16,18,19],"killed_by":"Book of Stabbing","ascension_level":18}}