{"host":"6jq10w63bz2fmhcc","time":1612278993,"event":{"mods":["AchievementEnabler","Act Like it!","Astrologer","BaseMod","Beaked The Cultist","Better Note","Better Third Choice","Colored Map","Colored Powertips","DeckTracker","Downfall","Gensokyo","GifTheSpireLib","Hermit","Hubris","Infinite Spire","Lobotomy","Marisa????????","Minty Spire (QoL Compilation)","Quick Restart","Relic Stats","Replay The Spire","StSLib","Stuff the Spire","The Bug Knight","The Construct","The Cursed","The Disciple","The Hierophant","The Jungle","The Mystic","The Necromancer","The Runesmith","The Servant 0.9.4"],"gold_per_floor":[114,129,129,50,65,65,95,95,95,95,110,110,125,140,140,220,220,235,235,235,240,245,245,245,230,230,235,235,235,250,250,250,350,350,365,380,290,290,265,265,15,15,65,95,110,125,125,140,140,110],"floor_reached":51,"language":"ENG","playtime":5507,"items_purged":[],"score":726,"play_id":"8cf3bc2f-b704-4c5d-b309-2770ef8f8594","local_time":"20210202204633","daily_mods":["SealedDeck","Uncertain Future","Lethality"],"is_ascension_mode":false,"campfire_choices":[{"data":"Armaments","floor":6.0,"key":"SMITH"},{"data":"ReplayReversal","floor":8.0,"key":"SMITH"},{"data":"True Grit","floor":15.0,"key":"SMITH"},{"floor":24.0,"key":"REST"},{"data":"infinitespire:Execution","floor":28.0,"key":"SMITH"},{"data":"Flex","floor":32.0,"key":"SMITH"},{"floor":40.0,"key":"REST"},{"data":"Impervious","floor":42.0,"key":"SMITH"},{"floor":49,"key":"REST"}],"circlet_count":0,"master_deck":["hierophant:Invocation+1","Massacre","Clothesline","Uppercut","ReplayReversal+1","Pommel Strike","Armaments+1","Shrug It Off","Body Slam","Heavy Blade","Flex+1","hubris:SharpeningStone","Fire Breathing","Ghostly Armor","Feel No Pain","True Grit+1","Power Through","Fiend Fire","ReplayTheSpireMod:Muscle Training","infinitespire:Execution+1","Whirlwind+1","Massacre+1","Dropkick","Gensokyo:AllTheWorldsEvil","Disarm","Impervious+1","Battle Trance","Gensokyo:CustomPotion"],"relics":["Burning Blood","Replay:Towering Pillar of Hats","Replay:Ringing Soul","hubris:Towel","hubris:Spice","hubris:ScarierMask","Bottled Lightning","Mango","Frozen Eye","Thread and Needle","ReplayTheSpireMod:Shallot","Happy Flower","StuffTheSpire:Barrel","Lantern"],"acts_visited":["Exordium","Gensokyo:Gensokyo","Gensokyo:Gensokyoer"],"potions_floor_usage":[45,45,45,46,50],"damage_taken":[{"damage":10.0,"enemies":"Gensokyo:Gryphon","floor":1.0,"turns":2.0},{"damage":0.0,"enemies":"Gensokyo:2_Kodama","floor":2.0,"turns":2.0},{"damage":0.0,"enemies":"Gensokyo:Python","floor":5.0,"turns":2.0},{"damage":7.0,"enemies":"Gensokyo:Cirno","floor":7.0,"turns":5.0},{"damage":0.0,"enemies":"Gensokyo:LivingMonolith","floor":11.0,"turns":3.0},{"damage":0.0,"enemies":"Gensokyo:VengefulSpirit","floor":13.0,"turns":3.0},{"damage":1.0,"enemies":"Gensokyo:Kitsune","floor":14.0,"turns":2.0},{"damage":3.0,"enemies":"Gensokyo:Reimu","floor":16.0,"turns":6.0},{"damage":0.0,"enemies":"Gensokyo:CosmicMonolith","floor":18.0,"turns":4.0},{"damage":19.0,"enemies":"Gensokyo:AngelMirror","floor":21.0,"turns":4.0},{"damage":23.0,"enemies":"Gensokyo:Monolith_and_Dog","floor":22.0,"turns":4.0},{"damage":37.0,"enemies":"Nightmare","floor":23.0,"turns":6.0},{"damage":10.0,"enemies":"Gensokyo:Slime_Group","floor":25.0,"turns":2.0},{"damage":14.0,"enemies":"Gensokyo:Chomper_and_Gloop","floor":27.0,"turns":3.0},{"damage":1.0,"enemies":"Gensokyo:Swordslinger","floor":30.0,"turns":1.0},{"damage":45.0,"enemies":"Gensokyo:Eternal_Rivals","floor":33.0,"turns":9.0},{"damage":1.0,"enemies":"Gensokyo:3_Boulders","floor":35.0,"turns":4.0},{"damage":6.0,"enemies":"Gensokyo:AncientGuardian","floor":36.0,"turns":6.0},{"damage":28.0,"enemies":"Gensokyo:Rafflesia","floor":39.0,"turns":5.0},{"damage":99.0,"enemies":"Nightmare","floor":44.0,"turns":8.0},{"damage":13,"enemies":"Gensokyo:SeedOfUnknown","floor":45,"turns":6},{"damage":0,"enemies":"Gensokyo:3_Boulders","floor":46,"turns":2},{"damage":0,"enemies":"Gensokyo:4_Bats","floor":48,"turns":1},{"damage":4,"enemies":"Gensokyo:Yuyuko","floor":50,"turns":5}],"seed_played":"-9070903199233054170","potions_obtained":[{"floor":1.0,"key":"Ancient Potion"},{"floor":2.0,"key":"infinitespire:BlackPotion"},{"floor":7.0,"key":"SteroidPotion"},{"floor":13.0,"key":"LiquidMemories"},{"floor":23.0,"key":"BlessingOfTheForge"},{"floor":25.0,"key":"LiquidBronze"},{"floor":30.0,"key":"Elixir"},{"floor":36.0,"key":"PowerPotion"},{"floor":45,"key":"infinitespire:BlackPotion"},{"floor":48,"key":"Ancient Potion"}],"is_trial":false,"path_per_floor":["M","M","?","$","M","R","E","R","T","?","M","T","M","M","R","B",null,"M","?","?","M","M","NM","R","M","T","M","R","?","M","AVR","R","B",null,"M","M","?","?","M","R","$","R","T","NM","M","M","AVR","M","R","B",null],"character_chosen":"IRONCLAD","items_purchased":["Fire Breathing","ReplayTheSpireMod:Shallot"],"campfire_rested":3,"item_purchase_floors":[4,41],"current_hp_per_floor":[76,80,80,80,80,80,79,79,79,79,83,91,91,94,94,97,97,100,100,78,68,51,23,55,51,65,60,60,63,71,71,71,35,143,143,146,149,90,68,112,112,112,112,19,12,18,21,27,72,72],"gold":110,"neow_bonus":"","is_daily":true,"chose_seed":false,"campfire_upgraded":6,"win_rate":0.0,"timestamp":1612278993,"path_taken":["M","?","?","$","M","R","E","R","T","?","M","?","M","M","R","BOSS","M","?","?","M","M","NM","R","M","T","?","R","?","M","AVR","R","BOSS","M","M","?","?","M","R","?","R","T","NM","M","M","AVR","?","R","BOSS"],"items_purchased_type":["Card","Relic"],"build_version":"2020-12-22","purchased_purges":0,"victory":true,"max_hp_per_floor":[80,80,80,80,80,80,80,80,80,80,83,91,91,94,94,97,97,100,100,103,106,106,109,109,109,123,126,126,129,132,132,132,135,143,143,146,149,149,149,149,149,149,149,149,149,149,152,152,152,152],"relic_stats":{"Happy Flower":[7],"counters":[24,95],"obtain_stats":[{"StuffTheSpire:Barrel":44,"Lantern":47,"Replay:Towering Pillar of Hats":7,"Happy Flower":43,"Mango":26,"Thread and Needle":38,"hubris:Towel":10,"Burning Blood":0,"Replay:Ringing Soul":9,"Frozen Eye":31,"ReplayTheSpireMod:Shallot":41,"hubris:Spice":12,"hubris:ScarierMask":17,"Bottled Lightning":23},{"StuffTheSpire:Barrel":20,"Lantern":22,"Replay:Towering Pillar of Hats":4,"Happy Flower":19,"Mango":13,"Thread and Needle":18,"hubris:Towel":4,"Burning Blood":0,"Replay:Ringing Soul":4,"Frozen Eye":15,"ReplayTheSpireMod:Shallot":19,"hubris:Spice":5,"hubris:ScarierMask":8,"Bottled Lightning":12},{"StuffTheSpire:Barrel":81,"Lantern":89,"Replay:Towering Pillar of Hats":11,"Happy Flower":73,"Mango":45,"Thread and Needle":68,"hubris:Towel":11,"Burning Blood":0,"Replay:Ringing Soul":11,"Frozen Eye":49,"ReplayTheSpireMod:Shallot":73,"hubris:Spice":14,"hubris:ScarierMask":25,"Bottled Lightning":43}],"Burning Blood":100},"card_choices":[{"not_picked":["Carnage","True Grit"],"picked":"Thunderclap","floor":1.0},{"not_picked":["Thunderclap","Twin Strike"],"picked":"hubris:SharpeningStone","floor":2.0},{"not_picked":["StuffTheSpire:Incineration","Heavy Blade"],"picked":"Ghostly Armor","floor":5.0},{"not_picked":["Warcry","StuffTheSpire:Incineration"],"picked":"Feel No Pain","floor":7.0},{"not_picked":["Dual Wield","Replay:Undeath\u0027s Touch"],"picked":"True Grit","floor":11.0},{"not_picked":["ReplayTheSpireMod:Strike From Hell","Warcry","Clothesline"],"picked":"SKIP","floor":13.0},{"not_picked":["Replay:Undeath\u0027s Touch","Shrug It Off"],"picked":"Power Through","floor":14.0},{"not_picked":["Replay:Many Hands","hubris:StunningStrike"],"picked":"Fiend Fire","floor":16.0},{"not_picked":["Life Link","Twin Strike"],"picked":"ReplayTheSpireMod:Muscle Training","floor":18.0},{"not_picked":["infinitespire:Menacing","ReplayTheSpireMod:??????????????????????"],"picked":"infinitespire:Execution","floor":20.0},{"not_picked":["StuffTheSpire:Incineration","Sentinel+1"],"picked":"Whirlwind+1","floor":21.0},{"not_picked":["Rupture","Iron Wave","Run Through"],"picked":"SKIP","floor":22.0},{"not_picked":["Anger","Rampage"],"picked":"Massacre+1","floor":23.0},{"not_picked":["StuffTheSpire:RockThrow","Carnage","Feel No Pain"],"picked":"SKIP","floor":25.0},{"not_picked":["Rage","Clothesline+1"],"picked":"Dropkick","floor":27.0},{"not_picked":["Armaments+1","Twin Strike"],"picked":"Disarm","floor":30.0},{"not_picked":["StuffTheSpire:TitanForm","Exhume"],"picked":"Impervious","floor":33.0},{"not_picked":["Armaments+1","Twin Strike","ReplayTheSpireMod:Strike From Hell"],"picked":"SKIP","floor":35.0},{"not_picked":["Blood for Blood","Heavy Blade+1"],"picked":"Battle Trance","floor":36.0},{"not_picked":["Rupture","Feel No Pain+1","ReplayTheSpireMod:Corrosion Curse+1"],"picked":"SKIP","floor":39.0},{"not_picked":["Hemokinesis","Heavy Blade+1","Rupture"],"picked":"SKIP","floor":44.0},{"not_picked":["StuffTheSpire:RockThrow+1","StuffTheSpire:Incineration","hubris:SpiceAddiction"],"picked":"SKIP","floor":45},{"not_picked":["Carnage+1","Havoc","StuffTheSpire:RagingBull+1"],"picked":"SKIP","floor":46},{"not_picked":["Uppercut+1","Shrug It Off","hubris:SpiceAddiction"],"picked":"SKIP","floor":48}],"player_experience":166382,"relics_obtained":[{"floor":7.0,"key":"Replay:Towering Pillar of Hats"},{"floor":9.0,"key":"Replay:Ringing Soul"},{"floor":12.0,"key":"hubris:Spice"},{"floor":23.0,"key":"Bottled Lightning"},{"floor":26.0,"key":"Mango"},{"floor":43.0,"key":"Happy Flower"},{"floor":44.0,"key":"StuffTheSpire:Barrel"}],"event_choices":[],"is_beta":false,"boss_relics":[{"not_picked":["hubris:RunicObelisk","Ectoplasm"],"picked":"hubris:ScarierMask"},{"not_picked":["Snecko Eye","Replay:Drink Me"],"picked":"hubris:Spice"}],"items_purged_floors":[],"is_endless":false,"potions_floor_spawned":[1,2,7,13,23,25,27,30,36,39,45,48],"ascension_level":0}}