{"host":"hzswyuuwdl03wwzr","time":1612275135,"event":{"mods":["100% Spire Juice","ATMod(∞¢Ë™Mod)","AchievementEnabler","Act Like it!","BaseMod","Gensokyo","Hallownest","Marisa£®ÏF”Í°°ƒß¿Ì…≥£©","Minty Spire (QoL Compilation)","Prisma Mod","Reliquary","Remilia_Scarlet Moed£®¿Ÿ√◊¿Ú—«°§Àπø®¿◊Ãÿ£©3.3.5","Replay The Spire","StSLib","The Animator","The Bug Knight","The Cursed","The Servant 0.9.4","Warlord Emblem","Yakumo Yukari mod","Youmu£®ªÍ∆«—˝√Œ£©","°æπ¶ƒ‹Mod°øªÏ„Á÷Æª∑–ﬁ∏¥≤π∂°","°æ“≈ŒÔø®≈∆°øREMEMod"],"gold_per_floor":[113,129,129,129,145,145,160,160,160,205,205,130,147,159,159,159,159],"floor_reached":16,"language":"ZHS","playtime":495,"items_purged":["PrismaMod:IllyaCommonDefend"],"score":97,"play_id":"81c1c11d-fada-4a98-b920-40d43fc9f985","local_time":"20210202221215","is_ascension_mode":true,"campfire_choices":[{"data":"PrismaMod:IllyaCheapChannelPoison","floor":6,"key":"SMITH"},{"data":"PrismaMod:IllyaUncommonDefend","floor":8,"key":"SMITH"},{"data":"PrismaMod:IllyaUncommonAttack","floor":15,"key":"SMITH"}],"circlet_count":0,"master_deck":["PrismaMod:IllyaCommonAttack","PrismaMod:IllyaCommonAttack","PrismaMod:IllyaCommonDefend","PrismaMod:IllyaCommonAttack","PrismaMod:IllyaCommonDefend","PrismaMod:IllyaCommonAttack","PrismaMod:IllyaCommonDefend","PrismaMod:IllyaCommonAttack","PrismaMod:IllyaCommonDefend","PrismaMod:IllyaUncommonAttack+1","PrismaMod:IllyaUncommonDefend+1","Hallownest:curseDreamersLament","PrismaMod:IllyaCheapChannelPoison+1"],"relics":["PrismaMod:PrismaRuby","AT_ATBox","REME_ComplimentaryCards","Hallownest:TeacherSealRelic","Mummified Hand","Happy Flower","Hallownest:DreamNailRelic"],"acts_visited":["Hallownest:Greenpath"],"potions_floor_usage":[16,16,16],"damage_taken":[{"damage":1,"enemies":"2_ Uuma","floor":1,"turns":6},{"damage":3,"enemies":"Hallownest:monsterHuskGuard","floor":2,"turns":6},{"damage":2,"enemies":"Hallownest:2_MossCreeps","floor":5,"turns":5},{"damage":47,"enemies":"Hallownest:MossCreep_and_Mosskin","floor":7,"turns":8},{"damage":1,"enemies":"Hallownest:2_Tiktiks_1_Baldur_1_Crawlid","floor":13,"turns":7},{"damage":1,"enemies":"Hallownest:monsterMossCharger","floor":14,"turns":4},{"damage":21,"enemies":"Hallownest:BossFalseKnight","floor":16,"turns":6}],"seed_played":"-3596437722967438660","potions_obtained":[{"floor":2,"key":"Ancient Potion"},{"floor":7,"key":"Swift Potion"},{"floor":13,"key":"DuplicationPotion"}],"is_trial":false,"path_per_floor":["M","M","T","?","M","R","M","R","T","T","?","$","M","M","R","B"],"character_chosen":"ILLYA","items_purchased":[],"campfire_rested":0,"item_purchase_floors":[],"current_hp_per_floor":[74,71,71,71,69,69,22,22,22,22,22,22,21,20,20,0,0],"gold":159,"neow_bonus":"RANDOM_EVENT","is_daily":false,"chose_seed":false,"campfire_upgraded":3,"win_rate":0.0,"timestamp":1612275135,"path_taken":["M","M","?","?","?","R","M","R","T","?","?","$","?","M","R","BOSS"],"items_purchased_type":[],"build_version":"2020-12-22","purchased_purges":1,"victory":false,"max_hp_per_floor":[75,75,75,75,75,75,75,75,75,75,75,75,75,75,75,75,75],"card_choices":[{"not_picked":["PrismaMod:IllyaBride","PrismaMod:IllyaFeed","PrismaMod:IllyaBerserCAR"],"picked":"SKIP","floor":1},{"not_picked":["PrismaMod:IllyaDetonatingBlow","PrismaMod:IllyaEvokeAll"],"picked":"PrismaMod:IllyaCheapChannelPoison","floor":2},{"not_picked":["PrismaMod:IllyaMinorZwei","PrismaMod:IllyaPoisonTippedWeapons","PrismaMod:IllyaPartialInstallAssassin"],"picked":"SKIP","floor":5},{"not_picked":["PrismaMod:IllyaUncommonAOEAttack","PrismaMod:IllyaUncommonAttack","PrismaMod:IllyaPoisonBlock"],"picked":"SKIP","floor":7},{"not_picked":["PrismaMod:IllyaGrailKun","PrismaMod:IllyaCheapChannelDefend","PrismaMod:IllyaCommonEvoke"],"picked":"SKIP","floor":13},{"not_picked":["PrismaMod:IllyaPoisonBlock","PrismaMod:IllyaMinorZwei","PrismaMod:IllyaAlice"],"picked":"SKIP","floor":14}],"player_experience":39997,"relics_obtained":[{"floor":3,"key":"Mummified Hand"},{"floor":10,"key":"Happy Flower"}],"event_choices":[],"is_beta":false,"boss_relics":[],"items_purged_floors":[12],"is_endless":false,"potions_floor_spawned":[2,7,13],"killed_by":"Hallownest:BossFalseKnight","ascension_level":1}}