{"host":"n43wxkei7kulhi8o","time":1612234484,"event":{"mods":["BaseMod","Bestiary","Block Reminder","Colored Map","Curses Come First","Custom Start","Highlight Path","Minty Spire (QoL Compilation)","Quick Restart","Relic Stats","StSLib"],"gold_per_floor":[111,127,202,213,213,224,224,234,234,234,199,228,257,273,273,377,377,397,50,70,70,70,70,70,82,82,98,98,98,98,116,116,218,218,218],"floor_reached":34,"language":"ENG","playtime":954,"items_purged":[],"score":377,"play_id":"7a31df5e-880d-429a-901e-500ad338a16f","local_time":"20210201215444","is_ascension_mode":false,"campfire_choices":[{"data":"Zap","floor":7,"key":"SMITH"},{"data":"Dualcast","floor":10,"key":"SMITH"},{"floor":15,"key":"REST"},{"floor":23,"key":"REST"},{"data":"Coolheaded","floor":28,"key":"SMITH"},{"floor":32,"key":"REST"}],"circlet_count":0,"master_deck":["Defend_B","Defend_B","Defend_B","Defend_B","Zap+1","Dualcast+1","Streamline","Coolheaded+1","Ball Lightning","Leap","Electrodynamics","Capacitor","Thunder Strike","Turbo","Glacier","Conserve Battery","Bite","Bite","Bite","Bite","Bite","Echo Form"],"relics":["Cracked Core","Omamori","Question Card","HornCleat","Odd Mushroom","SacredBark","Shuriken","Mercury Hourglass","Sozu"],"acts_visited":["Exordium","TheCity","TheBeyond"],"potions_floor_usage":[31,33,33],"damage_taken":[{"damage":1,"enemies":"Cultist","floor":1,"turns":4},{"damage":1,"enemies":"Jaw Worm","floor":2,"turns":3},{"damage":6,"enemies":"2 Louse","floor":4,"turns":2},{"damage":0,"enemies":"Large Slime","floor":6,"turns":5},{"damage":6,"enemies":"3 Louse","floor":8,"turns":2},{"damage":51,"enemies":"Gremlin Nob","floor":12,"turns":5},{"damage":13,"enemies":"The Mushroom Lair","floor":13,"turns":3},{"damage":0,"enemies":"Blue Slaver","floor":14,"turns":3},{"damage":5,"enemies":"Slime Boss","floor":16,"turns":7},{"damage":1,"enemies":"Chosen","floor":18,"turns":4},{"damage":3,"enemies":"Shell Parasite","floor":20,"turns":5},{"damage":29,"enemies":"Cultist and Chosen","floor":25,"turns":7},{"damage":21,"enemies":"Centurion and Healer","floor":27,"turns":6},{"damage":21,"enemies":"Snake Plant","floor":31,"turns":5},{"damage":29,"enemies":"Collector","floor":33,"turns":9}],"seed_played":"2560175081937962624","potions_obtained":[{"floor":2,"key":"PotionOfCapacity"},{"floor":13,"key":"LiquidBronze"},{"floor":14,"key":"Ancient Potion"},{"floor":18,"key":"LiquidMemories"},{"floor":33,"key":"GamblersBrew"}],"is_trial":false,"path_per_floor":["M","M","?","M","?","M","R","M","T","R","?","E","?","M","R","B",null,"M","$","M","?","?","R","$","M","T","M","R","?","?","M","R","B",null],"character_chosen":"DEFECT","items_purchased":["Shuriken","Turbo","Glacier"],"campfire_rested":3,"item_purchase_floors":[19,19,19],"current_hp_per_floor":[74,73,62,56,61,61,61,55,55,55,75,24,11,11,35,30,80,79,79,76,76,76,80,80,51,51,30,30,30,30,15,31,20,56,56],"gold":218,"neow_bonus":"RANDOM_COMMON_RELIC","is_daily":false,"chose_seed":false,"campfire_upgraded":3,"win_rate":0.0,"timestamp":1612234484,"path_taken":["M","?","?","M","?","M","R","M","T","R","?","E","?","M","R","BOSS","M","$","M","?","?","R","?","M","T","?","R","?","?","M","R","BOSS"],"items_purchased_type":["Relic","Card","Card"],"build_version":"2020-12-22","purchased_purges":0,"victory":false,"max_hp_per_floor":[75,75,75,75,80,80,80,80,80,80,80,80,80,80,80,80,80,80,80,80,80,80,80,80,80,80,80,80,80,56,56,56,56,56,56],"relic_stats":{"Sozu":0,"counters":[15,70],"Shuriken":[2],"Question Card":10,"obtain_stats":[{"Sozu":34,"HornCleat":12,"Shuriken":19,"SacredBark":17,"Omamori":0,"Odd Mushroom":13,"Cracked Core":0,"Question Card":9,"Mercury Hourglass":26},{"Sozu":15,"HornCleat":6,"Shuriken":10,"SacredBark":9,"Omamori":0,"Odd Mushroom":7,"Cracked Core":0,"Question Card":5,"Mercury Hourglass":12},{"Sozu":70,"HornCleat":21,"Shuriken":38,"SacredBark":34,"Omamori":0,"Odd Mushroom":24,"Cracked Core":0,"Question Card":16,"Mercury Hourglass":50}],"Mercury Hourglass":[90]},"card_choices":[{"not_picked":["Compile Driver","Go for the Eyes"],"picked":"Streamline","floor":1},{"not_picked":["Doom and Gloom","Stack"],"picked":"Coolheaded","floor":2},{"not_picked":["Redo","Barrage","Cold Snap"],"picked":"SKIP","floor":4},{"not_picked":["Beam Cell","Compile Driver","Meteor Strike"],"picked":"SKIP","floor":6},{"not_picked":["Leap","Compile Driver"],"picked":"Ball Lightning","floor":8},{"not_picked":["Aggregate","Undo","Beam Cell"],"picked":"Leap","floor":12},{"not_picked":["Turbo","Recycle","Darkness"],"picked":"Electrodynamics","floor":13},{"not_picked":["Hologram","Coolheaded","Sweeping Beam"],"picked":"Capacitor","floor":14},{"not_picked":["Biased Cognition","Buffer","Creative AI"],"picked":"Thunder Strike","floor":16},{"not_picked":["Steam Power","Force Field","Hologram","Self Repair+1"],"picked":"SKIP","floor":18},{"not_picked":["Stack","Streamline+1","Redo","Electrodynamics"],"picked":"SKIP","floor":20},{"not_picked":["Turbo","FTL","Steam","Cold Snap"],"picked":"SKIP","floor":25},{"not_picked":["Ball Lightning","Coolheaded","Leap+1"],"picked":"Conserve Battery","floor":27},{"not_picked":["Static Discharge","Rip and Tear","Lockon","Capacitor"],"picked":"SKIP","floor":31},{"not_picked":["Core Surge","Reboot","Buffer"],"picked":"Echo Form","floor":33}],"player_experience":665343,"relics_obtained":[{"floor":9,"key":"Question Card"},{"floor":12,"key":"HornCleat"},{"floor":13,"key":"Odd Mushroom"},{"floor":26,"key":"Mercury Hourglass"}],"event_choices":[{"damage_healed":0,"gold_gain":75,"player_choice":"Gather Gold","damage_taken":11,"max_hp_gain":0,"max_hp_loss":0,"event_name":"World of Goop","floor":3,"gold_loss":0},{"damage_healed":0,"gold_gain":0,"player_choice":"Donut","damage_taken":0,"max_hp_gain":5,"max_hp_loss":0,"event_name":"Big Fish","floor":5,"gold_loss":0},{"damage_healed":20,"gold_gain":0,"player_choice":"Healed","damage_taken":0,"max_hp_gain":0,"max_hp_loss":0,"event_name":"The Cleric","floor":11,"gold_loss":35},{"damage_healed":0,"gold_gain":0,"player_choice":"Fought Mushrooms","damage_taken":0,"max_hp_gain":0,"max_hp_loss":0,"event_name":"Mushrooms","floor":13,"gold_loss":0},{"damage_healed":0,"gold_gain":0,"player_choice":"Smashed Altar","damage_taken":0,"max_hp_gain":0,"max_hp_loss":0,"event_name":"Forgotten Altar","floor":21,"gold_loss":0,"cards_obtained":["Decay"]},{"damage_healed":0,"gold_gain":0,"player_choice":"Ignored","damage_taken":0,"max_hp_gain":0,"max_hp_loss":0,"event_name":"Cursed Tome","floor":22,"gold_loss":0},{"damage_healed":0,"gold_gain":0,"player_choice":"Ignored","damage_taken":0,"max_hp_gain":0,"max_hp_loss":0,"event_name":"Beggar","floor":29,"gold_loss":0},{"damage_healed":0,"gold_gain":0,"player_choice":"Became a vampire","damage_taken":0,"max_hp_gain":0,"max_hp_loss":24,"event_name":"Vampires","floor":30,"gold_loss":0,"cards_obtained":["Bite","Bite","Bite","Bite","Bite"]}],"is_beta":false,"boss_relics":[{"not_picked":["Calling Bell","Runic Pyramid"],"picked":"SacredBark"},{"not_picked":["Tiny House","Astrolabe"],"picked":"Sozu"}],"items_purged_floors":[],"is_endless":false,"potions_floor_spawned":[2,13,14,16,18,27,33],"ascension_level":0}}