{"host":"6bsan6hkua32tfq7","time":1612240438,"event":{"mods":["BaseMod","Better Third Choice","Colored Map","Highlight Path","Minty Spire (QoL Compilation)","StSLib"],"gold_per_floor":[13,27,27,47,0,0,25,25,25,51,1,17,37,37,37,114,114,133,83,102,102,52,52,52,52],"floor_reached":24,"language":"ENG","playtime":700,"items_purged":["Strike_R","Strike_R","Strike_R"],"score":408,"play_id":"9b75b89a-c178-40dd-9ce7-ff3e75914eae","local_time":"20210202053358","is_ascension_mode":true,"campfire_choices":[{"data":"Bash","floor":6,"key":"SMITH"},{"data":"Double Tap","floor":8,"key":"SMITH"},{"data":"Anger","floor":15,"key":"SMITH"},{"floor":23,"key":"REST"}],"circlet_count":0,"master_deck":["AscendersBane","Strike_R","Strike_R","Defend_R","Defend_R","Defend_R","Defend_R","Bash+1","Anger+1","Evolve","Shrug It Off","Metallicize","Double Tap+1","Shrug It Off","Demon Form","Fire Breathing","Rampage+1"],"relics":["Burning Blood","Champion Belt","Pantograph","Regal Pillow","Smiling Mask","Matryoshka","SlaversCollar"],"acts_visited":["Exordium","TheCity"],"potions_floor_usage":[7,20],"damage_taken":[{"damage":6,"enemies":"2 Louse","floor":1,"turns":3},{"damage":0,"enemies":"Cultist","floor":2,"turns":2},{"damage":4,"enemies":"Small Slimes","floor":4,"turns":3},{"damage":8,"enemies":"Looter","floor":5,"turns":5},{"damage":36,"enemies":"Gremlin Nob","floor":7,"turns":5},{"damage":20,"enemies":"3 Sentries","floor":10,"turns":9},{"damage":10,"enemies":"Large Slime","floor":12,"turns":5},{"damage":11,"enemies":"Exordium Thugs","floor":13,"turns":6},{"damage":40,"enemies":"Hexaghost","floor":16,"turns":11},{"damage":16,"enemies":"Shell Parasite","floor":18,"turns":6},{"damage":28,"enemies":"2 Thieves","floor":20,"turns":4},{"damage":45,"enemies":"Book of Stabbing","floor":24,"turns":5}],"seed_played":"7627382323861736940","potions_obtained":[{"floor":1,"key":"FearPotion"},{"floor":2,"key":"Ancient Potion"},{"floor":12,"key":"ElixirPotion"},{"floor":18,"key":"LiquidMemories"}],"is_trial":false,"path_per_floor":["M","M","?","M","M","R","E","R","T","E","$","M","M","$","R","B",null,"M","$","M","?","$","R","E"],"character_chosen":"IRONCLAD","items_purchased":[],"campfire_rested":1,"item_purchase_floors":[],"current_hp_per_floor":[68,74,74,75,73,73,43,43,43,29,29,25,20,20,20,11,59,49,49,27,6,6,45,0,0],"gold":52,"neow_bonus":"ONE_RARE_RELIC","is_daily":false,"chose_seed":false,"campfire_upgraded":3,"win_rate":0.0,"timestamp":1612240438,"path_taken":["M","M","?","M","?","R","E","R","T","E","$","M","M","$","R","BOSS","M","$","M","?","$","R","E"],"items_purchased_type":[],"build_version":"2020-12-22","purchased_purges":3,"victory":false,"max_hp_per_floor":[75,75,75,75,75,75,75,75,75,75,75,75,75,75,75,75,75,75,75,75,80,80,80,80,80],"card_choices":[{"not_picked":["Dual Wield","Dark Embrace"],"picked":"Anger","floor":1},{"not_picked":["Second Wind","Sword Boomerang"],"picked":"Evolve","floor":2},{"not_picked":["Havoc","Blood for Blood"],"picked":"Shrug It Off","floor":4},{"not_picked":["Evolve","Sword Boomerang"],"picked":"Metallicize","floor":5},{"not_picked":["Havoc","Flame Barrier"],"picked":"Double Tap","floor":7},{"not_picked":["Flame Barrier","Body Slam"],"picked":"Shrug It Off","floor":10},{"not_picked":["Whirlwind","Armaments","Cleave"],"picked":"SKIP","floor":12},{"not_picked":["Dropkick","Body Slam","Second Wind"],"picked":"SKIP","floor":13},{"not_picked":["Brutality","Fiend Fire"],"picked":"Demon Form","floor":16},{"not_picked":["Second Wind","Thunderclap+1"],"picked":"Fire Breathing","floor":18},{"not_picked":["Iron Wave","Wild Strike"],"picked":"Rampage+1","floor":20}],"player_experience":5367900,"relics_obtained":[{"floor":7,"key":"Regal Pillow"},{"floor":9,"key":"Smiling Mask"},{"floor":10,"key":"Matryoshka"}],"event_choices":[{"damage_healed":0,"gold_gain":0,"player_choice":"Gave Potion","damage_taken":0,"relics_obtained":["Pantograph"],"max_hp_gain":0,"max_hp_loss":0,"event_name":"WeMeetAgain","floor":3,"gold_loss":0},{"damage_healed":0,"gold_gain":0,"player_choice":"Shed Blood","damage_taken":26,"max_hp_gain":5,"max_hp_loss":0,"event_name":"Forgotten Altar","floor":21,"gold_loss":0}],"is_beta":false,"boss_relics":[{"not_picked":["Tiny House","Black Blood"],"picked":"SlaversCollar"}],"items_purged_floors":[11,19,22],"is_endless":false,"potions_floor_spawned":[1,2,12,18],"killed_by":"Book of Stabbing","ascension_level":20}}