{"host":"qbjtml023iza03hb","time":1612298439,"event":{"mods":["AchievementEnabler","BaseMod","Better Sensory Stone","Better Skull","Hermit","Minty Spire (QoL Compilation)","StSLib","The Animator","The Cursed"],"gold_per_floor":[111,111,227,250,275,275,295,313,338,374,389,389,236,269,269,393,393,409,517,536,612,632,667,667,685,685,729,804,823,847,653,653,782,782,805,805,826,588,660,694,396,396,396,396,405,441,466,22,22,22,22,22,22,55,55],"floor_reached":56,"language":"FRA","playtime":4769,"items_purged":["TheCursedMod:CircleOfBlood"],"score":1485,"play_id":"26dc2631-316a-487c-9000-6cb53fb2e1a3","local_time":"20210202214039","is_ascension_mode":true,"campfire_choices":[{"data":"TheCursedMod:Neurasthenia","floor":6,"key":"SMITH"},{"data":"TheCursedMod:CollectTribute","floor":12,"key":"SMITH"},{"data":"TheCursedMod:HellfireBreathing","floor":15,"key":"SMITH"},{"data":"TheCursedMod:CursedMace","floor":24,"key":"SMITH"},{"data":"TheCursedMod:CursedSpellbook","floor":32,"key":"SMITH"},{"data":"TheCursedMod:Neurasthenia","floor":42,"key":"SMITH"},{"data":"TheCursedMod:HellfireBreathing","floor":44,"key":"SMITH"},{"floor":49,"key":"RECALL"},{"data":"TheCursedMod:Neurasthenia","floor":52,"key":"SMITH"}],"circlet_count":0,"master_deck":["TheCursedMod:CleanUpWorkshop","TheCursedMod:CursedSpellbook+1","TheCursedMod:AbyssShockwave+1","TheCursedMod:SoulReap","TheCursedMod:SoulCrush","TheCursedMod:LuckyCharm","TheCursedMod:TroublousMinions","TheCursedMod:TroublousMinions","TheCursedMod:CollectTribute+1","Injury","TheCursedMod:BlessingInDisguise","TheCursedMod:Neurasthenia+1","TheCursedMod:Neurasthenia+1","Impatience","TheCursedMod:HellfireBreathing+1","TheCursedMod:VoidForm","TheCursedMod:CursedSpellbook+1","TheCursedMod:CursedMace+1","TheCursedMod:LuckyCharm","TheCursedMod:LuckyCharm","TheCursedMod:CollectTribute","TheCursedMod:Evocation+1","TheCursedMod:HellfireBreathing+1","Writhe","TheCursedMod:Neurasthenia+1","Dark Shackles"],"relics":["TheCursedMod:SoulVessel","Golden Idol","Akabeko","Orichalcum","Pen Nib","PreservedInsect","Smiling Mask","TheCursedMod:FourLeafCloverCharm","Blood Vial","Bottled Tornado","Lantern","Sundial","CeramicFish","Bag of Marbles","Coffee Dripper","Bronze Scales","Toy Ornithopter","Bag of Preparation","Bottled Lightning","Unceasing Top","Mercury Hourglass","ClockworkSouvenir","Pantograph","Happy Flower","Medical Kit","Blue Candle"],"acts_visited":["Exordium","TheCity","TheBeyond","TheEnding"],"potions_floor_usage":[10,16,18,23,27,33,33,39,40,50,55,55,55],"damage_taken":[{"damage":0,"enemies":"2 Louse","floor":1,"turns":1},{"damage":0,"enemies":"Cultist","floor":4,"turns":2},{"damage":1,"enemies":"Jaw Worm","floor":5,"turns":3},{"damage":0,"enemies":"Lots of Slimes","floor":7,"turns":2},{"damage":0,"enemies":"Exordium Thugs","floor":8,"turns":3},{"damage":4,"enemies":"3 Sentries","floor":10,"turns":6},{"damage":0,"enemies":"Red Slaver","floor":11,"turns":2},{"damage":0,"enemies":"Lagavulin","floor":14,"turns":4},{"damage":6,"enemies":"Slime Boss","floor":16,"turns":6},{"damage":0,"enemies":"Spheric Guardian","floor":18,"turns":3},{"damage":0,"enemies":"Shell Parasite","floor":20,"turns":3},{"damage":4,"enemies":"Centurion and Healer","floor":22,"turns":5},{"damage":0,"enemies":"Slavers","floor":23,"turns":3},{"damage":0,"enemies":"Cultist and Chosen","floor":25,"turns":4},{"damage":6,"enemies":"Book of Stabbing","floor":27,"turns":4},{"damage":0,"enemies":"Snecko","floor":29,"turns":5},{"damage":2,"enemies":"Centurion and Healer","floor":30,"turns":3},{"damage":0,"enemies":"Collector","floor":33,"turns":7},{"damage":0,"enemies":"Orb Walker","floor":35,"turns":3},{"damage":1,"enemies":"3 Shapes","floor":37,"turns":1},{"damage":0,"enemies":"Mind Bloom Boss Battle","floor":39,"turns":3},{"damage":43,"enemies":"Reptomancer","floor":40,"turns":6},{"damage":0,"enemies":"Nemesis","floor":46,"turns":7},{"damage":15,"enemies":"Jaw Worm Horde","floor":47,"turns":4},{"damage":0,"enemies":"Awakened One","floor":50,"turns":6},{"damage":16,"enemies":"Shield and Spear","floor":54,"turns":5},{"damage":24,"enemies":"The Heart","floor":55,"turns":8}],"seed_played":"-5260400554777592008","potions_obtained":[{"floor":5,"key":"BlessingOfTheForge"},{"floor":8,"key":"Fire Potion"},{"floor":10,"key":"Dexterity Potion"},{"floor":11,"key":"SpeedPotion"},{"floor":14,"key":"PowerPotion"},{"floor":20,"key":"Strength Potion"},{"floor":22,"key":"FearPotion"},{"floor":25,"key":"Explosive Potion"},{"floor":33,"key":"Explosive Potion"},{"floor":35,"key":"Swift Potion"},{"floor":37,"key":"EssenceOfSteel"},{"floor":47,"key":"Swift Potion"},{"floor":54,"key":"Weak Potion"}],"is_trial":false,"path_per_floor":["M","?","?","M","M","R","M","M","T","E","M","R","$","E","R","B",null,"M","?","M","T","M","E","R","M","T","E","?","M","M","$","R","B",null,"M","?","M","$","?","E","$","R","T","R","?","E","M","$","R","B",null,"R","$","E","B",null],"character_chosen":"THE_CURSED","items_purchased":["Impatience","TheCursedMod:HellfireBreathing","Bag of Marbles","Bottled Lightning","ClockworkSouvenir","TheCursedMod:DregsPotion","TheCursedMod:HellfireBreathing","Happy Flower","Medical Kit","TheCursedMod:Neurasthenia","Dark Shackles"],"campfire_rested":0,"item_purchase_floors":[13,13,31,38,41,41,41,48,48,48,48],"current_hp_per_floor":[71,71,24,44,69,69,81,89,89,89,89,89,89,89,89,89,89,89,48,58,58,84,89,89,89,89,89,81,89,89,89,89,89,89,89,28,29,29,70,64,64,64,64,64,86,89,84,84,84,89,89,89,89,88,89],"gold":55,"neow_bonus":"TWENTY_PERCENT_HP_BONUS","is_daily":false,"chose_seed":false,"campfire_upgraded":8,"win_rate":0.0,"timestamp":1612298439,"path_taken":["M","?","?","?","M","R","M","M","T","E","M","R","$","E","R","BOSS","M","?","?","?","?","E","R","M","T","E","?","?","M","$","R","BOSS","M","?","?","$","?","E","$","R","T","R","?","E","M","?","R","BOSS","R","$","E","BOSS"],"items_purchased_type":["Card","Card","Relic","Relic","Relic","Potion","Card","Relic","Relic","Card","Card"],"build_version":"2020-12-22","purchased_purges":1,"victory":true,"max_hp_per_floor":[89,89,89,89,89,89,89,89,89,89,89,89,89,89,89,89,89,89,89,89,89,89,89,89,89,89,89,89,89,89,89,89,89,89,89,89,89,89,89,89,89,89,89,89,89,89,89,89,89,89,89,89,89,89,89],"card_choices":[{"not_picked":["TheCursedMod:FleshFromBone","TheCursedMod:Torture","TheCursedMod:CircleOfFlame"],"picked":"SKIP","floor":1},{"not_picked":["TheCursedMod:SpitefulPray","TheCursedMod:Wield"],"picked":"TheCursedMod:BlessingInDisguise","floor":4},{"not_picked":["TheCursedMod:RapidMovement","TheCursedMod:Obscuration"],"picked":"TheCursedMod:Neurasthenia","floor":5},{"not_picked":["TheCursedMod:Stigma","TheCursedMod:EmpowerCircles","TheCursedMod:StingEye"],"picked":"SKIP","floor":7},{"not_picked":["TheCursedMod:Stigma","TheCursedMod:SoulCrush","TheCursedMod:Torture"],"picked":"SKIP","floor":8},{"not_picked":["TheCursedMod:SpitefulStrike","TheCursedMod:RavingStaff"],"picked":"TheCursedMod:Neurasthenia","floor":10},{"not_picked":["TheCursedMod:BloodBarrier","TheCursedMod:CursedBlade","TheCursedMod:Stigma"],"picked":"SKIP","floor":11},{"not_picked":["TheCursedMod:SpitefulPray","TheCursedMod:VitalStrike","TheCursedMod:SurpriseAttack"],"picked":"SKIP","floor":14},{"not_picked":["TheCursedMod:CursedRelics","TheCursedMod:CircleOfAbyss"],"picked":"TheCursedMod:VoidForm","floor":16},{"not_picked":["TheCursedMod:EmpowerCircles","TheCursedMod:CircleOfFlame+1","TheCursedMod:ReleasedKnowledge"],"picked":"SKIP","floor":18},{"not_picked":["TheCursedMod:CursedShiv","TheCursedMod:Wield+1"],"picked":"TheCursedMod:CursedSpellbook+1","floor":20},{"not_picked":["TheCursedMod:StingEye","TheCursedMod:WearCloak","TheCursedMod:CursedBlade+1"],"picked":"SKIP","floor":22},{"not_picked":["TheCursedMod:CursedBlade","TheCursedMod:CircleOfFlame"],"picked":"TheCursedMod:CursedMace","floor":23},{"not_picked":["TheCursedMod:RavingStaff","TheCursedMod:CircleOfBlood"],"picked":"TheCursedMod:LuckyCharm","floor":25},{"not_picked":["TheCursedMod:OutForBlood","TheCursedMod:AshesToAshes"],"picked":"TheCursedMod:LuckyCharm","floor":27},{"not_picked":["TheCursedMod:FleshFromBone","TheCursedMod:RapidMovement","TheCursedMod:CursedShiv"],"picked":"SKIP","floor":29},{"not_picked":["TheCursedMod:Stigma","TheCursedMod:SmokeScreen","TheCursedMod:CursedBlade"],"picked":"SKIP","floor":30},{"not_picked":["TheCursedMod:OutForBlood","TheCursedMod:ForbiddenAlchemy"],"picked":"TheCursedMod:CollectTribute","floor":33},{"not_picked":["TheCursedMod:Torture+1","TheCursedMod:CursedShiv","TheCursedMod:SmokeScreen"],"picked":"SKIP","floor":35},{"not_picked":["TheCursedMod:FleshFromBone","TheCursedMod:ReleasedKnowledge","TheCursedMod:BloodBarrier"],"picked":"SKIP","floor":37},{"not_picked":["TheCursedMod:CursedShiv","TheCursedMod:Torture+1"],"picked":"TheCursedMod:Evocation+1","floor":39},{"not_picked":["TheCursedMod:SmokeScreen","TheCursedMod:RavingStaff","TheCursedMod:ReleasedKnowledge+1"],"picked":"SKIP","floor":40},{"not_picked":["TheCursedMod:BlessingInDisguise","TheCursedMod:Stretching","TheCursedMod:WearCloak"],"picked":"SKIP","floor":46},{"not_picked":["TheCursedMod:Obscuration+1","TheCursedMod:CursedArmor+1","TheCursedMod:SpreadPlague"],"picked":"SKIP","floor":47},{"not_picked":["TheCursedMod:SoulCrush","TheCursedMod:CursedMace+1","TheCursedMod:ReleasedStrength"],"picked":"SKIP","floor":54}],"player_experience":542706,"relics_obtained":[{"floor":9,"key":"Pen Nib"},{"floor":10,"key":"PreservedInsect"},{"floor":14,"key":"Smiling Mask"},{"floor":21,"key":"Bottled Tornado"},{"floor":23,"key":"Lantern"},{"floor":26,"key":"Sundial"},{"floor":27,"key":"CeramicFish"},{"floor":39,"key":"Unceasing Top"},{"floor":40,"key":"Mercury Hourglass"},{"floor":46,"key":"Pantograph"},{"floor":54,"key":"Blue Candle"}],"event_choices":[{"damage_healed":0,"gold_gain":0,"player_choice":"Take Wound","damage_taken":0,"relics_obtained":["Golden Idol"],"max_hp_gain":0,"max_hp_loss":0,"event_name":"Golden Idol","floor":2,"gold_loss":0,"cards_obtained":["Injury"]},{"damage_healed":0,"gold_gain":116,"player_choice":"RE RE GO ","damage_taken":52,"relics_obtained":["Akabeko","Orichalcum"],"max_hp_gain":0,"max_hp_loss":0,"event_name":"betterSkull:BetterSkull","floor":3,"gold_loss":0,"cards_upgraded":[]},{"damage_healed":0,"gold_gain":108,"player_choice":"UP RE GO ","damage_taken":46,"relics_obtained":["Blood Vial"],"max_hp_gain":0,"max_hp_loss":0,"event_name":"betterSkull:BetterSkull","floor":19,"gold_loss":0,"cards_upgraded":["TheCursedMod:AbyssShockwave"]},{"damage_healed":0,"gold_gain":75,"player_choice":"Touch","damage_taken":8,"max_hp_gain":0,"max_hp_loss":0,"event_name":"FaceTrader","floor":28,"gold_loss":0},{"damage_healed":0,"gold_gain":0,"player_choice":"RE RE RE ","damage_taken":67,"relics_obtained":["Bronze Scales","Toy Ornithopter","Bag of Preparation"],"max_hp_gain":0,"max_hp_loss":0,"event_name":"betterSkull:BetterSkull","floor":36,"gold_loss":0,"cards_upgraded":[]},{"damage_healed":0,"gold_gain":0,"player_choice":"Fight","damage_taken":0,"max_hp_gain":0,"max_hp_loss":0,"event_name":"MindBloom","floor":39,"gold_loss":0},{"damage_healed":22,"gold_gain":0,"player_choice":"Writhe","damage_taken":0,"max_hp_gain":0,"max_hp_loss":0,"event_name":"Winding Halls","floor":45,"gold_loss":0,"cards_obtained":["Writhe"]}],"is_beta":false,"boss_relics":[{"not_picked":["Velvet Choker","Snecko Eye"],"picked":"TheCursedMod:FourLeafCloverCharm"},{"not_picked":["Fusion Hammer","SlaversCollar"],"picked":"Coffee Dripper"}],"items_purged_floors":[31],"is_endless":false,"potions_floor_spawned":[5,8,10,11,14,20,22,25,33,35,37,47,54],"ascension_level":1}}