{"host":"am0cr9xwekqmrere","time":1612297401,"event":{"mods":["AchievementEnabler","Act Like it!","BaseMod","Better Altar","Better Match","Better Note","Better Sensory Stone","Better Skull","Better Third Choice","BetterRewards","Conspire","Downfall","Hubris","Infinite Spire","Minty Spire (QoL Compilation)","Rare Cards Sparkle","Spicy Shops","StSLib","Unceasing Turn Reminder"],"gold_per_floor":[99,99,99,99,99,99,99,99,134,152,172,189,204,19,30,30,30,30],"floor_reached":16,"language":"ENG","playtime":473,"items_purged":[],"score":100,"play_id":"23f04785-cdb5-4066-a316-d7d96e5670f2","local_time":"20210202142321","is_ascension_mode":false,"campfire_choices":[{"data":"champ:Taunt","floor":1,"key":"SMITH"},{"data":"champ:EndlessRage","floor":8,"key":"SMITH"}],"circlet_count":0,"master_deck":["champ:Strike","champ:Strike","champ:Strike","champ:Strike","champ:Defend","champ:Defend","champ:Defend","champ:Defend","champ:Execute","champ:Taunt+1","champ:EndlessRage+1","champ:StanceDance","champ:GutPunch","champ:FanOfKnives","champ:RisingSlash","champ:CheapShot","champ:HeartStrike","champ:PreciseThrust","champ:IgnorePain","champ:Haymaker","champ:FocusedDefense"],"relics":["champ:ChampionCrown","downfall:HeartsMalice","Frozen Egg 2","Bronze Scales","hexamod:BolsterEngine","hubris:TenFootPole"],"acts_visited":["Exordium"],"potions_floor_usage":[12,12,14,16,16],"damage_taken":[{"damage":0,"enemies":"Cultist","floor":2,"turns":1},{"damage":0,"enemies":"2 Louse","floor":3,"turns":1},{"damage":0,"enemies":"Jaw Worm","floor":5,"turns":1},{"damage":74,"enemies":"Lagavulin","floor":9,"turns":7},{"damage":22,"enemies":"Exordium Thugs","floor":10,"turns":3},{"damage":29,"enemies":"Blue Slaver","floor":11,"turns":4},{"damage":10,"enemies":"3 Louse","floor":12,"turns":2},{"damage":19,"enemies":"Exordium Wildlife","floor":13,"turns":4},{"damage":25,"enemies":"downfall:FleeingMerchant","floor":14,"turns":5},{"damage":10,"enemies":"Red Slaver","floor":15,"turns":4},{"damage":36,"enemies":"WA_ARCHETYPE_RETAIN","floor":16,"turns":4}],"seed_played":"6393361453555345980","potions_obtained":[{"floor":9,"key":"BlessingOfTheForge"},{"floor":10,"key":"Energy Potion"},{"floor":11,"key":"DistilledChaos"},{"floor":12,"key":"champ:TechniquePotion"},{"floor":13,"key":"LiquidBronze"},{"floor":15,"key":"Dexterity Potion"}],"is_trial":false,"path_per_floor":["R","M","M","?","M","?","T","R","E","M","M","M","M","$","M","B"],"character_chosen":"THE_CHAMP","items_purchased":["hubris:TenFootPole","champ:Haymaker"],"campfire_rested":0,"item_purchase_floors":[14,14],"current_hp_per_floor":[90,90,90,90,90,90,90,90,46,34,20,20,16,16,16,0,0,0],"gold":30,"neow_bonus":"THREE_ENEMY_KILL","is_daily":false,"chose_seed":false,"campfire_upgraded":2,"win_rate":0.0,"timestamp":1612297401,"path_taken":["R","M","M","?","M","?","T","R","E","M","M","M","M","$","M","BOSS"],"items_purchased_type":["Relic","Card"],"build_version":"2020-12-22","purchased_purges":0,"victory":false,"max_hp_per_floor":[90,90,90,90,90,90,90,90,90,90,90,90,90,90,90,90,90,90],"card_choices":[{"not_picked":["champ:CrownThrow","champ:PreciseThrust"],"picked":"champ:EndlessRage","floor":2},{"not_picked":["champ:BerserkersShout","champ:AdrenalArmor"],"picked":"champ:StanceDance","floor":3},{"not_picked":["champ:HeavySlash","champ:DefensiveShout"],"picked":"champ:AdrenalArmor","floor":5},{"not_picked":["champ:Duel","champ:Parry"],"picked":"champ:FanOfKnives","floor":9},{"not_picked":["champ:AdrenalArmor","champ:Circumvent"],"picked":"champ:RisingSlash","floor":10},{"not_picked":["champ:FocusedBerserking","champ:StanceDance"],"picked":"champ:CheapShot","floor":11},{"not_picked":["champ:FanOfKnives","champ:EnGarde"],"picked":"champ:HeartStrike","floor":12},{"not_picked":["champ:Backstep","champ:DefensiveShout"],"picked":"champ:PreciseThrust","floor":13},{"not_picked":["champ:DefensiveShout","champ:GutPunch"],"picked":"champ:IgnorePain","floor":14},{"not_picked":["champ:CrownThrow","champ:GladiatorStyle+1"],"picked":"champ:FocusedDefense","floor":15}],"player_experience":2714613,"relics_obtained":[{"floor":4,"key":"Frozen Egg 2"},{"floor":7,"key":"Bronze Scales"},{"floor":9,"key":"hexamod:BolsterEngine"}],"event_choices":[],"is_beta":false,"boss_relics":[],"items_purged_floors":[],"is_endless":false,"potions_floor_spawned":[9,10,11,12,13,15],"killed_by":"WA_ARCHETYPE_RETAIN","ascension_level":0}}