{"host":"k7udt7atmcuzf6l0","time":1612234410,"event":{"mods":["AchievementEnabler","BaseMod","BetterRewards","Colored Map","Colored Powertips","Highlight Path","Minty Spire (QoL Compilation)","Quick Restart","Rare Cards Sparkle","Relic Stats","StSLib","UnlockEverythingMod"],"gold_per_floor":[112,187,187,199,199,237,318,318,400,400,675,699,699,104,104,235,235,249,249,100,100,100,100,138,138,211,211,227,271,291,316,316,440,440,461,461,486,85,99,132,132,157,157,157,182,222,242,267,267,267],"floor_reached":51,"language":"ZHS","playtime":1376,"items_purged":["Regret","Writhe"],"score":796,"play_id":"8623a3fc-3ba3-495d-bcd2-ce2002be8bda","local_time":"20210202105330","is_ascension_mode":false,"campfire_choices":[{"data":"Spot Weakness","floor":8.0,"key":"SMITH"},{"data":"Cleave","floor":10.0,"key":"SMITH"},{"data":"Bludgeon","floor":15.0,"key":"SMITH"},{"data":"Limit Break","floor":23.0,"key":"SMITH"},{"data":"Bash","floor":25.0,"key":"SMITH"},{"data":"Headbutt","floor":27.0,"key":"SMITH"},{"floor":32.0,"key":"RECALL"},{"data":"Berserk","floor":41,"key":"SMITH"},{"data":"Battle Trance","floor":44,"key":"SMITH"},{"floor":49,"key":"REST"}],"circlet_count":0,"master_deck":["Strike_R+1","Strike_R+1","Strike_R+1","Strike_R+1","Strike_R+1","Defend_R+1","Defend_R+1","Defend_R+1","Defend_R+1","Bash+1","Spot Weakness+1","Headbutt+1","Cleave+1","Dual Wield+1","Bludgeon+1","Limit Break+1","Inflame+1","Bloodletting+1","Flex+1","Clothesline+1","Berserk+1","Headbutt+1","Twin Strike+1","Heavy Blade+1","Battle Trance+1","Pommel Strike+1","Battle Trance+1","Seeing Red+1"],"relics":["Black Blood","Happy Flower","Golden Idol","Champion Belt","Bronze Scales","White Beast Statue","Bag of Marbles","Incense Burner","Brimstone","Singing Bowl","Red Mask","Gremlin Horn","Pocketwatch","War Paint","Black Star","Red Skull","Orrery","Akabeko","Meat on the Bone","Eternal Feather","Molten Egg 2","StrikeDummy"],"acts_visited":["Exordium","TheCity","TheBeyond"],"potions_floor_usage":[37,42,45,46,47,50,50],"damage_taken":[{"damage":1.0,"enemies":"Jaw Worm","floor":1.0,"turns":4.0},{"damage":4.0,"enemies":"2 Louse","floor":4.0,"turns":3.0},{"damage":34.0,"enemies":"Gremlin Nob","floor":6.0,"turns":5.0},{"damage":22.0,"enemies":"3 Sentries","floor":7.0,"turns":5.0},{"damage":1.0,"enemies":"Small Slimes","floor":12.0,"turns":3.0},{"damage":1.0,"enemies":"Slime Boss","floor":16.0,"turns":9.0},{"damage":7.0,"enemies":"Shell Parasite","floor":18.0,"turns":2.0},{"damage":17.0,"enemies":"Masked Bandits","floor":24.0,"turns":3.0},{"damage":12.0,"enemies":"Spheric Guardian","floor":28.0,"turns":3.0},{"damage":9.0,"enemies":"Slavers","floor":29.0,"turns":3.0},{"damage":3.0,"enemies":"Cultist and Chosen","floor":30.0,"turns":3.0},{"damage":14,"enemies":"Champ","floor":33,"turns":6},{"damage":8,"enemies":"3 Darklings","floor":35,"turns":3},{"damage":5,"enemies":"3 Shapes","floor":37,"turns":2},{"damage":10,"enemies":"Sphere and 2 Shapes","floor":39,"turns":3},{"damage":35,"enemies":"Nemesis","floor":40,"turns":3},{"damage":1,"enemies":"3 Darklings","floor":42,"turns":2},{"damage":3,"enemies":"Jaw Worm Horde","floor":45,"turns":3},{"damage":52,"enemies":"Reptomancer","floor":46,"turns":4},{"damage":0,"enemies":"Sphere and 2 Shapes","floor":47,"turns":1},{"damage":5,"enemies":"Maw","floor":48,"turns":4},{"damage":87,"enemies":"Donu and Deca","floor":50,"turns":6}],"seed_played":"-8935061792208266888","potions_obtained":[{"floor":1.0,"key":"SteroidPotion"},{"floor":6.0,"key":"ElixirPotion"},{"floor":12.0,"key":"SneckoOil"},{"floor":16.0,"key":"ColorlessPotion"},{"floor":18.0,"key":"Energy Potion"},{"floor":24.0,"key":"ElixirPotion"},{"floor":28.0,"key":"LiquidMemories"},{"floor":29.0,"key":"Fire Potion"},{"floor":30.0,"key":"AttackPotion"},{"floor":33,"key":"FairyPotion"},{"floor":37,"key":"SteroidPotion"},{"floor":42,"key":"BlessingOfTheForge"},{"floor":45,"key":"AttackPotion"},{"floor":46,"key":"DistilledChaos"},{"floor":47,"key":"PowerPotion"}],"is_trial":false,"path_per_floor":["M","?","$","M","?","E","?","R","T","R","?","M","?","$","R","B",null,"M","$","$","?","?","R","?","R","T","R","M","E","M","T","R","B",null,"M","?","M","$","M","E","R","M","T","R","M","E","M","M","R","B",null],"character_chosen":"IRONCLAD","items_purchased":["Bag of Marbles","Incense Burner","Bludgeon","Brimstone","Red Skull","Orrery"],"campfire_rested":1,"item_purchase_floors":[14,14,14,20,38,38],"current_hp_per_floor":[80,69,69,71,51,23,7,7,7,7,7,12,12,12,12,17,80,80,80,80,80,80,80,75,75,75,75,75,80,82,82,82,80,82,84,84,84,88,88,67,67,78,78,90,92,64,78,87,96,33],"gold":267,"neow_bonus":"RANDOM_COMMON_RELIC","is_daily":false,"chose_seed":false,"campfire_upgraded":8,"win_rate":0.0,"timestamp":1612234410,"path_taken":["M","?","$","M","?","E","?","R","T","R","?","?","?","$","R","BOSS","M","?","$","?","?","R","?","R","T","R","M","E","?","?","R","BOSS","M","?","M","$","M","E","R","M","T","R","?","E","M","M","R","BOSS"],"items_purchased_type":["Relic","Relic","Card","Relic","Relic","Relic"],"build_version":"2020-12-22","purchased_purges":2,"victory":true,"max_hp_per_floor":[80,80,80,80,80,80,80,80,80,80,80,80,80,80,80,80,80,80,80,80,80,80,80,80,80,80,80,80,82,82,82,82,82,82,84,84,84,88,88,90,90,90,90,90,92,92,94,96,96,96],"relic_stats":{"Happy Flower":[26],"Singing Bowl":16,"Gremlin Horn":[14,20],"counters":[22,80],"Golden Idol":188,"Black Blood":189,"Eternal Feather":21,"War Paint":["Flex"],"Bronze Scales":[91],"Black Star":2,"Champion Belt":[40],"obtain_stats":[{"Happy Flower":0,"Singing Bowl":22,"Gremlin Horn":26,"Golden Idol":5,"Black Blood":17,"Eternal Feather":43,"Incense Burner":14,"War Paint":31,"Burning Blood":0,"White Beast Statue":9,"Akabeko":40,"Brimstone":20,"Bronze Scales":7,"Orrery":38,"Molten Egg 2":46,"Bag of Marbles":14,"Red Mask":24,"Black Star":34,"Champion Belt":6,"StrikeDummy":46,"Red Skull":38,"Pocketwatch":29,"Meat on the Bone":40},{"Happy Flower":0,"Singing Bowl":7,"Gremlin Horn":8,"Golden Idol":2,"Black Blood":6,"Eternal Feather":17,"Incense Burner":5,"War Paint":11,"Burning Blood":0,"White Beast Statue":4,"Akabeko":16,"Brimstone":7,"Bronze Scales":4,"Orrery":14,"Molten Egg 2":19,"Bag of Marbles":5,"Red Mask":8,"Black Star":12,"Champion Belt":3,"StrikeDummy":19,"Red Skull":14,"Pocketwatch":10,"Meat on the Bone":16},{"Happy Flower":0,"Singing Bowl":31,"Gremlin Horn":34,"Golden Idol":7,"Black Blood":29,"Eternal Feather":62,"Incense Burner":20,"War Paint":43,"Burning Blood":0,"White Beast Statue":17,"Akabeko":60,"Brimstone":31,"Bronze Scales":17,"Orrery":54,"Molten Egg 2":69,"Bag of Marbles":20,"Red Mask":34,"Black Star":49,"Champion Belt":12,"StrikeDummy":69,"Red Skull":54,"Pocketwatch":40,"Meat on the Bone":60}],"Pocketwatch":[36],"Meat on the Bone":24},"card_choices":[{"not_picked":["Hemokinesis","Armaments"],"picked":"Spot Weakness","floor":1.0},{"not_picked":["Heavy Blade","Armaments"],"picked":"Headbutt","floor":4.0},{"not_picked":["Headbutt","Warcry"],"picked":"Cleave","floor":6.0},{"not_picked":["Headbutt","Flame Barrier"],"picked":"Dual Wield","floor":12.0},{"not_picked":["Impervious","Offering"],"picked":"Limit Break","floor":16.0},{"not_picked":["Wild Strike","True Grit"],"picked":"Inflame+1","floor":18.0},{"not_picked":["Cleave","Hemokinesis+1"],"picked":"Bloodletting+1","floor":24.0},{"not_picked":["Havoc","True Grit+1"],"picked":"Flex","floor":28.0},{"not_picked":["Reckless Charge+1","Juggernaut","Armaments"],"picked":"Singing Bowl","floor":29.0},{"not_picked":["Fire Breathing","Second Wind"],"picked":"Clothesline+1","floor":30.0},{"not_picked":["Feed","Bludgeon"],"picked":"Berserk","floor":33},{"not_picked":["Perfected Strike","Clash","Hemokinesis"],"picked":"Singing Bowl","floor":35},{"not_picked":["Dual Wield+1","Flex"],"picked":"Headbutt+1","floor":37},{"not_picked":["Blood for Blood","Pummel"],"picked":"Twin Strike+1","floor":38},{"not_picked":["Shrug It Off","Clothesline"],"picked":"Heavy Blade+1","floor":38},{"not_picked":["Heavy Blade","Perfected Strike+1","Sever Soul"],"picked":"Singing Bowl","floor":38},{"not_picked":["Anger","Warcry","Thunderclap"],"picked":"Singing Bowl","floor":38},{"not_picked":["Exhume","Inflame"],"picked":"Battle Trance","floor":38},{"not_picked":["Perfected Strike","Wild Strike+1"],"picked":"Pommel Strike+1","floor":39},{"not_picked":["Thunderclap","Havoc","Clothesline+1"],"picked":"Singing Bowl","floor":40},{"not_picked":["Perfected Strike+1","Flex"],"picked":"Battle Trance+1","floor":42},{"not_picked":["Twin Strike+1","Pommel Strike","Disarm"],"picked":"Singing Bowl","floor":45},{"not_picked":["Dark Embrace+1","Dual Wield"],"picked":"Seeing Red+1","floor":46},{"not_picked":["Entrench+1","Combust","Searing Blow+1"],"picked":"Singing Bowl","floor":47},{"not_picked":["Shrug It Off+1","Demon Form","Ghostly Armor"],"picked":"Singing Bowl","floor":48}],"player_experience":31732,"relics_obtained":[{"floor":6.0,"key":"Champion Belt"},{"floor":7.0,"key":"Bronze Scales"},{"floor":9.0,"key":"White Beast Statue"},{"floor":24.0,"key":"Red Mask"},{"floor":26.0,"key":"Gremlin Horn"},{"floor":29.0,"key":"Pocketwatch"},{"floor":31.0,"key":"War Paint"},{"floor":40,"key":"Akabeko"},{"floor":40,"key":"Meat on the Bone"},{"floor":43,"key":"Eternal Feather"},{"floor":46,"key":"Molten Egg 2"},{"floor":46,"key":"StrikeDummy"}],"event_choices":[{"damage_healed":0.0,"max_hp_gain":0.0,"max_hp_loss":0.0,"gold_gain":75.0,"event_name":"World of Goop","player_choice":"Gather Gold","floor":2.0,"gold_loss":0.0,"damage_taken":11.0},{"damage_healed":0.0,"max_hp_gain":0.0,"max_hp_loss":0.0,"gold_gain":0.0,"event_name":"Golden Idol","player_choice":"Take Damage","floor":5.0,"gold_loss":0.0,"damage_taken":20.0,"relics_obtained":["Golden Idol"]},{"damage_healed":0.0,"max_hp_gain":0.0,"max_hp_loss":0.0,"gold_gain":0.0,"event_name":"Dead Adventurer","player_choice":"Searched \u00271\u0027 times","floor":7.0,"gold_loss":0.0,"damage_taken":0.0},{"damage_healed":0.0,"max_hp_gain":0.0,"max_hp_loss":0.0,"gold_gain":275.0,"event_name":"Golden Shrine","player_choice":"Desecrate","floor":11.0,"gold_loss":0.0,"damage_taken":0.0,"cards_obtained":["Regret"]},{"damage_healed":0.0,"max_hp_gain":0.0,"max_hp_loss":0.0,"gold_gain":0.0,"event_name":"Upgrade Shrine","player_choice":"Upgraded","floor":13.0,"gold_loss":0.0,"damage_taken":0.0,"cards_upgraded":["Dual Wield"]},{"damage_healed":0.0,"max_hp_gain":0.0,"max_hp_loss":0.0,"gold_gain":0.0,"event_name":"Back to Basics","player_choice":"Simplicity","floor":21.0,"gold_loss":0.0,"damage_taken":0.0,"cards_upgraded":["Strike_R","Strike_R","Strike_R","Strike_R","Strike_R","Defend_R","Defend_R","Defend_R","Defend_R"]},{"damage_healed":0.0,"max_hp_gain":0.0,"max_hp_loss":0.0,"gold_gain":0.0,"event_name":"The Mausoleum","player_choice":"Opened","floor":22.0,"gold_loss":0.0,"damage_taken":0.0,"relics_obtained":["Singing Bowl"],"cards_obtained":["Writhe"]},{"damage_healed":0.0,"max_hp_gain":0.0,"max_hp_loss":0.0,"gold_gain":0.0,"event_name":"Masked Bandits","player_choice":"Fought Bandits","floor":24.0,"gold_loss":0.0,"damage_taken":0.0},{"damage_healed":0,"gold_gain":0,"player_choice":"Ignored","damage_taken":0,"max_hp_gain":0,"max_hp_loss":0,"event_name":"NoteForYourself","floor":36,"gold_loss":0}],"is_beta":false,"boss_relics":[{"not_picked":["Cursed Key","Runic Dome"],"picked":"Black Blood"},{"not_picked":["Mark of Pain","SlaversCollar"],"picked":"Black Star"}],"items_purged_floors":[14,38],"is_endless":false,"potions_floor_spawned":[1,6,12,16,18,24,28,29,30,33,35,37,39,40,42,45,46,47,48],"ascension_level":0}}