{"host":"kw4o7b3ro2ktmmbe","time":1612271300,"event":{"mods":["BaseMod","Bossed Relics","Evolution","Minty Spire (QoL Compilation)","StSLib","TheSurvivalist"],"gold_per_floor":[113,188,199,211,34,34,67,67,67,82,82,97,97,117,117,219,219,219],"floor_reached":17,"language":"ENG","playtime":1388,"items_purged":[],"score":157,"play_id":"0754dd5e-c639-4d43-b7b9-d7ea1e8c9230","local_time":"20210203020820","is_ascension_mode":false,"campfire_choices":[{"data":"survmod:Sprint","floor":6.0,"key":"SMITH"},{"data":"survmod:ExpertSniper","floor":11.0,"key":"SMITH"},{"floor":15.0,"key":"REST"}],"circlet_count":0,"master_deck":["survmod:Strike","survmod:Strike","survmod:Strike","survmod:Strike+1","survmod:Defend","survmod:Defend","survmod:Defend","survmod:Defend","survmod:VersatileOffense+1","survmod:Sprint+1","survmod:Hawkeye","survmod:PiercingShot","survmod:GoForFace","survmod:MarkedFromAfar","survmod:ExpertSniper+1","survmod:QuickThinking","survmod:FlashbangTrap","survmod:CloseCall"],"relics":["survmod:InnateMutation","Boot","White Beast Statue","Darkstone Periapt","Whetstone","Coffee Dripper"],"acts_visited":["Exordium","TheCity"],"potions_floor_usage":[],"damage_taken":[{"damage":0.0,"enemies":"2 Louse","floor":1.0,"turns":3.0},{"damage":4.0,"enemies":"Jaw Worm","floor":3.0,"turns":4.0},{"damage":8.0,"enemies":"Cultist","floor":4.0,"turns":5.0},{"damage":10.0,"enemies":"Lagavulin","floor":7.0,"turns":8.0},{"damage":7.0,"enemies":"Exordium Wildlife","floor":10.0,"turns":5.0},{"damage":0.0,"enemies":"Exordium Thugs","floor":12.0,"turns":4.0},{"damage":0.0,"enemies":"3 Louse","floor":14.0,"turns":2.0},{"damage":8.0,"enemies":"Hexaghost","floor":16.0,"turns":9.0}],"seed_played":"-7981474937991599201","potions_obtained":[{"floor":1.0,"key":"SkillPotion"},{"floor":7.0,"key":"SkillPotion"},{"floor":10.0,"key":"Block Potion"},{"floor":12.0,"key":"Strength Potion"},{"floor":13.0,"key":"DistilledChaos"},{"floor":14.0,"key":"DistilledChaos"},{"floor":16.0,"key":"Energy Potion"}],"is_trial":false,"path_per_floor":["M","?","M","M","$","R","E","T","T","M","R","M","?","M","R","B",null],"character_chosen":"THE_SURVIVOR","items_purchased":["survmod:GoForFace","Boot"],"campfire_rested":1,"item_purchase_floors":[5,5],"current_hp_per_floor":[55,44,40,32,32,32,22,22,22,15,15,15,15,15,31,23,55,55],"gold":219,"neow_bonus":"TEN_PERCENT_HP_BONUS","is_daily":false,"chose_seed":false,"campfire_upgraded":2,"win_rate":0.0,"timestamp":1612271300,"path_taken":["M","?","M","M","$","R","E","?","T","M","R","M","?","?","R","BOSS"],"items_purchased_type":["Card","Relic"],"build_version":"2020-12-22","purchased_purges":0,"victory":false,"max_hp_per_floor":[55,55,55,55,55,55,55,55,55,55,55,55,55,55,55,55,55,55],"card_choices":[{"not_picked":["survmod:FenceTrap","survmod:PenetratingShot"],"picked":"survmod:Hawkeye","floor":1.0},{"not_picked":["survmod:SimpleMutation","survmod:LongShot"],"picked":"survmod:PiercingShot","floor":3.0},{"not_picked":["survmod:MarkTrap","survmod:FenceTrap","survmod:TakeAim"],"picked":"SKIP","floor":4.0},{"not_picked":["survmod:FocusedFire","survmod:PenetratingShot"],"picked":"survmod:MarkedFromAfar","floor":7.0},{"not_picked":["survmod:AcidTrap","survmod:DuckAndFlare"],"picked":"survmod:ExpertSniper","floor":10.0},{"not_picked":["survmod:FocusedFire","survmod:HiddenTactic"],"picked":"survmod:QuickThinking","floor":12.0},{"not_picked":["survmod:TwinShot","survmod:PinningSnipe"],"picked":"survmod:FlashbangTrap","floor":14.0},{"not_picked":["survmod:ChokingBow","survmod:Decoy"],"picked":"survmod:CloseCall","floor":16.0}],"player_experience":1831364,"relics_obtained":[{"floor":7.0,"key":"White Beast Statue"},{"floor":8.0,"key":"Darkstone Periapt"},{"floor":9.0,"key":"Whetstone"}],"event_choices":[{"damage_healed":0.0,"max_hp_gain":0.0,"max_hp_loss":0.0,"gold_gain":75.0,"event_name":"World of Goop","player_choice":"Gather Gold","floor":2.0,"gold_loss":0.0,"damage_taken":11.0},{"damage_healed":0.0,"max_hp_gain":0.0,"max_hp_loss":0.0,"gold_gain":0.0,"event_name":"Lab","player_choice":"Got Potions","floor":13.0,"gold_loss":0.0,"damage_taken":0.0}],"is_beta":false,"boss_relics":[{"not_picked":["Ectoplasm","SlaversCollar"],"picked":"Coffee Dripper"}],"items_purged_floors":[],"is_endless":false,"potions_floor_spawned":[1,7,10,12,14,16],"ascension_level":0}}