{"host":"ux8r2oyej5019q8x","time":1612306680,"event":{"mods":["AchievementEnabler","BaseMod","Colored Map","Colored Powertips","GifTheSpireLib","HexUI Lib","Highlight Path","Minty Spire (QoL Compilation)","Rare Cards Sparkle","Relic Stats","StSLib","everything is the same but u backflip on backflip"],"gold_per_floor":[215,165,42,60,8,38,38,59,59,59,76,76,106,122,122,227,227,239,256,17,34,133,133,19,19,46,46,78,97,109,109,109,205,205,217,65,65,65],"floor_reached":37,"language":"ENG","playtime":4074,"items_purged":["Strike_R"],"score":596,"play_id":"4a630cc8-09fa-4774-aed1-a0b03d0b3193","local_time":"20210202235800","is_ascension_mode":true,"campfire_choices":[{"data":"Dramatic Entrance","floor":7,"key":"SMITH"},{"data":"Thunderclap","floor":10,"key":"SMITH"},{"data":"Flame Barrier","floor":12,"key":"SMITH"},{"data":"Immolate","floor":15,"key":"SMITH"},{"data":"Fire Breathing","floor":23,"key":"SMITH"},{"data":"Whirlwind","floor":27,"key":"SMITH"},{"data":"True Grit","floor":32,"key":"SMITH"}],"circlet_count":0,"master_deck":["Strike_R","Strike_R","Strike_R","Defend_R","Defend_R","Defend_R","Bash","Heavy Blade","Dramatic Entrance+1","Shrug It Off","Sword Boomerang","Thunderclap+1","Spot Weakness","Flame Barrier+1","Immolate+1","Feel No Pain","Reaper","Clothesline+1","Feel No Pain+1","Fire Breathing+1","Whirlwind+1","Sever Soul","Power Through","True Grit+1","Ghostly","Ghostly","Ghostly","Ghostly","Ghostly","Limit Break","Havoc+1","Infernal Blade+1","Reaper","Ghostly Armor+1","Blood for Blood+1"],"relics":["Burning Blood","Meat on the Bone","Odd Mushroom","PreservedInsect","Vajra","Mark of Pain","Strange Spoon","Orichalcum","Ginger","SlaversCollar","Orrery"],"acts_visited":["Exordium","TheCity","TheBeyond"],"potions_floor_usage":[6,16,21,30,33,33,33],"damage_taken":[{"damage":0,"enemies":"Small Slimes","floor":1,"turns":3},{"damage":1,"enemies":"Jaw Worm","floor":4,"turns":4},{"damage":15,"enemies":"3 Sentries","floor":6,"turns":6},{"damage":0,"enemies":"The Mushroom Lair","floor":8,"turns":2},{"damage":0,"enemies":"Cultist","floor":11,"turns":3},{"damage":8,"enemies":"Gremlin Nob","floor":13,"turns":3},{"damage":0,"enemies":"3 Louse","floor":14,"turns":1},{"damage":76,"enemies":"Hexaghost","floor":16,"turns":9},{"damage":0,"enemies":"3 Byrds","floor":18,"turns":1},{"damage":0,"enemies":"Spheric Guardian","floor":19,"turns":3},{"damage":0,"enemies":"Shelled Parasite and Fungi","floor":21,"turns":2},{"damage":0,"enemies":"Gremlin Leader","floor":28,"turns":3},{"damage":5,"enemies":"Centurion and Healer","floor":29,"turns":3},{"damage":0,"enemies":"Sentry and Sphere","floor":30,"turns":3},{"damage":32,"enemies":"Collector","floor":33,"turns":8},{"damage":12,"enemies":"3 Shapes","floor":35,"turns":2},{"damage":53,"enemies":"2 Orb Walkers","floor":37,"turns":3}],"seed_played":"-6260923715671312482","potions_obtained":[{"floor":4,"key":"AttackPotion"},{"floor":13,"key":"Ancient Potion"},{"floor":16,"key":"DuplicationPotion"},{"floor":18,"key":"LiquidMemories"},{"floor":28,"key":"FearPotion"},{"floor":30,"key":"DistilledChaos"},{"floor":33,"key":"Fire Potion"}],"is_trial":false,"path_per_floor":["M","?","$","M","$","E","R","?","T","R","M","R","E","M","R","B",null,"M","M","$","M","?","R","$","?","T","R","E","M","M","?","R","B",null,"M","$","?"],"character_chosen":"IRONCLAD","items_purchased":["Dramatic Entrance","Shrug It Off","Fire Potion","Strange Spoon","Fire Breathing","Whirlwind","Orrery"],"campfire_rested":0,"item_purchase_floors":[3,3,5,20,20,24,36],"current_hp_per_floor":[78,78,78,80,80,71,71,77,77,77,80,80,78,80,80,22,66,72,78,78,80,80,80,80,80,80,80,80,80,80,40,40,32,38,32,32,0,0],"gold":65,"neow_bonus":"HUNDRED_GOLD","is_daily":false,"chose_seed":false,"campfire_upgraded":7,"win_rate":0.0,"timestamp":1612306680,"path_taken":["M","?","$","M","$","E","R","?","T","R","M","R","E","M","R","BOSS","M","M","$","M","?","R","$","?","T","R","E","?","M","?","R","BOSS","M","$","?"],"items_purchased_type":["Card","Card","Potion","Relic","Card","Card","Relic"],"build_version":"2020-12-22","purchased_purges":1,"victory":false,"max_hp_per_floor":[80,80,80,80,80,80,80,80,80,80,80,80,80,80,80,80,80,80,80,80,80,80,80,80,80,80,80,80,80,80,40,40,40,40,40,40,40,40],"relic_stats":{"Strange Spoon":[7],"counters":[17,59],"PreservedInsect":68,"Ginger":[3],"Orichalcum":[30],"obtain_stats":[{"Strange Spoon":20,"SlaversCollar":34,"Vajra":13,"Orrery":36,"PreservedInsect":9,"Mark of Pain":17,"Ginger":28,"Odd Mushroom":8,"Orichalcum":26,"Burning Blood":0,"Meat on the Bone":6},{"Strange Spoon":10,"SlaversCollar":15,"Vajra":6,"Orrery":16,"PreservedInsect":4,"Mark of Pain":8,"Ginger":12,"Odd Mushroom":4,"Orichalcum":11,"Burning Blood":0,"Meat on the Bone":3},{"Strange Spoon":35,"SlaversCollar":54,"Vajra":21,"Orrery":56,"PreservedInsect":15,"Mark of Pain":31,"Ginger":40,"Odd Mushroom":15,"Orichalcum":37,"Burning Blood":0,"Meat on the Bone":13}],"Burning Blood":69,"Meat on the Bone":24},"card_choices":[{"not_picked":["Havoc","Twin Strike"],"picked":"Heavy Blade","floor":1},{"not_picked":["Flex","Clothesline"],"picked":"Sword Boomerang","floor":4},{"not_picked":["Body Slam","Cleave"],"picked":"Thunderclap","floor":6},{"not_picked":["Clothesline","Twin Strike"],"picked":"Spot Weakness","floor":8},{"not_picked":["Body Slam","Cleave"],"picked":"Flame Barrier","floor":11},{"not_picked":["Sword Boomerang","Rampage"],"picked":"Immolate","floor":13},{"not_picked":["Perfected Strike","Flex"],"picked":"Feel No Pain","floor":14},{"not_picked":["Demon Form","Bludgeon"],"picked":"Reaper","floor":16},{"not_picked":["Combust","Havoc"],"picked":"Clothesline+1","floor":18},{"not_picked":["Rage","Clothesline"],"picked":"Feel No Pain+1","floor":19},{"not_picked":["Pommel Strike","Anger","Clothesline"],"picked":"SKIP","floor":21},{"not_picked":["Anger","Bloodletting"],"picked":"Sever Soul","floor":28},{"not_picked":["Shrug It Off","Hemokinesis"],"picked":"Power Through","floor":29},{"not_picked":["Armaments","Twin Strike"],"picked":"True Grit","floor":30},{"not_picked":["Bludgeon","Reaper"],"picked":"Limit Break","floor":33},{"not_picked":["Armaments","Rupture+1","Ghostly Armor+1"],"picked":"SKIP","floor":35},{"not_picked":["Perfected Strike","Twin Strike+1"],"picked":"Havoc+1","floor":36},{"not_picked":["Rampage+1","Rupture+1"],"picked":"Infernal Blade+1","floor":36},{"not_picked":["Sword Boomerang+1","Shrug It Off+1"],"picked":"Reaper","floor":36},{"not_picked":["Fire Breathing","Armaments+1"],"picked":"Ghostly Armor+1","floor":36},{"not_picked":["Feel No Pain+1","Clash"],"picked":"Blood for Blood+1","floor":36}],"player_experience":237074,"relics_obtained":[{"floor":6,"key":"Meat on the Bone"},{"floor":8,"key":"Odd Mushroom"},{"floor":9,"key":"PreservedInsect"},{"floor":13,"key":"Vajra"},{"floor":26,"key":"Orichalcum"},{"floor":28,"key":"Ginger"}],"event_choices":[{"cards_removed":["Defend_R"],"damage_healed":0,"gold_gain":0,"player_choice":"Card Removal","damage_taken":0,"max_hp_gain":0,"max_hp_loss":0,"event_name":"The Cleric","floor":2,"gold_loss":50},{"damage_healed":0,"gold_gain":0,"player_choice":"Fought Mushrooms","damage_taken":0,"max_hp_gain":0,"max_hp_loss":0,"event_name":"Mushrooms","floor":8,"gold_loss":0},{"damage_healed":0,"gold_gain":99,"player_choice":"Stole From Cult","damage_taken":0,"max_hp_gain":0,"max_hp_loss":0,"event_name":"Nest","floor":22,"gold_loss":0},{"cards_removed":["Strike_R"],"damage_healed":0,"gold_gain":0,"player_choice":"Offered Basic","damage_taken":0,"max_hp_gain":0,"max_hp_loss":0,"event_name":"Bonfire Elementals","floor":25,"gold_loss":0},{"damage_healed":0,"gold_gain":0,"player_choice":"Became a Ghost","damage_taken":0,"max_hp_gain":0,"max_hp_loss":40,"event_name":"Ghosts","floor":31,"gold_loss":0,"cards_obtained":["Ghostly","Ghostly","Ghostly","Ghostly","Ghostly"]},{"damage_healed":0,"gold_gain":0,"player_choice":"Fight","damage_taken":0,"max_hp_gain":0,"max_hp_loss":0,"event_name":"Mysterious Sphere","floor":37,"gold_loss":0}],"is_beta":false,"boss_relics":[{"not_picked":["Fusion Hammer","Astrolabe"],"picked":"Mark of Pain"},{"not_picked":["Empty Cage","Snecko Eye"],"picked":"SlaversCollar"}],"items_purged_floors":[24],"is_endless":false,"potions_floor_spawned":[4,13,16,18,28,30,33],"killed_by":"2 Orb Walkers","ascension_level":6}}