{"host":"3498uni0c31c9bdm","time":1612286732,"event":{"mods":["BaseMod","Better Third Choice","Minty Spire (QoL Compilation)","Replay The Spire","StSLib"],"gold_per_floor":[117,117,90,160,173,173,204,218,218,218,218],"floor_reached":10,"language":"ENG","playtime":219,"items_purged":[],"score":102,"play_id":"4c2647df-c31f-4382-9ea7-02e86352d643","local_time":"20210203042532","is_ascension_mode":true,"campfire_choices":[{"floor":6,"key":"REST"}],"circlet_count":0,"master_deck":["AscendersBane","Strike_B","Strike_B","Strike_B","Strike_B","Defend_B","Defend_B","Defend_B","Defend_B","Zap","Dualcast","Regret","Rip and Tear","Injury","Go for the Eyes","Defragment","Stack"],"relics":["Cracked Core","Ginger","Golden Idol","betterThird:SlimedRelic","White Beast Statue","Bag of Marbles"],"acts_visited":["Exordium"],"potions_floor_usage":[7,10],"damage_taken":[{"damage":5,"enemies":"2 Louse","floor":1,"turns":2},{"damage":7,"enemies":"Jaw Worm","floor":5,"turns":2},{"damage":33,"enemies":"Gremlin Nob","floor":7,"turns":4},{"damage":0,"enemies":"Cultist","floor":8,"turns":3},{"damage":43,"enemies":"3 Sentries","floor":10,"turns":8}],"seed_played":"-8009014691873972300","potions_obtained":[{"floor":5,"key":"PowerPotion"},{"floor":7,"key":"SmokeBomb"},{"floor":8,"key":"Dexterity Potion"}],"is_trial":false,"path_per_floor":["M","?","?","T","M","R","E","M","T","E"],"character_chosen":"DEFECT","items_purchased":[],"campfire_rested":1,"item_purchase_floors":[],"current_hp_per_floor":[63,63,52,52,45,67,34,34,34,0,0],"gold":218,"neow_bonus":"RANDOM_EVENT","is_daily":false,"chose_seed":false,"campfire_upgraded":0,"win_rate":0.0,"timestamp":1612286732,"path_taken":["M","?","?","?","?","R","E","M","T","E"],"items_purchased_type":[],"build_version":"2020-12-22","purchased_purges":0,"victory":false,"max_hp_per_floor":[75,75,75,75,75,75,75,75,75,75,75],"card_choices":[{"not_picked":["Hologram","Undo"],"picked":"Rip and Tear","floor":1},{"not_picked":["ReplayTheSpireMod:System Scan","Conserve Battery"],"picked":"Go for the Eyes","floor":5},{"not_picked":["Rebound","ReplayTheSpireMod:System Scan"],"picked":"Defragment","floor":7},{"not_picked":["Genetic Algorithm","Double Energy"],"picked":"Stack","floor":8}],"player_experience":818840,"relics_obtained":[{"floor":4,"key":"White Beast Statue"},{"floor":7,"key":"Bag of Marbles"}],"event_choices":[{"damage_healed":0,"gold_gain":0,"player_choice":"Box","damage_taken":0,"relics_obtained":["Ginger"],"max_hp_gain":0,"max_hp_loss":0,"event_name":"Big Fish","floor":0,"gold_loss":0,"cards_obtained":["Regret"]},{"damage_healed":0,"gold_gain":0,"player_choice":"Take Wound","damage_taken":0,"relics_obtained":["Golden Idol"],"max_hp_gain":0,"max_hp_loss":0,"event_name":"Golden Idol","floor":2,"gold_loss":0,"cards_obtained":["Injury"]},{"damage_healed":0,"gold_gain":0,"player_choice":"Slimed","damage_taken":11,"max_hp_gain":0,"max_hp_loss":0,"event_name":"betterThird:BetterGoop","floor":3,"gold_loss":27}],"is_beta":false,"boss_relics":[],"items_purged_floors":[],"is_endless":false,"potions_floor_spawned":[5,7,8],"killed_by":"3 Sentries","ascension_level":11}}