{"host":"i391n33tccqevi90","time":1612293826,"event":{"mods":["2.2 Compatiblity","AchievementEnabler","AlwaysNeverKeys","BaseMod","Better Third Choice","Conspire","Emptier Cage","Filter the Spire","Good Game Mod","Grow up Mod","Hero for Fun","Minty Spire (QoL Compilation)","Remove Card Discount Mod","Spicy Shops","StSLib"],"gold_per_floor":[117,117,117,134,309,336,336,24,96,136,155,155,178,198,198,310,319,339,27,48,332,347,385,385,385,385,404,196,227,241,275,275,384,384,402,402,402,430,470,470,509,509,509,539,343,343,371,371,380,380,380,389,23,65,65],"floor_reached":56,"language":"ENG","playtime":11467,"items_purged":["Doubt","Parasite","Defend_B","Defend_B","Regret","Parasite","Mayhem+1","Regret"],"score":1353,"play_id":"fa7d5adf-d311-4f0b-b213-b60d5d606834","local_time":"20210202132346","is_ascension_mode":false,"campfire_choices":[{"data":"Creative AI","floor":7,"key":"SMITH"},{"data":"Mayhem","floor":15,"key":"SMITH"},{"data":"Buffer","floor":24,"key":"SMITH"},{"data":"Storm","floor":32,"key":"SMITH"},{"data":"Defragment","floor":40,"key":"SMITH"},{"data":"Capacitor","floor":42,"key":"SMITH"},{"data":"Fusion","floor":46,"key":"SMITH"},{"floor":49,"key":"REST"},{"floor":52,"key":"REST"}],"circlet_count":0,"master_deck":["Strike_B","Strike_B","Defend_B","Defend_B","Zap","Dualcast","Machine Learning","Fission","Storm+1","Go for the Eyes","Creative AI+1","Defragment+1","BootSequence","Static Discharge","Conserve Battery","Amplify","CurseOfTheBell","Sweeping Beam","Buffer+1","Chill","Force Field","Glacier","Fusion+1","Capacitor+1","Electrodynamics","Electrodynamics","Melter+1","Fusion","Loop+1","Darkness+1","Loop+1","conspire:Rain","Double Energy+1","Echo Form","Genetic Algorithm","Sweeping Beam","Dramatic Entrance","Heatsinks","Hologram","Compile Driver","White Noise+1"],"relics":["Cracked Core","REME:ComplimentaryCards","Darkstone Periapt","CaptainsWheel","Happy Flower","Bird Faced Urn","StrikeDummy","CeramicFish","Calling Bell","Nunchaku","Pear","Dead Branch","Runic Capacitor","Lizard Tail","conspire:TopHat","Bottled Tornado","Prayer Wheel","conspire:Dentures","conspire:SpecialSausage","DataDisk","Kunai","Smiling Mask","Meat on the Bone","Dream Catcher","Membership Card","Incense Burner","Emotion Chip"],"acts_visited":["Exordium","TheCity","TheBeyond","TheEnding"],"potions_floor_usage":[39,44,54,55,55],"damage_taken":[{"damage":8,"enemies":"Jaw Worm","floor":1,"turns":4},{"damage":1,"enemies":"Cultist","floor":4,"turns":3},{"damage":34,"enemies":"3 Sentries","floor":6,"turns":8},{"damage":11,"enemies":"Lagavulin","floor":10,"turns":6},{"damage":12,"enemies":"Small Slimes","floor":11,"turns":4},{"damage":4,"enemies":"Exordium Wildlife","floor":13,"turns":3},{"damage":2,"enemies":"Looter","floor":14,"turns":2},{"damage":36,"enemies":"The Guardian","floor":16,"turns":10},{"damage":13,"enemies":"Shell Parasite","floor":18,"turns":3},{"damage":15,"enemies":"Chosen","floor":20,"turns":5},{"damage":10,"enemies":"conspire:HollyBat","floor":22,"turns":5},{"damage":51,"enemies":"conspire:Head Lice","floor":23,"turns":7},{"damage":21,"enemies":"Chosen and Byrds","floor":27,"turns":4},{"damage":11,"enemies":"Snake Plant","floor":29,"turns":4},{"damage":23,"enemies":"3 Cultists","floor":30,"turns":6},{"damage":22,"enemies":"Book of Stabbing","floor":31,"turns":5},{"damage":54,"enemies":"conspire:MysteriousRune","floor":33,"turns":9},{"damage":13,"enemies":"Orb Walker","floor":35,"turns":3},{"damage":24,"enemies":"3 Darklings","floor":38,"turns":4},{"damage":46,"enemies":"conspire:MimicChest","floor":39,"turns":8},{"damage":14,"enemies":"Giant Head","floor":41,"turns":6},{"damage":5,"enemies":"Writhing Mass","floor":44,"turns":6},{"damage":76,"enemies":"Reptomancer","floor":47,"turns":8},{"damage":75,"enemies":"Time Eater","floor":50,"turns":6},{"damage":74,"enemies":"Shield and Spear","floor":54,"turns":5},{"damage":94,"enemies":"The Heart","floor":55,"turns":6}],"seed_played":"4829252673531669925","potions_obtained":[{"floor":13,"key":"LiquidMemories"},{"floor":16,"key":"Regen Potion"},{"floor":18,"key":"FocusPotion"},{"floor":20,"key":"GamblersBrew"},{"floor":30,"key":"PotionOfCapacity"},{"floor":41,"key":"Ancient Potion"},{"floor":47,"key":"Explosive Potion"}],"is_trial":false,"path_per_floor":["M","?","T","M","?","E","R","$","T","E","M","?","M","M","R","B",null,"M","$","M","?","M","E","R","?","T","M","$","M","M","E","R","B",null,"M","$","?","M","?","R","E","R","T","M","$","R","E","$","R","B",null,"R","$","E","B",null],"character_chosen":"DEFECT","items_purchased":["Defragment","Happy Flower","Bird Faced Urn","Runic Capacitor","Lizard Tail","Glacier","Prayer Wheel","conspire:Rain","Meat on the Bone","Membership Card","Genetic Algorithm","Sweeping Beam","Dramatic Entrance","Heatsinks","Hologram","Compile Driver","Incense Burner"],"campfire_rested":2,"item_purchase_floors":[8,8,8,19,19,28,28,45,45,53,53,53,53,53,53,53,53],"current_hp_per_floor":[87,97,107,116,132,108,118,134,144,163,173,163,179,193,203,205,280,279,289,299,315,334,318,328,338,348,353,363,382,391,401,411,397,456,457,467,477,485,481,491,514,524,534,562,569,579,522,532,609,570,629,639,655,609,553],"gold":65,"neow_bonus":"TRANSFORM_TWO_CARDS","is_daily":false,"chose_seed":false,"campfire_upgraded":7,"win_rate":0.0,"timestamp":1612293826,"path_taken":["M","?","?","?","?","E","R","?","T","E","M","?","?","M","R","BOSS","M","$","M","?","?","E","R","?","T","M","?","M","M","E","R","BOSS","M","$","?","M","?","R","E","R","T","M","$","R","E","?","R","BOSS","R","$","E","BOSS"],"items_purchased_type":["Card","Relic","Relic","Relic","Relic","Card","Relic","Card","Relic","Relic","Card","Card","Card","Card","Card","Card","Relic"],"build_version":"2020-12-22","purchased_purges":8,"victory":true,"max_hp_per_floor":[95,105,115,125,141,151,161,174,184,194,204,214,224,234,244,254,280,290,300,310,326,336,346,356,366,376,386,396,406,416,426,436,446,456,466,476,486,496,506,516,526,536,546,562,569,579,589,599,609,619,629,639,655,665,675],"card_choices":[{"not_picked":["Ball Lightning","Go for the Eyes"],"picked":"Storm","floor":1},{"not_picked":["Reinforced Body","Turbo"],"picked":"Go for the Eyes","floor":4},{"not_picked":["Rebound","Go for the Eyes"],"picked":"Creative AI","floor":6},{"not_picked":["Beam Cell","Stack"],"picked":"BootSequence","floor":10},{"not_picked":["Auto Shields","Beam Cell","Reinforced Body"],"picked":"SKIP","floor":11},{"not_picked":["Rebound","Redo"],"picked":"Static Discharge","floor":13},{"not_picked":["Gash","Stack"],"picked":"Conserve Battery","floor":14},{"not_picked":["Seek","Machine Learning"],"picked":"Amplify","floor":16},{"not_picked":["Go for the Eyes+1","Barrage"],"picked":"Sweeping Beam","floor":18},{"not_picked":["Heatsinks+1","Conserve Battery"],"picked":"Buffer","floor":20},{"not_picked":["Compile Driver","Go for the Eyes+1","Reinforced Body+1"],"picked":"SKIP","floor":22},{"not_picked":["Genetic Algorithm","Stack"],"picked":"Chill","floor":23},{"not_picked":["Steam+1","Rebound"],"picked":"Force Field","floor":27},{"not_picked":["Darkness","Turbo"],"picked":"Fusion","floor":29},{"not_picked":["White Noise","Self Repair"],"picked":"Capacitor","floor":29},{"not_picked":["Go for the Eyes","Conserve Battery","BootSequence"],"picked":"SKIP","floor":30},{"not_picked":["Self Repair","Scrape","Stack"],"picked":"SKIP","floor":30},{"not_picked":["Tempest","Steam Power+1"],"picked":"Electrodynamics","floor":31},{"not_picked":["Reboot","Biased Cognition"],"picked":"Electrodynamics","floor":33},{"not_picked":["Redo+1","Go for the Eyes","Ball Lightning"],"picked":"SKIP","floor":35},{"not_picked":["Amplify","Lockon","Stack"],"picked":"SKIP","floor":35},{"not_picked":["Reinforced Body+1","Fusion","Cold Snap+1"],"picked":"SKIP","floor":38},{"not_picked":["Stack+1","Melter+1","Redo+1"],"picked":"SKIP","floor":38},{"not_picked":["Stack+1","Redo+1"],"picked":"Melter+1","floor":38},{"not_picked":["Reinforced Body+1","Cold Snap+1"],"picked":"Fusion","floor":38},{"not_picked":["Conserve Battery+1","Turbo"],"picked":"Loop+1","floor":39},{"not_picked":["Gash","Fission"],"picked":"Darkness+1","floor":41},{"not_picked":["Go for the Eyes","Conserve Battery+1"],"picked":"Loop+1","floor":44},{"not_picked":["Stack","Leap","Cold Snap"],"picked":"SKIP","floor":44},{"not_picked":["Hologram","Compile Driver+1","Gash"],"picked":"SKIP","floor":47},{"not_picked":["Coolheaded+1","Gash+1"],"picked":"Double Energy+1","floor":49},{"not_picked":["Barrage+1","Sweeping Beam+1"],"picked":"Echo Form","floor":52},{"not_picked":["Aggregate","Redo+1"],"picked":"White Noise+1","floor":54}],"player_experience":574070,"relics_obtained":[{"floor":3,"key":"Darkstone Periapt"},{"floor":6,"key":"CaptainsWheel"},{"floor":9,"key":"StrikeDummy"},{"floor":10,"key":"CeramicFish"},{"floor":17,"key":"Nunchaku"},{"floor":17,"key":"Pear"},{"floor":17,"key":"Dead Branch"},{"floor":23,"key":"conspire:TopHat"},{"floor":26,"key":"Bottled Tornado"},{"floor":31,"key":"conspire:Dentures"},{"floor":39,"key":"DataDisk"},{"floor":41,"key":"Kunai"},{"floor":43,"key":"Smiling Mask"},{"floor":47,"key":"Dream Catcher"},{"floor":54,"key":"Emotion Chip"}],"event_choices":[{"cards_removed":["Decay"],"damage_healed":0,"gold_gain":0,"player_choice":"Forget","damage_taken":0,"max_hp_gain":0,"max_hp_loss":0,"event_name":"Living Wall","floor":2,"gold_loss":0},{"damage_healed":0,"gold_gain":175,"player_choice":"AGREE","damage_taken":134,"max_hp_gain":0,"max_hp_loss":0,"event_name":"betterThird:BetterSerpent","floor":5,"gold_loss":0},{"damage_healed":0,"gold_gain":0,"player_choice":"Damaged","damage_taken":20,"max_hp_gain":0,"max_hp_loss":0,"event_name":"Wheel of Change","floor":12,"gold_loss":0},{"damage_healed":0,"gold_gain":275,"player_choice":"Desecrate","damage_taken":0,"max_hp_gain":0,"max_hp_loss":0,"event_name":"Golden Shrine","floor":21,"gold_loss":0,"cards_obtained":["Regret"]},{"damage_healed":0,"gold_gain":0,"player_choice":"Ignored","damage_taken":0,"max_hp_gain":0,"max_hp_loss":0,"event_name":"Beggar","floor":25,"gold_loss":0},{"damage_healed":0,"gold_gain":0,"player_choice":"Ignored","damage_taken":0,"max_hp_gain":0,"max_hp_loss":0,"event_name":"Tomb of Lord Red Mask","floor":37,"gold_loss":0}],"is_beta":false,"boss_relics":[{"not_picked":["SacredBark","Ectoplasm"],"picked":"Calling Bell"},{"not_picked":["FrozenCore","conspire:SlowCooker"],"picked":"conspire:SpecialSausage"}],"items_purged_floors":[8,8,8,19,28,45,45,53],"is_endless":false,"potions_floor_spawned":[13,16,18,20,23,30,35,41,47],"ascension_level":0}}