{"host":"1a8vswsp13vmqqwt","time":1612290497,"event":{"mods":["AchievementEnabler","BaseMod","Minty Spire (QoL Compilation)","Replay The Spire","StSLib"],"gold_per_floor":[119,134,144,157,175,175,191,208,235,267,267,299,313,133,133,230,230,243,255,255,83,94,94,94],"floor_reached":23,"language":"ENG","playtime":780,"items_purged":["Strike_P"],"score":232,"play_id":"dd58c4ce-3e3a-43b2-9198-3cd3d78edbee","local_time":"20210202212817","is_ascension_mode":false,"campfire_choices":[{"data":"PathToVictory","floor":6,"key":"SMITH"},{"floor":11,"key":"REST"},{"floor":15,"key":"REST"}],"circlet_count":0,"master_deck":["Defend_P","Defend_P","Defend_P","Defend_P","Vigilance","PathToVictory+1","ThirdEye","BowlingBash","PathToVictory","Conclude","PathToVictory","Wireheading","PathToVictory","CutThroughFate","SignatureMove+1","Protect+1","Wireheading+1","FearNoEvil","Replay:Battleflow","Nirvana","ThirdEye","PathToVictory","EmptyBody"],"relics":["PureWater","NeowsBlessing","Bronze Scales","Orichalcum","Replay:Bottled Snecko","Astrolabe","Bag of Preparation"],"acts_visited":["Exordium","TheCity"],"potions_floor_usage":[12,22],"damage_taken":[{"damage":0,"enemies":"2 Louse","floor":1,"turns":1},{"damage":0,"enemies":"Small Slimes","floor":2,"turns":1},{"damage":0,"enemies":"Jaw Worm","floor":3,"turns":1},{"damage":4,"enemies":"Blue Slaver","floor":4,"turns":5},{"damage":13,"enemies":"Exordium Wildlife","floor":5,"turns":7},{"damage":5,"enemies":"2 Fungi Beasts","floor":7,"turns":3},{"damage":5,"enemies":"Gremlin Gang","floor":8,"turns":5},{"damage":19,"enemies":"3 Sentries","floor":10,"turns":6},{"damage":4,"enemies":"Lagavulin","floor":12,"turns":5},{"damage":8,"enemies":"Red Slaver","floor":13,"turns":3},{"damage":10,"enemies":"The Guardian","floor":16,"turns":6},{"damage":5,"enemies":"Shell Parasite","floor":18,"turns":3},{"damage":30,"enemies":"2 Thieves","floor":19,"turns":4},{"damage":12,"enemies":"Cultist and Chosen","floor":22,"turns":5},{"damage":27,"enemies":"Gremlin Leader","floor":23,"turns":3}],"seed_played":"3388361043598126937","potions_obtained":[{"floor":1,"key":"SteroidPotion"},{"floor":3,"key":"Block Potion"},{"floor":5,"key":"Strength Potion"},{"floor":7,"key":"Block Potion"},{"floor":13,"key":"StancePotion"},{"floor":18,"key":"Swift Potion"}],"is_trial":false,"path_per_floor":["M","M","M","M","M","R","M","M","T","E","R","E","M","$","R","B",null,"M","M","?","$","M","E"],"character_chosen":"WATCHER","items_purchased":["PathToVictory","CutThroughFate","PathToVictory","Bag of Preparation"],"campfire_rested":2,"item_purchase_floors":[14,14,21,21],"current_hp_per_floor":[72,72,72,68,55,55,50,45,45,26,47,43,35,35,56,46,72,67,37,37,37,25,0,0],"gold":94,"neow_bonus":"THREE_ENEMY_KILL","is_daily":false,"chose_seed":false,"campfire_upgraded":1,"win_rate":0.0,"timestamp":1612290497,"path_taken":["M","M","M","M","M","R","M","M","T","E","R","E","M","$","R","BOSS","M","M","?","$","M","E"],"items_purchased_type":["Card","Card","Card","Relic"],"build_version":"2020-12-22","purchased_purges":1,"victory":false,"max_hp_per_floor":[72,72,72,72,72,72,72,72,72,72,72,72,72,72,72,72,72,72,72,72,72,72,72,72],"card_choices":[{"not_picked":["Indignation","Replay:AtTheReady"],"picked":"Study","floor":1},{"not_picked":["SandsOfTime","WheelKick","WreathOfFlame"],"picked":"SKIP","floor":2},{"not_picked":["Meditate","SashWhip"],"picked":"PathToVictory","floor":3},{"not_picked":["Consecrate","Replay:Battleflow"],"picked":"ThirdEye","floor":4},{"not_picked":["Halt","Replay:BluntJabs"],"picked":"BowlingBash","floor":5},{"not_picked":["Replay:ManipulateFuture","Evaluate"],"picked":"PathToVictory","floor":7},{"not_picked":["Replay:AtTheReady","TalkToTheHand"],"picked":"Conclude","floor":8},{"not_picked":["ReachHeaven","Nirvana"],"picked":"PathToVictory","floor":10},{"not_picked":["ConjureBlade","WheelKick"],"picked":"Wireheading","floor":12},{"not_picked":["Vengeance","EmptyFist","ReachHeaven"],"picked":"SKIP","floor":13},{"not_picked":["SashWhip+1","WheelKick"],"picked":"FearNoEvil","floor":18},{"not_picked":["FearNoEvil","EmptyFist"],"picked":"Replay:Battleflow","floor":19},{"not_picked":["FlyingSleeves","Halt+1"],"picked":"EmptyBody","floor":22}],"player_experience":198364,"relics_obtained":[{"floor":9,"key":"Bronze Scales"},{"floor":10,"key":"Orichalcum"},{"floor":12,"key":"Replay:Bottled Snecko"}],"event_choices":[{"damage_healed":0,"gold_gain":0,"cards_transformed":["Study","Eruption"],"player_choice":"Became Test Subject","damage_taken":0,"max_hp_gain":0,"max_hp_loss":0,"event_name":"Drug Dealer","floor":20,"gold_loss":0,"cards_obtained":["Nirvana","ThirdEye"]}],"is_beta":false,"boss_relics":[{"not_picked":["Snecko Eye","Replay:Grab Bag"],"picked":"Astrolabe"}],"items_purged_floors":[14],"is_endless":false,"potions_floor_spawned":[1,3,5,7,13,18,19],"killed_by":"Gremlin Leader","ascension_level":0}}