{"host":"6bsan6hkua32tfq7","time":1612305512,"event":{"mods":["BaseMod","Better Third Choice","Colored Map","Highlight Path","Minty Spire (QoL Compilation)","StSLib"],"gold_per_floor":[119,79,92,92,107,138,138,166,189,25,25,43,43,56,56,130,130,148,158,169,169,169,169],"floor_reached":22,"language":"ENG","playtime":1918,"items_purged":[],"score":492,"play_id":"0f0b0723-bb60-4dbf-9cbf-1123fb82b160","local_time":"20210202233832","is_ascension_mode":true,"campfire_choices":[{"floor":7,"key":"REST"},{"floor":11,"key":"REST"},{"data":"Blasphemy","floor":15,"key":"SMITH"}],"circlet_count":0,"master_deck":["AscendersBane","Strike_P","Strike_P","Strike_P","Strike_P+1","Defend_P","Defend_P","Defend_P","Defend_P","Eruption+1","Vigilance","Conclude","PathToVictory","FlurryOfBlows","Swivel+1","Blasphemy+1","FollowUp","BowlingBash","LessonLearned","WaveOfTheHand+1","LikeWater"],"relics":["PureWater","NeowsBlessing","betterThird:SlimedRelic","Omamori","PreservedInsect","Toy Ornithopter","Medical Kit","Fusion Hammer","MutagenicStrength"],"acts_visited":["Exordium","TheCity"],"potions_floor_usage":[16,22,22],"damage_taken":[{"damage":0,"enemies":"Small Slimes","floor":1,"turns":1},{"damage":0,"enemies":"2 Louse","floor":3,"turns":1},{"damage":0,"enemies":"Cultist","floor":5,"turns":1},{"damage":37,"enemies":"3 Sentries","floor":6,"turns":8},{"damage":64,"enemies":"Gremlin Nob","floor":8,"turns":6},{"damage":0,"enemies":"Red Slaver","floor":12,"turns":2},{"damage":0,"enemies":"Exordium Wildlife","floor":14,"turns":1},{"damage":0,"enemies":"Slime Boss","floor":16,"turns":3},{"damage":3,"enemies":"Spheric Guardian","floor":18,"turns":3},{"damage":31,"enemies":"3 Byrds","floor":19,"turns":5},{"damage":15,"enemies":"Centurion and Healer","floor":20,"turns":6},{"damage":100016,"enemies":"Shelled Parasite and Fungi","floor":22,"turns":5}],"seed_played":"9205256779289462269","potions_obtained":[{"floor":1,"key":"FairyPotion"},{"floor":6,"key":"SneckoOil"},{"floor":8,"key":"LiquidMemories"},{"floor":14,"key":"SkillPotion"},{"floor":19,"key":"BlessingOfTheForge"}],"is_trial":false,"path_per_floor":["M","?","M","?","M","E","R","E","T","$","R","M","$","M","R","B",null,"M","M","M","?","M"],"character_chosen":"WATCHER","items_purchased":["Medical Kit"],"campfire_rested":2,"item_purchase_floors":[10],"current_hp_per_floor":[61,50,50,50,50,13,33,12,12,12,32,32,32,32,32,37,60,57,26,11,11,0,0],"gold":169,"neow_bonus":"THREE_ENEMY_KILL","is_daily":false,"chose_seed":false,"campfire_upgraded":1,"win_rate":0.0,"timestamp":1612305512,"path_taken":["M","?","M","?","?","E","R","E","T","$","R","M","?","M","R","BOSS","M","M","M","?","M"],"items_purchased_type":["Relic"],"build_version":"2020-12-22","purchased_purges":0,"victory":false,"max_hp_per_floor":[68,68,68,68,68,68,68,68,68,68,68,68,68,68,68,68,68,68,68,68,68,68,68],"card_choices":[{"not_picked":["DeceiveReality","FlurryOfBlows"],"picked":"Conclude","floor":1},{"not_picked":["CrushJoints","Adaptation"],"picked":"PathToVictory","floor":3},{"not_picked":["Fasting2","ThirdEye"],"picked":"FlurryOfBlows","floor":5},{"not_picked":["Prostrate","MentalFortress"],"picked":"Swivel","floor":6},{"not_picked":["FollowUp","Worship"],"picked":"Blasphemy","floor":8},{"not_picked":["ThirdEye","Prostrate"],"picked":"FollowUp","floor":12},{"not_picked":["ForeignInfluence","JustLucky"],"picked":"BowlingBash","floor":14},{"not_picked":["ConjureBlade","SpiritShield"],"picked":"LessonLearned","floor":16},{"not_picked":["EmptyMind","Pray","Indignation"],"picked":"SKIP","floor":18},{"not_picked":["WheelKick","CutThroughFate"],"picked":"WaveOfTheHand+1","floor":19},{"not_picked":["JustLucky","Consecrate"],"picked":"LikeWater","floor":20}],"player_experience":5392731,"relics_obtained":[{"floor":6,"key":"Omamori"},{"floor":8,"key":"PreservedInsect"},{"floor":9,"key":"Toy Ornithopter"}],"event_choices":[{"damage_healed":0,"gold_gain":0,"player_choice":"Slimed","damage_taken":11,"max_hp_gain":0,"max_hp_loss":0,"event_name":"betterThird:BetterGoop","floor":2,"gold_loss":40},{"damage_healed":0,"gold_gain":0,"player_choice":"0 cards matched","damage_taken":0,"max_hp_gain":0,"max_hp_loss":0,"event_name":"Match and Keep!","floor":4,"gold_loss":0,"cards_obtained":[]},{"damage_healed":0,"gold_gain":0,"player_choice":"Inject Mutagens","damage_taken":0,"relics_obtained":["MutagenicStrength"],"max_hp_gain":0,"max_hp_loss":0,"event_name":"Drug Dealer","floor":21,"gold_loss":0}],"is_beta":false,"boss_relics":[{"not_picked":["Busted Crown","Empty Cage"],"picked":"Fusion Hammer"}],"items_purged_floors":[],"is_endless":false,"potions_floor_spawned":[1,6,8,14,19],"killed_by":"Shelled Parasite and Fungi","ascension_level":20}}