{"host":"fa35vd3kig5td25x","time":1612286042,"event":{"mods":["BaseMod","Colored Powertips","Minty Spire (QoL Compilation)","Relic Stats","Slay the Relics Exporter"],"gold_per_floor":[119,139,45,62,62,90,90,102,102,122,136,161,179,198,198,272,272,284,295,295,1,13,13,13,13],"floor_reached":24,"language":"ENG","playtime":1487,"items_purged":[],"score":449,"play_id":"1ced286e-b828-445d-990f-3ff02be4164d","local_time":"20210202181402","is_ascension_mode":true,"campfire_choices":[{"data":"Whirlwind","floor":7,"key":"SMITH"},{"floor":15,"key":"REST"},{"floor":23,"key":"REST"}],"circlet_count":0,"master_deck":["AscendersBane","Defend_R","Defend_R","Defend_R","Defend_R","Bash","Clash","Sword Boomerang","Combust","Impervious","Whirlwind+1","Inflame","Anger","Shrug It Off","Corruption+1","True Grit","Sentinel","Barricade+1","Armaments+1","Metallicize+1","Bite","Bite","Bite","Bite","Bite","Feel No Pain+1","Entrench","PanicButton"],"relics":["Burning Blood","Question Card","Kunai","Frozen Egg 2","Cursed Key"],"acts_visited":["Exordium","TheCity"],"potions_floor_usage":[8,12,18,22,22],"damage_taken":[{"damage":2,"enemies":"Small Slimes","floor":1,"turns":5},{"damage":2,"enemies":"Cultist","floor":2,"turns":4},{"damage":3,"enemies":"2 Louse","floor":4,"turns":3},{"damage":26,"enemies":"3 Sentries","floor":6,"turns":7},{"damage":3,"enemies":"Exordium Wildlife","floor":8,"turns":3},{"damage":6,"enemies":"Blue Slaver","floor":10,"turns":4},{"damage":16,"enemies":"Lots of Slimes","floor":11,"turns":3},{"damage":27,"enemies":"Gremlin Nob","floor":12,"turns":4},{"damage":9,"enemies":"Large Slime","floor":13,"turns":5},{"damage":11,"enemies":"Looter","floor":14,"turns":3},{"damage":25,"enemies":"The Guardian","floor":16,"turns":12},{"damage":15,"enemies":"3 Byrds","floor":18,"turns":3},{"damage":42,"enemies":"Shell Parasite","floor":19,"turns":6},{"damage":20,"enemies":"Cultist and Chosen","floor":22,"turns":11},{"damage":61,"enemies":"Gremlin Leader","floor":24,"turns":7}],"seed_played":"-6669628855772135897","potions_obtained":[{"floor":1,"key":"LiquidMemories"},{"floor":11,"key":"Fire Potion"},{"floor":12,"key":"DuplicationPotion"},{"floor":18,"key":"Fruit Juice"}],"is_trial":false,"path_per_floor":["M","M","$","M","?","E","R","M","T","M","M","E","M","M","R","B",null,"M","M","?","$","M","R","E"],"character_chosen":"IRONCLAD","items_purchased":["Combust","AttackPotion","Feel No Pain+1","Entrench","PanicButton","BlessingOfTheForge"],"campfire_rested":2,"item_purchase_floors":[3,3,21,21,21,21],"current_hp_per_floor":[79,82,82,82,82,62,62,65,65,65,55,34,31,26,50,31,69,65,29,29,29,35,53,0,0],"gold":13,"neow_bonus":"TEN_PERCENT_HP_BONUS","is_daily":false,"chose_seed":false,"campfire_upgraded":1,"win_rate":0.0,"timestamp":1612286042,"path_taken":["M","M","$","M","?","E","R","?","T","M","M","E","M","M","R","BOSS","M","M","?","$","M","R","E"],"items_purchased_type":["Card","Potion","Card","Card","Card","Potion"],"build_version":"2020-12-22","purchased_purges":0,"victory":false,"max_hp_per_floor":[82,82,82,82,82,82,82,82,82,82,82,82,82,82,82,82,82,87,87,60,60,60,60,60,60],"relic_stats":{"counters":[15,80],"Kunai":[12],"Question Card":10,"Cursed Key":0,"obtain_stats":[{"Kunai":9,"Frozen Egg 2":12,"Question Card":6,"Cursed Key":17,"Burning Blood":0},{"Kunai":5,"Frozen Egg 2":8,"Question Card":4,"Cursed Key":11,"Burning Blood":0},{"Kunai":22,"Frozen Egg 2":33,"Question Card":19,"Cursed Key":53,"Burning Blood":0}],"Burning Blood":80},"card_choices":[{"not_picked":["Ghostly Armor","Havoc"],"picked":"Clash","floor":1},{"not_picked":["Headbutt","Dark Embrace"],"picked":"Sword Boomerang","floor":2},{"not_picked":["Wild Strike","Iron Wave"],"picked":"Impervious","floor":4},{"not_picked":["Power Through","Shrug It Off"],"picked":"Whirlwind","floor":6},{"not_picked":["Evolve","Twin Strike","Metallicize"],"picked":"Inflame","floor":8},{"not_picked":["Cleave","Perfected Strike","Flex"],"picked":"Anger","floor":10},{"not_picked":["Armaments","Entrench","Perfected Strike"],"picked":"Shrug It Off","floor":11},{"not_picked":["Twin Strike","Wild Strike","Entrench"],"picked":"Corruption+1","floor":12},{"not_picked":["Flex","Warcry","Havoc"],"picked":"True Grit","floor":13},{"not_picked":["Ghostly Armor","Wild Strike","True Grit"],"picked":"Sentinel","floor":14},{"not_picked":["Brutality+1","Feed","Juggernaut+1"],"picked":"Barricade+1","floor":16},{"not_picked":["Second Wind","Anger","Warcry"],"picked":"Armaments+1","floor":18},{"not_picked":["Cleave+1","Uppercut","Warcry"],"picked":"Metallicize+1","floor":19},{"not_picked":["Perfected Strike","Sever Soul+1","Thunderclap","Hemokinesis"],"picked":"SKIP","floor":22}],"player_experience":3050645,"relics_obtained":[{"floor":6,"key":"Question Card"},{"floor":9,"key":"Kunai"},{"floor":12,"key":"Frozen Egg 2"}],"event_choices":[{"damage_healed":0,"gold_gain":0,"player_choice":"Full Heal","damage_taken":0,"max_hp_gain":0,"max_hp_loss":0,"event_name":"Wheel of Change","floor":5,"gold_loss":0},{"damage_healed":0,"gold_gain":0,"player_choice":"Became a vampire","damage_taken":0,"max_hp_gain":0,"max_hp_loss":27,"event_name":"Vampires","floor":20,"gold_loss":0,"cards_obtained":["Bite","Bite","Bite","Bite","Bite"]}],"is_beta":false,"boss_relics":[{"not_picked":["SlaversCollar","Fusion Hammer"],"picked":"Cursed Key"}],"items_purged_floors":[],"is_endless":false,"potions_floor_spawned":[1,4,11,12,18],"killed_by":"Gremlin Leader","ascension_level":20}}