{"host":"uu8qcv8llpcbwyus","time":1612253676,"event":{"mods":["100% Spire Juice","BaseMod","CapriCore","Conspire","Downfall","HololiveMod","Hubris","Marisa（霧雨　魔理沙）","Minty Spire (QoL Compilation)","Reimu（博??梦）","Remilia（蕾米莉?）","Replay The Spire","StSLib","The Administrix","The Animator","The Gatherer","The Immortal","The Servant 0.9.4","TheSwordswoman","WarShipGirlsR/??少女R mod","Yakumo Yukari mod"],"gold_per_floor":[110,130,130,26,26,26,26,26,102,116,116,133,13,13,13,108,108,118,118,137,150,168,168,179,87,87,101,101,113,113,132,132,228,108,120,348,359,129,145,145,159,175,175,27,54,54,54,69,69,69],"floor_reached":51,"language":"ENG","playtime":2939,"items_purged":["Moonworks:Ambush"],"score":922,"play_id":"475b1bd3-b19d-4271-be3d-96efebd01df1","local_time":"20210202001436","is_ascension_mode":true,"campfire_choices":[{"data":"Moonworks:AwakeningOfTalent","floor":6.0,"key":"SMITH"},{"data":"Moonworks:LulusLuckyEgg","floor":8.0,"key":"SMITH"},{"data":"Moonworks:BackdoorTrade","floor":13.0,"key":"SMITH"},{"data":"Moonworks:IntelligenceOfficer","floor":15.0,"key":"SMITH"},{"data":"Moonworks:SubspaceTunnel","floor":23.0,"key":"SMITH"},{"data":"Moonworks:AnotherUltimateWeapon","floor":32.0,"key":"SMITH"},{"data":"Moonworks:BackdoorTrade","floor":40.0,"key":"SMITH"},{"data":"Moonworks:BigMagnum","floor":49,"key":"SMITH"}],"circlet_count":0,"master_deck":["conspire:GhostlyStrike","conspire:GhostlyStrike","conspire:GhostlyStrike","conspire:GhostlyStrike","conspire:GhostlyDefend","conspire:GhostlyDefend","conspire:GhostlyDefend","conspire:GhostlyDefend","Moonworks:LongDistanceShot","Moonworks:AwakeningOfTalent+1","Moonworks:LulusLuckyEgg+1","Moonworks:BackdoorTrade+1","Moonworks:IntelligenceOfficer+1","Moonworks:SubspaceTunnel+1","Moonworks:x16BigRocket+1","Moonworks:MiracleRedBeanIceCream","Moonworks:AnotherUltimateWeapon+1","Moonworks:Dinner+1","Moonworks:IndiscriminateFireSupport+1","Moonworks:NicePresent","Moonworks:NicePresent","Moonworks:TacticalRetreat+1","Finesse","Moonworks:BackdoorTrade+1","Moonworks:NicePresent","Moonworks:BigMagnum+1","Moonworks:NicePresent","Parasite","Moonworks:BigMagnum+1"],"relics":["Moonworks:BrokenBomb","Moonworks:Homemark","hubris:Towel","conspire:DeflatedDodgeball","hubris:Stopwatch","hubris:Icosahedron","hubris:Reverence","conspire:BottledYoYo","SacredBark","Old Coin","hubris:DeckOfHolding","Chemical X","Hololive_LightStick","Oddly Smooth Stone"],"acts_visited":["Exordium","TheCity","TheBeyond"],"potions_floor_usage":[45,50,50,50,50,50],"damage_taken":[{"damage":4.0,"enemies":"Small Slimes","floor":1.0,"turns":4.0},{"damage":1.0,"enemies":"2 Louse","floor":2.0,"turns":2.0},{"damage":4.0,"enemies":"Jaw Worm","floor":4.0,"turns":5.0},{"damage":2.0,"enemies":"Looter","floor":10.0,"turns":3.0},{"damage":3.0,"enemies":"Exordium Wildlife","floor":12.0,"turns":5.0},{"damage":43.0,"enemies":"Fading Forest","floor":16.0,"turns":11.0},{"damage":17.0,"enemies":"2 Thieves","floor":18.0,"turns":5.0},{"damage":19.0,"enemies":"Chosen","floor":20.0,"turns":6.0},{"damage":28.0,"enemies":"Snake Plant","floor":21.0,"turns":6.0},{"damage":20.0,"enemies":"Cultist and Chosen","floor":22.0,"turns":6.0},{"damage":2.0,"enemies":"3 Cultists","floor":24.0,"turns":4.0},{"damage":8.0,"enemies":"Gremlin Leader","floor":25.0,"turns":5.0},{"damage":11.0,"enemies":"Centurion and Healer","floor":27.0,"turns":6.0},{"damage":23.0,"enemies":"Snecko","floor":29.0,"turns":5.0},{"damage":0.0,"enemies":"Snake Plant","floor":31.0,"turns":2.0},{"damage":39.0,"enemies":"Automaton","floor":33.0,"turns":8.0},{"damage":9.0,"enemies":"3 Darklings","floor":35.0,"turns":4.0},{"damage":44.0,"enemies":"2 Orb Walkers","floor":36.0,"turns":4.0},{"damage":8.0,"enemies":"3 Shapes","floor":37.0,"turns":4.0},{"damage":12.0,"enemies":"Writhing Mass","floor":39.0,"turns":5.0},{"damage":0,"enemies":"Jaw Worm Horde","floor":41,"turns":4},{"damage":12,"enemies":"Transient","floor":42,"turns":5},{"damage":23,"enemies":"R_Hoarder","floor":45,"turns":6},{"damage":0,"enemies":"Writhing Mass","floor":48,"turns":3},{"damage":11,"enemies":"Donu and Deca","floor":50,"turns":4}],"seed_played":"908785387354837990","potions_obtained":[{"floor":1.0,"key":"Swift Potion"},{"floor":4.0,"key":"Milkshake"},{"floor":16.0,"key":"FairyPotion"},{"floor":25.0,"key":"Adrenaline Potion"},{"floor":31.0,"key":"GrandPatriotsElixir:ReiMu"},{"floor":48,"key":"Explosive Potion"}],"is_trial":false,"path_per_floor":["M","M","?","M","?","R","$","R","T","M","?","M","R","$","R","B",null,"M","?","M","M","M","R","M","E","T","M","?","M","$","M","R","B",null,"M","?","M","$","M","R","M","M","T","$","E","?","T","M","R","B",null],"character_chosen":"THE_STARBREAKER","items_purchased":["Finesse","Moonworks:BackdoorTrade","Chemical X"],"campfire_rested":0,"item_purchase_floors":[38,38,44],"current_hp_per_floor":[62,61,61,57,57,57,57,57,57,55,60,57,57,57,57,32,71,54,54,35,7,11,11,30,27,27,31,31,20,20,29,29,5,71,69,30,27,27,29,29,43,36,36,36,27,27,27,27,27,21],"gold":69,"neow_bonus":"TEN_PERCENT_HP_BONUS","is_daily":false,"chose_seed":false,"campfire_upgraded":8,"win_rate":0.0,"timestamp":1612253676,"path_taken":["M","M","?","M","?","R","$","R","T","M","?","M","R","$","R","BOSS","M","?","M","M","M","R","M","E","T","M","?","M","?","?","R","BOSS","M","?","M","$","M","R","M","M","T","$","E","?","?","M","R","BOSS"],"items_purchased_type":["Card","Card","Relic"],"build_version":"2020-12-22","purchased_purges":1,"victory":true,"max_hp_per_floor":[66,66,66,66,66,66,66,66,66,66,71,71,71,71,71,71,71,71,71,71,71,71,71,71,71,71,71,71,71,71,71,71,71,71,71,71,71,71,71,71,71,71,71,71,71,71,71,71,71,71],"card_choices":[{"not_picked":["Moonworks:BigBangBell","Moonworks:RedAndBlue"],"picked":"Moonworks:AwakeningOfTalent","floor":1.0},{"not_picked":["Moonworks:UnluckyCharm","Moonworks:SakisCookie"],"picked":"Moonworks:LulusLuckyEgg","floor":2.0},{"not_picked":["Moonworks:SakisCookie","Moonworks:EvilSpyWorkPreparation"],"picked":"Moonworks:BackdoorTrade","floor":4.0},{"not_picked":["Moonworks:DeployBits","Moonworks:ImOnFire"],"picked":"Moonworks:IntelligenceOfficer","floor":10.0},{"not_picked":["Moonworks:IntelligenceOfficer","Moonworks:BigMagnum","Moonworks:CloudOfSeagulls"],"picked":"SKIP","floor":12.0},{"not_picked":["Moonworks:MeltingMemories","Moonworks:HolyNight"],"picked":"Moonworks:SubspaceTunnel","floor":16.0},{"not_picked":["Moonworks:NicePresent+1","Moonworks:Assault"],"picked":"Moonworks:x16BigRocket+1","floor":18.0},{"not_picked":["Moonworks:JonathanRush+1","Moonworks:Poppoformation","Moonworks:LulusLuckyEgg"],"picked":"SKIP","floor":20.0},{"not_picked":["Moonworks:SakisCookie+1","Moonworks:CloudOfSeagulls+1","Moonworks:ReproductionOfRecords"],"picked":"SKIP","floor":21.0},{"not_picked":["Moonworks:DeployBits","Moonworks:Assault"],"picked":"Moonworks:MiracleRedBeanIceCream","floor":22.0},{"not_picked":["Moonworks:NicePresent","Moonworks:CookingTime"],"picked":"Moonworks:AnotherUltimateWeapon","floor":24.0},{"not_picked":["Moonworks:DeployBits+1","Moonworks:Heat300Percent"],"picked":"Moonworks:Dinner+1","floor":25.0},{"not_picked":["Moonworks:Dash+1","Moonworks:Heat300Percent"],"picked":"Moonworks:IndiscriminateFireSupport+1","floor":27.0},{"not_picked":["Moonworks:CompletionReward+1","Moonworks:BindingChains+1"],"picked":"Moonworks:NicePresent","floor":29.0},{"not_picked":["Moonworks:EvilSpyWorkPreparation","Moonworks:RedAndBlue+1","Moonworks:JonathanRush+1"],"picked":"SKIP","floor":31.0},{"not_picked":["Moonworks:CloudOfSeagulls","Moonworks:ScrambledEve","Moonworks:DeployBits+1"],"picked":"SKIP","floor":35.0},{"not_picked":["Moonworks:MiracleRedBeanIceCream+1","Moonworks:Gamble"],"picked":"Moonworks:NicePresent","floor":36.0},{"not_picked":["Moonworks:BigBangBell","Moonworks:NicePresent"],"picked":"Moonworks:TacticalRetreat+1","floor":37.0},{"not_picked":["Moonworks:BigMagnum","Moonworks:JonathanRush+1"],"picked":"Moonworks:NicePresent","floor":39.0},{"not_picked":["Moonworks:MiracleWalker","Moonworks:DeployBits","Moonworks:CompletionReward"],"picked":"SKIP","floor":41},{"not_picked":["Moonworks:ImOnFire","Moonworks:DeployBits"],"picked":"Moonworks:BigMagnum+1","floor":42},{"not_picked":["Moonworks:ImmovableObject+1","Moonworks:BigMagnum+1"],"picked":"Moonworks:NicePresent","floor":45},{"not_picked":["Moonworks:ImOnFire","Moonworks:Assault+1"],"picked":"Moonworks:BigMagnum","floor":48}],"player_experience":1160260,"relics_obtained":[{"floor":9.0,"key":"conspire:DeflatedDodgeball"},{"floor":25.0,"key":"hubris:Reverence"},{"floor":26.0,"key":"conspire:BottledYoYo"},{"floor":36.0,"key":"Old Coin"},{"floor":43,"key":"hubris:DeckOfHolding"},{"floor":45,"key":"Hololive_LightStick"},{"floor":47,"key":"Oddly Smooth Stone"}],"event_choices":[{"damage_healed":0.0,"max_hp_gain":0.0,"max_hp_loss":0.0,"gold_gain":0.0,"event_name":"conspire:LoneGhost","player_choice":"Agree","floor":5.0,"gold_loss":0.0,"damage_taken":0.0},{"damage_healed":0.0,"max_hp_gain":5.0,"max_hp_loss":0.0,"gold_gain":0.0,"event_name":"Big Fish","player_choice":"Donut","floor":11.0,"gold_loss":0.0,"damage_taken":0.0},{"damage_healed":0.0,"max_hp_gain":0.0,"max_hp_loss":0.0,"gold_gain":0.0,"event_name":"Mysterious Sphere","player_choice":"Fight","floor":36.0,"gold_loss":0.0,"damage_taken":0.0}],"is_beta":false,"boss_relics":[{"not_picked":["Hololive_ChaosS","hubris:BlackHole"],"picked":"hubris:Stopwatch"},{"not_picked":["Replay:Ancient Bell","Replay:Wanted Poster"],"picked":"SacredBark"}],"items_purged_floors":[38],"is_endless":false,"potions_floor_spawned":[1,4,16,18,25,27,31,36,41,48],"ascension_level":3}}