{"host":"nwd160me4iqdtr8u","time":1612266124,"event":{"mods":["AchievementEnabler","Act Like it!","BaseMod","Colored Map","DeckTracker","Keyboard Shortcuts","Minty Spire (QoL Compilation)","Quick Restart","Rare Cards Sparkle","Smile Girya","StSLib","SuperFastMode","everything is the same but u backflip on backflip"],"gold_per_floor":[19,38,38,38,49,75,89,89,141,141,51,109,136,148,160,172,172],"floor_reached":16,"language":"KOR","playtime":467,"items_purged":[],"score":200,"play_id":"bc81b15e-d986-4eee-92c7-6f3825dd4209","local_time":"20210202204204","is_ascension_mode":true,"campfire_choices":[{"data":"Bouncing Flask","floor":8,"key":"SMITH"},{"data":"Crippling Poison","floor":10,"key":"SMITH"},{"floor":15,"key":"REST"}],"circlet_count":0,"master_deck":["AscendersBane","Strike_G","Strike_G","Defend_G","Defend_G","Defend_G","Defend_G","Defend_G","Survivor","Neutralize","Calculated Gamble","Outmaneuver","Bouncing Flask+1","Deflect","Crippling Poison+1","Malaise","Noxious Fumes+1","Catalyst","Backstab","Backflip","Blur"],"relics":["Ring of the Snake","Frozen Egg 2","Art of War","MawBank"],"acts_visited":["Exordium"],"potions_floor_usage":[6,12],"damage_taken":[{"damage":5.0,"enemies":"Small Slimes","floor":1.0,"turns":7.0},{"damage":0.0,"enemies":"2 Louse","floor":2.0,"turns":3.0},{"damage":2,"enemies":"Jaw Worm","floor":5,"turns":5},{"damage":20,"enemies":"3 Sentries","floor":6,"turns":18},{"damage":2,"enemies":"2 Fungi Beasts","floor":7,"turns":6},{"damage":11,"enemies":"Gremlin Nob","floor":12,"turns":3},{"damage":13,"enemies":"Exordium Thugs","floor":13,"turns":5},{"damage":32,"enemies":"Slime Boss","floor":16,"turns":6}],"seed_played":"-5883616083871742490","potions_obtained":[{"floor":1.0,"key":"Dexterity Potion"},{"floor":5,"key":"Fire Potion"}],"is_trial":false,"path_per_floor":["M","M","?","?","M","E","M","R","T","R","$","?","M","?","R","B"],"character_chosen":"THE_SILENT","items_purchased":["Catalyst"],"campfire_rested":1,"item_purchase_floors":[11],"current_hp_per_floor":[54,54,54,59,57,37,35,35,35,35,35,24,11,11,32,0,0],"gold":172,"neow_bonus":"TRANSFORM_TWO_CARDS","is_daily":false,"chose_seed":false,"campfire_upgraded":2,"win_rate":0.0,"timestamp":1612266124,"path_taken":["M","M","?","?","M","E","M","R","T","R","$","?","M","?","R","BOSS"],"items_purchased_type":["Card"],"build_version":"2020-12-22","purchased_purges":0,"victory":false,"max_hp_per_floor":[66,66,66,71,71,71,71,71,71,71,71,71,71,71,71,71,71],"card_choices":[{"not_picked":["Endless Agony","Leg Sweep"],"picked":"Bouncing Flask","floor":1.0},{"not_picked":["Quick Slash","Dodge and Roll"],"picked":"Deflect","floor":2.0},{"not_picked":["Blur","Dagger Throw"],"picked":"Crippling Poison","floor":5},{"not_picked":["Sucker Punch","Finisher"],"picked":"Malaise","floor":6},{"not_picked":["Masterful Stab","Flying Knee"],"picked":"Noxious Fumes+1","floor":7},{"not_picked":["Dodge and Roll","Flying Knee"],"picked":"Backstab","floor":12},{"not_picked":["Dagger Throw","Choke"],"picked":"Backflip","floor":13}],"player_experience":374128,"relics_obtained":[{"floor":6,"key":"Frozen Egg 2"},{"floor":9,"key":"Art of War"},{"floor":12,"key":"MawBank"}],"event_choices":[{"damage_healed":0.0,"max_hp_gain":0.0,"max_hp_loss":0.0,"gold_gain":0.0,"event_name":"Shining Light","player_choice":"Ignored","floor":3.0,"gold_loss":0.0,"damage_taken":0.0},{"damage_healed":0.0,"max_hp_gain":5.0,"max_hp_loss":0.0,"gold_gain":0.0,"event_name":"Big Fish","player_choice":"Donut","floor":4.0,"gold_loss":0.0,"damage_taken":0.0},{"damage_healed":0,"gold_gain":0,"player_choice":"Searched \u00271\u0027 times","damage_taken":0,"max_hp_gain":0,"max_hp_loss":0,"event_name":"Dead Adventurer","floor":12,"gold_loss":0},{"damage_healed":0,"gold_gain":0,"cards_transformed":["Strike_G"],"player_choice":"Change","damage_taken":0,"max_hp_gain":0,"max_hp_loss":0,"event_name":"Living Wall","floor":14,"gold_loss":0,"cards_obtained":["Blur"]}],"is_beta":false,"boss_relics":[],"items_purged_floors":[],"is_endless":false,"potions_floor_spawned":[1,5],"killed_by":"Slime Boss","ascension_level":20}}