{"host":"g2yp6paluzgljz05","time":1612259865,"event":{"mods":["BaseMod","Bestiary","Colored Powertips","DeckTracker","Highlight Path","Minty Spire (QoL Compilation)","Quick Restart"],"gold_per_floor":[20,20,20,20,32,60,80,80,80,107,133,159,171,31,31,31,31],"floor_reached":16,"language":"ENG","playtime":642,"items_purged":[],"score":154,"play_id":"c3bc18e0-9a58-4091-8dd0-2781325baf5e","local_time":"20210202205745","is_ascension_mode":true,"campfire_choices":[{"data":"Thinking Ahead","floor":8,"key":"SMITH"},{"data":"Shockwave","floor":15,"key":"SMITH"}],"circlet_count":0,"master_deck":["Strike_R","Strike_R","Strike_R","Defend_R","Defend_R","Defend_R","Defend_R","Bash","Thinking Ahead+1","Clothesline","Carnage","Fiend Fire","Shockwave+1","Regret"],"relics":["Burning Blood","Meat on the Bone","Bag of Marbles","Potion Belt","MawBank","InkBottle","PreservedInsect"],"acts_visited":["Exordium"],"potions_floor_usage":[10,16],"damage_taken":[{"damage":13,"enemies":"Jaw Worm","floor":1,"turns":4},{"damage":0,"enemies":"2 Louse","floor":5,"turns":2},{"damage":45,"enemies":"Lagavulin","floor":6,"turns":6},{"damage":10,"enemies":"Small Slimes","floor":7,"turns":3},{"damage":28,"enemies":"Gremlin Nob","floor":10,"turns":4},{"damage":5,"enemies":"Exordium Wildlife","floor":11,"turns":2},{"damage":30,"enemies":"Lots of Slimes","floor":12,"turns":4},{"damage":63,"enemies":"The Guardian","floor":16,"turns":8}],"seed_played":"7891877302431741911","potions_obtained":[{"floor":7,"key":"CultistPotion"},{"floor":11,"key":"FairyPotion"},{"floor":12,"key":"Weak Potion"}],"is_trial":false,"path_per_floor":["M","?","?","T","M","E","M","R","T","E","M","M","?","$","R","B"],"character_chosen":"IRONCLAD","items_purchased":["PreservedInsect"],"campfire_rested":0,"item_purchase_floors":[14],"current_hp_per_floor":[65,65,58,58,64,37,45,45,45,35,48,36,36,36,36,0,0],"gold":31,"neow_bonus":"RANDOM_COLORLESS_2","is_daily":false,"chose_seed":false,"campfire_upgraded":2,"win_rate":0.0,"timestamp":1612259865,"path_taken":["M","?","?","?","M","E","M","R","T","E","M","M","?","$","R","BOSS"],"items_purchased_type":["Relic"],"build_version":"2020-12-22","purchased_purges":0,"victory":false,"max_hp_per_floor":[80,80,80,80,80,80,80,80,80,80,80,80,80,80,80,80,80],"card_choices":[{"not_picked":["Violence","Transmutation"],"picked":"Thinking Ahead","floor":0},{"not_picked":["Metallicize","Body Slam"],"picked":"Clothesline","floor":1},{"not_picked":["Flex","Twin Strike","Hemokinesis"],"picked":"SKIP","floor":5},{"not_picked":["Cleave","Shrug It Off"],"picked":"Fiend Fire","floor":6},{"not_picked":["Havoc","Iron Wave","Wild Strike"],"picked":"SKIP","floor":7},{"not_picked":["True Grit","Anger"],"picked":"Shockwave","floor":10},{"not_picked":["Power Through","Heavy Blade","Metallicize"],"picked":"SKIP","floor":11},{"not_picked":["Dropkick","Sentinel","Armaments"],"picked":"SKIP","floor":12}],"player_experience":304169,"relics_obtained":[{"floor":4,"key":"Meat on the Bone"},{"floor":6,"key":"Bag of Marbles"},{"floor":9,"key":"Potion Belt"},{"floor":10,"key":"MawBank"}],"event_choices":[{"damage_healed":0,"gold_gain":0,"cards_transformed":["Strike_R"],"player_choice":"Change","damage_taken":0,"max_hp_gain":0,"max_hp_loss":0,"event_name":"Living Wall","floor":2,"gold_loss":0,"cards_obtained":["Carnage"]},{"cards_removed":["Strike_R"],"damage_healed":0,"gold_gain":0,"player_choice":"Card Removal","damage_taken":7,"max_hp_gain":0,"max_hp_loss":0,"event_name":"Golden Wing","floor":3,"gold_loss":0},{"damage_healed":0,"gold_gain":0,"player_choice":"Box","damage_taken":0,"relics_obtained":["InkBottle"],"max_hp_gain":0,"max_hp_loss":0,"event_name":"Big Fish","floor":13,"gold_loss":0,"cards_obtained":["Regret"]}],"is_beta":false,"boss_relics":[],"items_purged_floors":[],"is_endless":false,"potions_floor_spawned":[7,11,12],"killed_by":"The Guardian","ascension_level":8}}