{"host":"d52brwsy6af8zvaq","time":1612248653,"event":{"mods":["AchievementEnabler","BaseMod","Bestiary","Highlight Path","Minty Spire (QoL Compilation)","Quick Restart","Relic Stats","ojb\u0027s Better Paths Mod"],"gold_per_floor":[112,112,125,50,66,100,100,129,152,152,152],"floor_reached":10,"language":"ENG","playtime":408,"items_purged":["Strike_G"],"score":152,"play_id":"b5e9ce1a-e8f0-48dd-b3d1-0ca521f0f495","local_time":"20210201235053","is_ascension_mode":true,"campfire_choices":[{"data":"Wraith Form v2","floor":7.0,"key":"SMITH"}],"circlet_count":0,"master_deck":["AscendersBane","Strike_G","Strike_G","Strike_G","Strike_G","Defend_G","Defend_G","Defend_G","Defend_G","Defend_G","Survivor","Neutralize","Deadly Poison","Sucker Punch","Wraith Form v2+1","PiercingWail","Prepared","Backstab","Deadly Poison"],"relics":["Ring of the Snake","Bronze Scales","Nunchaku"],"acts_visited":["Exordium"],"potions_floor_usage":[],"damage_taken":[{"damage":0.0,"enemies":"Jaw Worm","floor":1.0,"turns":5.0},{"damage":1.0,"enemies":"Cultist","floor":3.0,"turns":4.0},{"damage":0.0,"enemies":"2 Louse","floor":5.0,"turns":4.0},{"damage":19.0,"enemies":"Lagavulin","floor":6.0,"turns":8.0},{"damage":10.0,"enemies":"Gremlin Nob","floor":8.0,"turns":5.0},{"damage":37,"enemies":"3 Sentries","floor":10,"turns":7}],"seed_played":"-63469111537959915","potions_obtained":[{"floor":5.0,"key":"BlessingOfTheForge"},{"floor":6.0,"key":"Ancient Potion"}],"is_trial":false,"path_per_floor":["M","?","M","$","M","E","R","E","T","E"],"character_chosen":"THE_SILENT","items_purchased":[],"campfire_rested":0,"item_purchase_floors":[],"current_hp_per_floor":[65,65,64,64,64,45,45,35,35,0,0],"gold":152,"neow_bonus":"TEN_PERCENT_HP_BONUS","is_daily":false,"chose_seed":false,"campfire_upgraded":1,"win_rate":0.0,"timestamp":1612248653,"path_taken":["M","?","M","$","?","E","R","E","T","E"],"items_purchased_type":[],"build_version":"2020-12-22","purchased_purges":1,"victory":false,"max_hp_per_floor":[72,72,72,72,72,72,72,72,72,72,72],"relic_stats":{"Nunchaku":[0],"counters":[6,33],"Bronze Scales":[31],"obtain_stats":[{"Nunchaku":8,"Bronze Scales":6,"Ring of the Snake":0},{"Nunchaku":5,"Bronze Scales":4,"Ring of the Snake":0},{"Nunchaku":26,"Bronze Scales":21,"Ring of the Snake":0}],"Ring of the Snake":[12]},"card_choices":[{"not_picked":["Endless Agony","Prepared"],"picked":"Deadly Poison","floor":1.0},{"not_picked":["Prepared","Deflect"],"picked":"PiercingWail","floor":3.0},{"not_picked":["Deflect","Eviscerate"],"picked":"Prepared","floor":5.0},{"not_picked":["Riddle With Holes","Outmaneuver"],"picked":"Backstab","floor":6.0},{"not_picked":["Flying Knee","Backflip"],"picked":"Deadly Poison","floor":8.0}],"player_experience":2118348,"relics_obtained":[{"floor":6.0,"key":"Bronze Scales"},{"floor":8.0,"key":"Nunchaku"}],"event_choices":[{"damage_healed":0.0,"max_hp_gain":0.0,"max_hp_loss":0.0,"gold_gain":0.0,"event_name":"Match and Keep!","player_choice":"2 cards matched","floor":2.0,"gold_loss":0.0,"damage_taken":0.0,"cards_obtained":["Sucker Punch","Wraith Form v2"]}],"is_beta":false,"boss_relics":[],"items_purged_floors":[4],"is_endless":false,"potions_floor_spawned":[5,6],"killed_by":"3 Sentries","ascension_level":20}}