{"host":"v54ek091sdz7ha6h","time":1612295711,"event":{"mods":["BaseMod","Better Vampires","Colored Map","Colored Powertips","DeckTracker","Highlight Path","KOR Keyword Fix","Minty Spire (QoL Compilation)","Rare Cards Sparkle","Relic Stats","StSLib","SuperFastMode"],"gold_per_floor":[113,388,63,76,36,36,61,61,111,186,186,186,86,104,104,176,176,193,193,206,206,206],"floor_reached":21,"language":"KOR","playtime":423,"items_purged":["Regret","Strike_G"],"score":350,"play_id":"0dc8bc0e-eedd-41b9-90a1-9ae3a7908e75","local_time":"20210203045511","is_ascension_mode":true,"campfire_choices":[{"data":"Dash","floor":6.0,"key":"SMITH"},{"data":"Deadly Poison","floor":8.0,"key":"SMITH"},{"data":"Neutralize","floor":12.0,"key":"SMITH"},{"data":"Caltrops","floor":15.0,"key":"SMITH"}],"circlet_count":0,"master_deck":["AscendersBane","Strike_G","Strike_G","Strike_G","Strike_G","Defend_G","Defend_G","Defend_G","Defend_G","Defend_G","Survivor","Neutralize+1","Deadly Poison+1","Dash+1","Dagger Throw","Caltrops+1","Poisoned Stab","After Image","Noxious Fumes"],"relics":["Ring of the Snake","Lantern","OrangePellets","MealTicket","Tiny Chest","Philosopher\u0027s Stone"],"acts_visited":["Exordium","TheCity"],"potions_floor_usage":[21],"damage_taken":[{"damage":1.0,"enemies":"Small Slimes","floor":1.0,"turns":3.0},{"damage":0.0,"enemies":"Cultist","floor":4.0,"turns":3.0},{"damage":23.0,"enemies":"Lagavulin","floor":7.0,"turns":8.0},{"damage":0.0,"enemies":"2 Louse","floor":14.0,"turns":2.0},{"damage":22.0,"enemies":"The Guardian","floor":16.0,"turns":9.0},{"damage":11.0,"enemies":"2 Thieves","floor":18.0,"turns":4.0},{"damage":19.0,"enemies":"Shell Parasite","floor":20.0,"turns":7.0},{"damage":35,"enemies":"Sentry and Sphere","floor":21,"turns":5}],"seed_played":"5699048373878432445","potions_obtained":[{"floor":4.0,"key":"Energy Potion"},{"floor":7.0,"key":"Energy Potion"},{"floor":18.0,"key":"Ancient Potion"}],"is_trial":false,"path_per_floor":["M","?","$","M","$","R","E","R","T","?","?","R","$","M","R","B",null,"M","?","M","M"],"character_chosen":"THE_SILENT","items_purchased":["OrangePellets","Dash","Caltrops"],"campfire_rested":0,"item_purchase_floors":[3,3,5],"current_hp_per_floor":[58,58,58,58,58,58,35,35,35,24,29,29,44,44,44,22,59,48,48,29,0,0],"gold":206,"neow_bonus":"RANDOM_COMMON_RELIC","is_daily":false,"chose_seed":false,"campfire_upgraded":4,"win_rate":0.0,"timestamp":1612295711,"path_taken":["M","?","$","M","?","R","E","R","T","?","?","R","$","M","R","BOSS","M","?","M","M"],"items_purchased_type":["Relic","Card","Card"],"build_version":"2020-12-22","purchased_purges":2,"victory":false,"max_hp_per_floor":[66,66,66,66,66,66,66,66,66,66,71,71,71,71,71,71,71,71,71,71,71,71],"relic_stats":{"OrangePellets":[1],"counters":[8,41],"MealTicket":15,"Tiny Chest":0,"obtain_stats":[{"OrangePellets":3,"Lantern":0,"MealTicket":7,"Tiny Chest":9,"Philosopher\u0027s Stone":17,"Ring of the Snake":0},{"OrangePellets":1,"Lantern":0,"MealTicket":3,"Tiny Chest":3,"Philosopher\u0027s Stone":5,"Ring of the Snake":0},{"OrangePellets":3,"Lantern":0,"MealTicket":14,"Tiny Chest":14,"Philosopher\u0027s Stone":25,"Ring of the Snake":0}],"Ring of the Snake":[16]},"card_choices":[{"not_picked":["Reflex","Infinite Blades"],"picked":"Deadly Poison","floor":1.0},{"not_picked":["Catalyst","Choke"],"picked":"Dagger Throw","floor":4.0},{"not_picked":["Slice","Dash","Poisoned Stab"],"picked":"SKIP","floor":7.0},{"not_picked":["Slice","Dash"],"picked":"Poisoned Stab","floor":7.0},{"not_picked":["Poisoned Stab","Choke","Sucker Punch"],"picked":"SKIP","floor":14.0},{"not_picked":["Wraith Form v2","Bullet Time"],"picked":"After Image","floor":16.0},{"not_picked":["Prepared","Acrobatics"],"picked":"Noxious Fumes","floor":18.0},{"not_picked":["Dagger Spray","Cloak And Dagger","Underhanded Strike+1"],"picked":"SKIP","floor":20.0}],"player_experience":1465127,"relics_obtained":[{"floor":7.0,"key":"MealTicket"},{"floor":9.0,"key":"Tiny Chest"}],"event_choices":[{"damage_healed":0.0,"max_hp_gain":0.0,"max_hp_loss":0.0,"gold_gain":275.0,"event_name":"Golden Shrine","player_choice":"Desecrate","floor":2.0,"gold_loss":0.0,"damage_taken":0.0,"cards_obtained":["Regret"]},{"damage_healed":0.0,"max_hp_gain":0.0,"max_hp_loss":0.0,"gold_gain":75.0,"event_name":"World of Goop","player_choice":"Gather Gold","floor":10.0,"gold_loss":0.0,"damage_taken":11.0},{"damage_healed":0.0,"max_hp_gain":5.0,"max_hp_loss":0.0,"gold_gain":0.0,"event_name":"Big Fish","player_choice":"Donut","floor":11.0,"gold_loss":0.0,"damage_taken":0.0},{"damage_healed":0.0,"max_hp_gain":0.0,"max_hp_loss":0.0,"gold_gain":0.0,"event_name":"The Mausoleum","player_choice":"Ignored","floor":19.0,"gold_loss":0.0,"damage_taken":0.0}],"is_beta":false,"boss_relics":[{"not_picked":["Astrolabe","Fusion Hammer"],"picked":"Philosopher\u0027s Stone"}],"items_purged_floors":[3,13],"is_endless":false,"potions_floor_spawned":[4,7,14,18,20],"killed_by":"Sentry and Sphere","ascension_level":20}}