{"host":"ga4s3hj9m6nkn6gp","time":1612293473,"event":{"mods":["AchievementEnabler","BaseMod","Bestiary","Colored Powertips","Highlight Path","Minty Spire (QoL Compilation)","Relic Stats","everything is the same but u backflip on backflip"],"gold_per_floor":[110,122,79,96,96,96,139,104,104,120,120,120],"floor_reached":11,"language":"ENG","playtime":508,"items_purged":[],"score":146,"play_id":"1cc27c4e-4cab-4d9e-ba9d-e8baef1e941c","local_time":"20210202201753","is_ascension_mode":true,"campfire_choices":[{"data":"Predator","floor":6,"key":"SMITH"}],"circlet_count":0,"master_deck":["AscendersBane","Strike_G","Strike_G","Strike_G","Strike_G","Defend_G","Defend_G","Defend_G","Defend_G","Survivor","Neutralize","Crippling Poison","Quick Slash","Predator+1","Flying Knee","All Out Attack"],"relics":["Ring of the Snake","Golden Idol","The Courier","Bag of Preparation"],"acts_visited":["Exordium"],"potions_floor_usage":[7],"damage_taken":[{"damage":0,"enemies":"Cultist","floor":1,"turns":4},{"damage":3,"enemies":"Small Slimes","floor":2,"turns":4},{"damage":0,"enemies":"2 Louse","floor":4,"turns":2},{"damage":24,"enemies":"3 Sentries","floor":7,"turns":8},{"damage":8,"enemies":"Exordium Wildlife","floor":10,"turns":5},{"damage":52,"enemies":"Lagavulin","floor":11,"turns":6}],"seed_played":"5261753165979747097","potions_obtained":[{"floor":1,"key":"Ancient Potion"},{"floor":2,"key":"DistilledChaos"}],"is_trial":false,"path_per_floor":["M","M","$","M","?","R","E","?","T","M","E"],"character_chosen":"THE_SILENT","items_purchased":["All Out Attack"],"campfire_rested":0,"item_purchase_floors":[3],"current_hp_per_floor":[59,56,56,56,54,54,30,43,43,35,0,0],"gold":120,"neow_bonus":"TRANSFORM_TWO_CARDS","is_daily":false,"chose_seed":false,"campfire_upgraded":1,"win_rate":0.0,"timestamp":1612293473,"path_taken":["M","M","?","M","?","R","E","?","T","M","E"],"items_purchased_type":["Card"],"build_version":"2020-12-22","purchased_purges":0,"victory":false,"max_hp_per_floor":[60,60,60,60,54,54,54,54,54,54,54,54],"relic_stats":{"counters":[6,29],"Golden Idol":12,"Bag of Preparation":[4],"obtain_stats":[{"Golden Idol":5,"The Courier":7,"Bag of Preparation":9,"Ring of the Snake":0},{"Golden Idol":3,"The Courier":4,"Bag of Preparation":4,"Ring of the Snake":0},{"Golden Idol":10,"The Courier":18,"Bag of Preparation":18,"Ring of the Snake":0}],"Ring of the Snake":[12]},"card_choices":[{"not_picked":["Bouncing Flask","Prepared"],"picked":"Predator","floor":1},{"not_picked":["Acrobatics","Distraction"],"picked":"Flying Knee","floor":2},{"not_picked":["Bane","Dagger Throw","Setup"],"picked":"SKIP","floor":4},{"not_picked":["Accuracy","Sucker Punch","Prepared"],"picked":"SKIP","floor":7},{"not_picked":["Dagger Spray","Deadly Poison","Dash"],"picked":"SKIP","floor":10}],"player_experience":727065,"relics_obtained":[{"floor":7,"key":"The Courier"},{"floor":9,"key":"Bag of Preparation"}],"event_choices":[{"damage_healed":0,"gold_gain":0,"player_choice":"Lose Max HP","damage_taken":0,"relics_obtained":["Golden Idol"],"max_hp_gain":0,"max_hp_loss":6,"event_name":"Golden Idol","floor":5,"gold_loss":0},{"damage_healed":13,"gold_gain":0,"player_choice":"Healed","damage_taken":0,"max_hp_gain":0,"max_hp_loss":0,"event_name":"The Cleric","floor":8,"gold_loss":35}],"is_beta":false,"boss_relics":[],"items_purged_floors":[],"is_endless":false,"potions_floor_spawned":[1,2,4],"killed_by":"Lagavulin","ascension_level":20}}