{"host":"erjc6dqs793djrmy","time":1612292517,"event":{"mods":["BaseMod","Minty Spire (QoL Compilation)","StSLib","The Animator"],"gold_per_floor":[112,112,187,27,43,43,43,68,68,68,68,68,84,111,111,111,111],"floor_reached":16,"language":"ENG","playtime":645,"items_purged":[],"score":203,"play_id":"b19b970a-336c-4a00-bf7c-2f190dce342e","local_time":"20210202140157","is_ascension_mode":true,"campfire_choices":[{"data":"animator:ItamiYouji","floor":6,"key":"SMITH"},{"data":"animator:Lancer","floor":10,"key":"SMITH"},{"floor":15,"key":"REST"}],"circlet_count":0,"master_deck":["AscendersBane","animator:Strike_TenSura","animator:Defend_TenSura","animator:Strike","animator:Strike+1","animator:Strike","animator:Defend","animator:Defend","animator:Defend","animator:Benimaru+1","animator:Shuna","animator:Alexander","animator:ItamiYouji+1","animator:YaoHaDucy","animator:Lancer+1","Regret","animator:Giselle","animator:Tyuule"],"relics":["animator:LivingPicture","animator:TheMissingPiece","NeowsBlessing","Unceasing Top","WingedGreaves","Oddly Smooth Stone","Letter Opener","animator:CursedGlyph","Bronze Scales"],"acts_visited":["Exordium"],"potions_floor_usage":[14,16],"damage_taken":[{"damage":0,"enemies":"Jaw Worm","floor":1,"turns":1},{"damage":0,"enemies":"Small Slimes","floor":5,"turns":1},{"damage":0,"enemies":"Gremlin Nob","floor":8,"turns":1},{"damage":3,"enemies":"2 Louse","floor":13,"turns":2},{"damage":28,"enemies":"3 Sentries","floor":14,"turns":5},{"damage":39,"enemies":"The Guardian","floor":16,"turns":7}],"seed_played":"-6088734590651295063","potions_obtained":[{"floor":8,"key":"AttackPotion"},{"floor":14,"key":"Regen Potion"}],"is_trial":false,"path_per_floor":["M","?","?","$","M","R","?","E","T","R","T","?","M","E","R","B"],"character_chosen":"THE_ANIMATOR","items_purchased":["animator:ItamiYouji"],"campfire_rested":1,"item_purchase_floors":[4],"current_hp_per_floor":[59,46,35,35,35,35,35,35,35,35,35,35,32,4,22,0,0],"gold":111,"neow_bonus":"THREE_ENEMY_KILL","is_daily":false,"chose_seed":false,"campfire_upgraded":2,"win_rate":0.0,"timestamp":1612292517,"path_taken":["M","?","?","?","M","R","?","E","T","R","?","?","M","E","R","BOSS"],"items_purchased_type":["Card"],"build_version":"2020-12-22","purchased_purges":0,"victory":false,"max_hp_per_floor":[66,66,66,66,66,66,66,66,66,66,66,66,62,62,62,62,62],"card_choices":[{"not_picked":["animator:Rider","animator:Assassin"],"picked":"animator:Alexander","floor":1},{"not_picked":["animator:LizardPriest","animator:Alexander"],"picked":"animator:YaoHaDucy","floor":5},{"not_picked":["animator:YachiyoNanami","animator:EmiyaShirou"],"picked":"animator:Lancer","floor":8},{"not_picked":["animator:RoryMercury","animator:Kuribayashi"],"picked":"animator:Giselle","floor":13},{"not_picked":["animator:HiiragiShinya","animator:Priestess"],"picked":"animator:Tyuule","floor":14}],"player_experience":382617,"relics_obtained":[{"floor":8,"key":"Unceasing Top"},{"floor":9,"key":"WingedGreaves"},{"floor":11,"key":"Oddly Smooth Stone"},{"floor":13,"key":"animator:CursedGlyph"},{"floor":14,"key":"Bronze Scales"}],"event_choices":[{"damage_healed":0,"gold_gain":0,"player_choice":"Entered Light","damage_taken":13,"max_hp_gain":0,"max_hp_loss":0,"event_name":"Shining Light","floor":2,"gold_loss":0,"cards_upgraded":["animator:Strike","animator:Benimaru"]},{"damage_healed":0,"gold_gain":75,"player_choice":"Gather Gold","damage_taken":11,"max_hp_gain":0,"max_hp_loss":0,"event_name":"World of Goop","floor":3,"gold_loss":0},{"damage_healed":0,"gold_gain":0,"player_choice":"Searched \u00270\u0027 times","damage_taken":0,"max_hp_gain":0,"max_hp_loss":0,"event_name":"Dead Adventurer","floor":7,"gold_loss":0},{"damage_healed":0,"gold_gain":0,"player_choice":"Box","damage_taken":0,"relics_obtained":["Letter Opener"],"max_hp_gain":0,"max_hp_loss":0,"event_name":"Big Fish","floor":12,"gold_loss":0,"cards_obtained":["Regret"]}],"is_beta":false,"boss_relics":[],"items_purged_floors":[],"is_endless":false,"potions_floor_spawned":[8,14],"killed_by":"The Guardian","ascension_level":11}}