{"host":"vrsxkkch9ccrec7k","time":1612274895,"event":{"mods":["Act Like it!","BaseMod","Bestiary","Better Altar","Better Match","Better Note","Better Sensory Stone","Better Skull","Better Third Choice","Better Vampires","Downfall","Minty Spire (QoL Compilation)","Permanent Neow","Relic Stats","Spicy Shops","StSLib"],"gold_per_floor":[199,209,227,227,239,239,239,6,39,39,51,86,86,106,123,226,226,226,243,256,256,276,276,299,314,214,224,240,0,0,28,47,146,146,146,164,164,164,64,95,167,167,167,167],"floor_reached":42,"language":"ENG","playtime":3448,"items_purged":["Slimebound:Strike_Slimebound","Slimebound:Strike_Slimebound"],"score":762,"play_id":"3df11955-f17d-404a-a435-43967ec8b3b2","local_time":"20210202090815","is_ascension_mode":true,"campfire_choices":[{"data":"Slimebound:CorrosiveSpit","floor":1,"key":"SMITH"},{"data":"Slimebound:DouseInSlime","floor":6,"key":"SMITH"},{"data":"Slimebound:SpikyOuterGoop","floor":13,"key":"SMITH"},{"data":"Slimebound:RallyTheTroops","floor":18,"key":"SMITH"},{"data":"Slimebound:LevelUp","floor":23,"key":"SMITH"},{"floor":26,"key":"REST"},{"floor":30,"key":"REST"},{"data":"Slimebound:LeadByExample","floor":35,"key":"SMITH"}],"circlet_count":0,"master_deck":["Slimebound:Tackle","Slimebound:Defend_Slimebound","Slimebound:Defend_Slimebound","Slimebound:Defend_Slimebound","Slimebound:Defend_Slimebound","Slimebound:Split+1","Slimebound:CorrosiveSpit+1","Slimebound:LeechingTouch","Slimebound:RollThrough","Slimebound:DouseInSlime+1","Slimebound:SplitSpecialist","Slimebound:SpikyOuterGoop+1","Slimebound:SplitLeeching","Slimebound:PressTheAttack","Slimebound:HauntingLick","Slimebound:LevelUp+1","Slimebound:RallyTheTroops+1","CurseOfTheBell","Slimebound:Schlurp+1","Slimebound:LevelUp+1","Slimebound:DisruptingSlam","Slimebound:SlimeSpikes","Slimebound:AcidTongue","Slimebound:SlimeBarrage","Slimebound:OneTwoCombo","Slimebound:LeadByExample+1","Slimebound:HauntingLick+1","Slimebound:LivingWall+1","Slimebound:OneTwoCombo","Slimebound:Gluttony","Slimebound:SamplingLick+1","Slimebound:OneTwoCombo","Slimebound:MegaLick+1","expansioncontent:Chronoboost","Slimebound:Gluttony"],"relics":["Slimebound:AbsorbEndCombat","Kunai","bronze:BronzeIdol","Nunchaku","Calling Bell","hexamod:BolsterEngine","hexamod:CandleOfCauterizing","Bird Faced Urn","Blood Vial","downfall:HeartBlessingBlue","Slimebound:MaxSlimesRelic","Sozu","Eternal Feather","White Beast Statue"],"acts_visited":["Exordium","TheCity","TheBeyond"],"potions_floor_usage":[12,16,16,28,28,31,33,33,42],"damage_taken":[{"damage":7,"enemies":"2 Louse","floor":2,"turns":3},{"damage":6,"enemies":"Small Slimes","floor":3,"turns":4},{"damage":1,"enemies":"Jaw Worm","floor":5,"turns":3},{"damage":0,"enemies":"downfall:FleeingMerchant","floor":8,"turns":4},{"damage":4,"enemies":"Lagavulin","floor":9,"turns":6},{"damage":1,"enemies":"2 Fungi Beasts","floor":11,"turns":4},{"damage":10,"enemies":"Gremlin Nob","floor":12,"turns":3},{"damage":8,"enemies":"Red Slaver","floor":14,"turns":4},{"damage":1,"enemies":"Blue Slaver","floor":15,"turns":4},{"damage":12,"enemies":"IC_STATUS_ARCHETYPE","floor":16,"turns":8},{"damage":11,"enemies":"Spheric Guardian","floor":19,"turns":6},{"damage":11,"enemies":"Snake Plant","floor":20,"turns":4},{"damage":16,"enemies":"Cultist and Chosen","floor":22,"turns":6},{"damage":26,"enemies":"Snecko","floor":25,"turns":6},{"damage":32,"enemies":"Shelled Parasite and Fungi","floor":27,"turns":7},{"damage":12,"enemies":"Snake Plant","floor":28,"turns":4},{"damage":0,"enemies":"downfall:FleeingMerchant","floor":29,"turns":4},{"damage":30,"enemies":"Gremlin Leader","floor":31,"turns":6},{"damage":0,"enemies":"Cultist and Chosen","floor":32,"turns":5},{"damage":0,"enemies":"SI_MIRROR_ARCHETYPE","floor":33,"turns":9},{"damage":20,"enemies":"3 Darklings","floor":36,"turns":6},{"damage":37,"enemies":"3 Darklings","floor":37,"turns":5},{"damage":0,"enemies":"downfall:FleeingMerchant","floor":39,"turns":4},{"damage":82,"enemies":"Reptomancer","floor":40,"turns":7},{"damage":21,"enemies":"Nemesis","floor":42,"turns":4}],"seed_played":"4532312812996488588","potions_obtained":[{"floor":9,"key":"Explosive Potion"},{"floor":11,"key":"hexamod:SoulburnPotion"},{"floor":12,"key":"Block Potion"},{"floor":15,"key":"BlessingOfTheForge"},{"floor":22,"key":"SpeedPotion"},{"floor":27,"key":"Block Potion"},{"floor":31,"key":"BlessingOfTheForge"},{"floor":32,"key":"Slimebound:SpawnSlimePotion"},{"floor":33,"key":"Strength Potion"}],"is_trial":false,"path_per_floor":["R","M","M","?","M","R","T","$","E","?","M","E","R","M","M","B",null,"R","M","M","?","M","R","T","M","R","M","M","$","R","E","M","B",null,"R","M","?","?","$","E","T","E"],"character_chosen":"SLIMEBOUND","items_purchased":["Slimebound:SpikyOuterGoop","champ:CounterPotion","Slimebound:LeadByExample","Block Potion","expansioncontent:Chronoboost"],"campfire_rested":2,"item_purchase_floors":[8,8,29,29,39],"current_hp_per_floor":[59,54,52,52,53,53,53,61,63,63,65,55,55,51,56,52,62,62,60,57,40,38,38,38,22,54,34,30,40,62,50,68,75,75,75,63,48,48,66,6,6,0,0,0],"gold":167,"neow_bonus":"HUNDRED_GOLD","is_daily":false,"chose_seed":false,"campfire_upgraded":6,"win_rate":0.0,"timestamp":1612274895,"path_taken":["R","M","M","?","M","R","T","$","E","?","M","E","R","M","M","BOSS","R","M","M","?","M","R","T","M","R","M","M","$","R","E","M","BOSS","R","M","?","?","$","E","T","E"],"items_purchased_type":["Card","Potion","Card","Potion","Card"],"build_version":"2020-12-22","purchased_purges":2,"victory":false,"max_hp_per_floor":[65,65,65,65,65,65,65,65,65,65,65,65,65,65,65,65,65,65,65,65,65,65,65,65,65,75,75,75,75,75,75,75,75,75,75,75,75,75,75,75,75,75,75,75],"relic_stats":{"Blood Vial":24,"Sozu":2,"Nunchaku":[13],"counters":[25,120],"Bird Faced Urn":[92],"Eternal Feather":0,"Kunai":[15],"obtain_stats":[{"hexamod:CandleOfCauterizing":17,"Eternal Feather":40,"White Beast Statue":41,"bronze:BronzeIdol":9,"Calling Bell":17,"Blood Vial":21,"Sozu":34,"Nunchaku":12,"Slimebound:MaxSlimesRelic":31,"downfall:HeartBlessingBlue":26,"Bird Faced Urn":17,"Slimebound:AbsorbEndCombat":0,"Kunai":7,"hexamod:BolsterEngine":17},{"hexamod:CandleOfCauterizing":10,"Eternal Feather":24,"White Beast Statue":24,"bronze:BronzeIdol":5,"Calling Bell":10,"Blood Vial":12,"Sozu":20,"Nunchaku":7,"Slimebound:MaxSlimesRelic":18,"downfall:HeartBlessingBlue":14,"Bird Faced Urn":10,"Slimebound:AbsorbEndCombat":0,"Kunai":3,"hexamod:BolsterEngine":10},{"hexamod:CandleOfCauterizing":40,"Eternal Feather":116,"White Beast Statue":116,"bronze:BronzeIdol":18,"Calling Bell":40,"Blood Vial":50,"Sozu":94,"Nunchaku":24,"Slimebound:MaxSlimesRelic":81,"downfall:HeartBlessingBlue":61,"Bird Faced Urn":40,"Slimebound:AbsorbEndCombat":0,"Kunai":9,"hexamod:BolsterEngine":40}]},"card_choices":[{"not_picked":["Slimebound:SlimeSpikes","Slimebound:SplitLeeching"],"picked":"Slimebound:LeechingTouch","floor":2},{"not_picked":["Slimebound:HauntingLick","Slimebound:ViciousTackle"],"picked":"Slimebound:RollThrough","floor":3},{"not_picked":["Slimebound:LeechEnergy","Slimebound:SlimeTap"],"picked":"Slimebound:DouseInSlime","floor":5},{"not_picked":["Slimebound:GoopSpray","Slimebound:RollThrough"],"picked":"Slimebound:SplitSpecialist","floor":8},{"not_picked":["Slimebound:RollThrough","Slimebound:AcidTongue"],"picked":"Slimebound:SplitLeeching","floor":9},{"not_picked":["Slimebound:SplitLeeching","Slimebound:SplitMire"],"picked":"Slimebound:PressTheAttack","floor":11},{"not_picked":["Slimebound:SlimeBarrage","Slimebound:Overexert","Slimebound:SlimeTap"],"picked":"SKIP","floor":12},{"not_picked":["Slimebound:GoopSpray","Slimebound:RollThrough"],"picked":"Slimebound:HauntingLick","floor":14},{"not_picked":["Slimebound:Schlurp","Slimebound:Nibble"],"picked":"Slimebound:LevelUp","floor":15},{"not_picked":["Slimebound:CheckThePlaybook","Slimebound:TagTeam"],"picked":"Slimebound:RallyTheTroops","floor":16},{"not_picked":["Slimebound:RejuvenatingLick","Slimebound:SplitAcid"],"picked":"Slimebound:Schlurp+1","floor":19},{"not_picked":["Slimebound:FinishingTackle","Slimebound:GoopTackle+1"],"picked":"Slimebound:LevelUp+1","floor":20},{"not_picked":["Slimebound:SplitLeeching","Slimebound:RollThrough+1"],"picked":"Slimebound:DisruptingSlam","floor":22},{"not_picked":["Slimebound:SplitLeeching","Slimebound:SplitAcid"],"picked":"Slimebound:SlimeSpikes","floor":25},{"not_picked":["Slimebound:SplitSpecialist","Slimebound:Grow"],"picked":"Slimebound:AcidTongue","floor":27},{"not_picked":["Slimebound:SplitLeeching","Slimebound:SlimeSpikes"],"picked":"Slimebound:SlimeBarrage","floor":28},{"not_picked":["Slimebound:LeechEnergy","Slimebound:FinishingTackle"],"picked":"Slimebound:OneTwoCombo","floor":29},{"not_picked":["Slimebound:SamplingLick","Slimebound:DouseInSlime"],"picked":"Slimebound:HauntingLick+1","floor":31},{"not_picked":["Slimebound:ComboTackle","Slimebound:BestDefense"],"picked":"Slimebound:LivingWall+1","floor":32},{"not_picked":["Slimebound:SlimeSlap","Slimebound:LeechLife"],"picked":"Slimebound:OneTwoCombo","floor":33},{"not_picked":["Slimebound:SplitMire+1","Slimebound:ItLooksTasty+1"],"picked":"Slimebound:Gluttony","floor":36},{"not_picked":["Slimebound:SplitAcid","Slimebound:FlameTackle"],"picked":"Slimebound:SamplingLick+1","floor":37},{"not_picked":["Slimebound:Repurpose+1","Slimebound:SplitMire"],"picked":"Slimebound:MegaLick+1","floor":39},{"not_picked":["Slimebound:BestDefense","Slimebound:LeechEnergy"],"picked":"Slimebound:Gluttony","floor":40}],"player_experience":1862268,"relics_obtained":[{"floor":7,"key":"Kunai"},{"floor":9,"key":"bronze:BronzeIdol"},{"floor":12,"key":"Nunchaku"},{"floor":17,"key":"hexamod:BolsterEngine"},{"floor":17,"key":"hexamod:CandleOfCauterizing"},{"floor":17,"key":"Bird Faced Urn"},{"floor":31,"key":"Slimebound:MaxSlimesRelic"},{"floor":40,"key":"Eternal Feather"},{"floor":41,"key":"White Beast Statue"}],"event_choices":[{"damage_healed":0,"gold_gain":0,"player_choice":"Grow","damage_taken":0,"max_hp_gain":0,"max_hp_loss":0,"event_name":"Living Wall","floor":10,"gold_loss":0,"cards_upgraded":["Slimebound:Split"]},{"damage_healed":0,"gold_gain":0,"player_choice":" Vial ","damage_taken":17,"relics_obtained":["Blood Vial"],"max_hp_gain":57,"max_hp_loss":40,"event_name":"betterAltar:BetterAltar","floor":21,"potions_obtained":[],"relics_lost":[],"gold_loss":0}],"is_beta":false,"boss_relics":[{"not_picked":["Fusion Hammer","bronze:MakeshiftBattery"],"picked":"Calling Bell"},{"not_picked":["Runic Dome","Philosopher\u0027s Stone"],"picked":"Sozu"}],"items_purged_floors":[8,29],"is_endless":false,"potions_floor_spawned":[9,11,12,14,15,22,27,31,32,33,36,40],"killed_by":"Nemesis","ascension_level":9}}