{"host":"8n3a40idg6eftpiu","time":1612259500,"event":{"mods":["AchievementEnabler","Act Like it!","BaseMod","BetterRewards","Block Reminder","Colored Map","Colored Powertips","Conspire","DeckTracker","Energized Spire","GungeonMod","Hallownest","Highlight Path","Hubris","Minty Spire (QoL Compilation)","Quick Restart","Relic Filter Mod","Reliquary","StS++","StSLib","The Blue Laboratory","The Bug Knight","The Necromancer","Wandering Minibosses"],"gold_per_floor":[116,116,133,153,153,153,171,171,171,171,187,187,262,293,293,424,424,438,135,149,163,176,176,176,176,176,176,176,176,176,189,189,319,319,344,360,381,381,395,395,414,439,439,499,499,514,135,151,151,280,280,303,303,318,331,331,349,362,362,434,334,334,350,350,364,364,485,485,506,506,143,143,143,143,343,377,80,80,80,95,108,108,232,232,255,318,318,318,318,379,379,418,431,104,104,143,143,143,143,143],"floor_reached":101,"language":"POL","playtime":2795,"items_purged":["hubris:Sloth","Normality","Hallownest:curseDreamersLament","Parasite","Parasite"],"score":2095,"play_id":"b609339b-0bd9-4f27-b102-db4f2bd96b61","local_time":"20210202105140","daily_mods":["Vintage","Red Cards","Heirloom","Cursed Run","Binary"],"is_ascension_mode":false,"campfire_choices":[{"data":"Bash","floor":6.0,"key":"SMITH"},{"data":"Bash","floor":8.0,"key":"SMITH"},{"data":"Strike_R","floor":10.0,"key":"SMITH"},{"data":"Strike_R","floor":12.0,"key":"SMITH"},{"floor":15.0,"key":"REST"},{"floor":23.0,"key":"REST"},{"data":"Strike_R","floor":27.0,"key":"SMITH"},{"data":"Defend_R","floor":30.0,"key":"SMITH"},{"data":"Defend_R","floor":32.0,"key":"SMITH"},{"data":"Defend_R","floor":40.0,"key":"SMITH"},{"data":"DemoMod:BlackBlade","floor":45.0,"key":"SMITH"}],"circlet_count":0,"master_deck":["Bash+1","Strike_R+1","Strike_R+1","Strike_R+1","Strike_R+1","Strike_R+1","Defend_R+1","Defend_R+1","Defend_R+1","Bash+1","Bash+1","RitualDagger+1","hubris:Despair","DemoMod:WhiteBlade+1","DemoMod:BlackBlade+1","hubris:Disease","Barricade+1","hubris:Lust","Berserk+1","StSpp:Jab+1"],"relics":["Cursed Key","Darkstone Periapt","Du-Vu Doll","Busted Crown","StSpp:XCola","reliquary:IridiumChain","Omamori","DemoMod:ChaffGrenade","Golden Idol","StSpp:SailorCap","hubris:BottledRain","Molten Egg 2","Odd Mushroom","hubris:TenFootPole","Whetstone","Lizard Tail","StSpp:WoodenPendulum","DemoMod:Orange","hubris:Reverence","hubris:BottledHeart","DemoMod:BigBoy","Coffee Dripper","Red Skull","Juzu Bracelet","DemoMod:PinkGuonStone","hubris:Icosahedron","StrikeDummy","Bird Faced Urn","FossilizedHelix","Prayer Wheel","Brimstone","Vajra","HollowMod:StagPassRelic","hubris:TerracottaHorce","DemoMod:SerJunkan","DemoMod:Junk","reliquary:Stiletto","Frozen Egg 2","wanderingMiniBosses:OtherGremlinHorn","Ice Cream","hubris:Teleporter","Philosopher\u0027s Stone","StSpp:SailingBoat","MealTicket","DemoMod:MonsterBlood","Akabeko","reliquary:RedPaperclip","StrikeDummy","DemoMod:GundromedaStrain","Turnip","DemoMod:Metronome"],"acts_visited":["Exordium","TheCity","TheBeyond","Exordium","TheCity","TheBeyond"],"potions_floor_usage":[],"damage_taken":[{"damage":1.0,"enemies":"Jaw Worm","floor":1.0,"turns":2.0},{"damage":0.0,"enemies":"Small Slimes","floor":3.0,"turns":2.0},{"damage":0.0,"enemies":"2 Louse","floor":4.0,"turns":2.0},{"damage":5.0,"enemies":"Looter","floor":7.0,"turns":2.0},{"damage":0.0,"enemies":"2 Fungi Beasts","floor":11.0,"turns":2.0},{"damage":27.0,"enemies":"The Mushroom Lair","floor":14.0,"turns":5.0},{"damage":37.0,"enemies":"Hexaghost","floor":16.0,"turns":8.0},{"damage":37.0,"enemies":"Spheric Guardian","floor":18.0,"turns":7.0},{"damage":9.0,"enemies":"Shell Parasite","floor":20.0,"turns":4.0},{"damage":15.0,"enemies":"Snecko","floor":21.0,"turns":5.0},{"damage":24.0,"enemies":"Snake Plant","floor":22.0,"turns":6.0},{"damage":0.0,"enemies":"3 Cultists","floor":31.0,"turns":4.0},{"damage":0.0,"enemies":"conspire:MysteriousRune","floor":33.0,"turns":7.0},{"damage":0.0,"enemies":"3 Darklings","floor":35.0,"turns":6.0},{"damage":0.0,"enemies":"Orb Walker","floor":36.0,"turns":2.0},{"damage":0.0,"enemies":"Writhing Mass","floor":37.0,"turns":6.0},{"damage":0.0,"enemies":"Transient","floor":39.0,"turns":7.0},{"damage":0.0,"enemies":"3 Darklings","floor":41.0,"turns":6.0},{"damage":0.0,"enemies":"Jaw Worm Horde","floor":42.0,"turns":5.0},{"damage":0.0,"enemies":"2 Orb Walkers","floor":44.0,"turns":6.0},{"damage":0.0,"enemies":"Maw","floor":46.0,"turns":7.0},{"damage":0.0,"enemies":"3 Darklings","floor":48.0,"turns":2.0},{"damage":0.0,"enemies":"Donu and Deca","floor":50.0,"turns":8.0},{"damage":0.0,"enemies":"Cultist","floor":52.0,"turns":2.0},{"damage":0.0,"enemies":"Jaw Worm","floor":54.0,"turns":2.0},{"damage":0.0,"enemies":"2 Louse","floor":55.0,"turns":1.0},{"damage":0.0,"enemies":"Gremlin Gang","floor":57.0,"turns":3.0},{"damage":0.0,"enemies":"Exordium Thugs","floor":58.0,"turns":5.0},{"damage":0.0,"enemies":"Looter","floor":63.0,"turns":2.0},{"damage":0.0,"enemies":"Blue Slaver","floor":65.0,"turns":2.0},{"damage":0.0,"enemies":"Hexaghost","floor":67.0,"turns":4.0},{"damage":0.0,"enemies":"Chosen","floor":69.0,"turns":1.0},{"damage":0.0,"enemies":"Book of Stabbing","floor":77.0,"turns":3.0},{"damage":0.0,"enemies":"2 Thieves","floor":81.0,"turns":2.0},{"damage":0.0,"enemies":"Snecko","floor":82.0,"turns":2.0},{"damage":0.0,"enemies":"Collector","floor":84.0,"turns":5.0},{"damage":0.0,"enemies":"3 Shapes","floor":86.0,"turns":3.0},{"damage":0.0,"enemies":"Mind Bloom Boss Battle","floor":87.0,"turns":3.0},{"damage":0.0,"enemies":"2 Orb Walkers","floor":92.0,"turns":2.0},{"damage":0.0,"enemies":"Reptomancer","floor":94.0,"turns":3.0},{"damage":0.0,"enemies":"Orb Walker","floor":95.0,"turns":1.0},{"damage":0.0,"enemies":"Giant Head","floor":98.0,"turns":4.0},{"damage":31,"enemies":"Awakened One","floor":101,"turns":5}],"seed_played":"-5589604035570792242","potions_obtained":[{"floor":3.0,"key":"Fire Potion"},{"floor":14.0,"key":"BloodPotion"},{"floor":16.0,"key":"blueLaboratory:EnragingPotion"},{"floor":33.0,"key":"blueLaboratory:FrostheartPotion"},{"floor":36.0,"key":"blueLaboratory:BottledHope"},{"floor":41.0,"key":"blueLaboratory:FruitPunch"},{"floor":46.0,"key":"Explosive Potion"},{"floor":48.0,"key":"blueLaboratory:Moonshine"},{"floor":54.0,"key":"blueLaboratory:CorrosionFlask"}],"is_trial":true,"path_per_floor":["M","$","M","M","?","R","M","R","T","R","M","R","?","?","R","B",null,"M","$","M","M","M","R","$","?","T","R","?","?","R","M","R","B",null,"M","M","M","?","M","R","M","M","T","?","R","M","$","M","R","B",null,"M","?","M","M","?","M","M","R","T","$","R","M","R","M","R","B",null,"M","?","$","?","R","?","?","E","$","?","R","M","M","R","B",null,"M","?","?","?","R","?","R","E","M","$","?","E","?","R","B"],"character_chosen":"IRONCLAD","items_purchased":["hubris:TenFootPole","Whetstone","Brimstone","Vajra","StSpp:SailingBoat","MealTicket","DemoMod:Metronome"],"campfire_rested":2,"item_purchase_floors":[19,19,47,47,72,78,96],"current_hp_per_floor":[79,79,79,79,59,59,54,54,54,54,54,54,43,16,40,3,80,59,59,50,35,23,50,50,47,53,53,1,1,1,1,1,1,1,1,1,1,1,1,1,1,1,1,1,1,1,1,1,1,1,1,1,1,1,1,1,1,1,1,1,1,1,1,1,1,1,1,1,1,1,1,1,1,1,1,1,1,1,1,1,1,1,1,1,1,1,1,1,1,1,1,1,1,1,1,1,1,1,0,0],"gold":143,"neow_bonus":"","is_daily":false,"chose_seed":false,"campfire_upgraded":9,"win_rate":0.0,"timestamp":1612259500,"path_taken":["M","$","M","M","?","R","M","R","T","R","M","R","?","?","R","BOSS","M","$","M","M","M","R","$","?","T","R","?","?","R","M","R","BOSS","M","M","M","?","M","R","M","M","T","?","R","M","$","M","R","BOSS","M","?","M","M","?","M","M","R","T","$","R","M","R","M","R","BOSS","M","?","$","?","R","?","?","E","?","?","R","M","M","R","BOSS","M","?","?","?","R","?","R","E","M","$","?","E","?","R","BOSS"],"items_purchased_type":["Relic","Relic","Relic","Relic","Relic","Relic","Relic"],"build_version":"2020-12-22","purchased_purges":5,"victory":false,"max_hp_per_floor":[80,80,80,80,80,80,80,80,80,80,80,80,80,80,80,80,80,80,80,80,80,92,92,92,92,98,98,1,1,1,1,1,1,1,1,1,1,1,1,1,1,1,1,1,1,1,1,1,1,1,1,1,1,1,1,1,1,1,1,1,1,1,1,1,1,1,1,1,1,1,1,1,1,1,1,1,1,1,1,1,1,1,1,1,1,1,1,1,1,1,1,1,1,1,1,1,1,1,1,1],"card_choices":[{"not_picked":["Dark Embrace"],"picked":"DemoMod:WhiteBlade+1","floor":44.0},{"not_picked":["StSpp:Turnabout"],"picked":"Barricade+1","floor":67.0},{"not_picked":["Feel No Pain+1","Armaments"],"picked":"SKIP","floor":77.0},{"not_picked":["Rage+1","Rampage+1"],"picked":"SKIP","floor":94.0},{"not_picked":["hubris:SharpeningStone+1","Iron Wave+1"],"picked":"SKIP","floor":98.0}],"player_experience":254454,"relics_obtained":[{"floor":1.0,"key":"reliquary:IridiumChain"},{"floor":3.0,"key":"Omamori"},{"floor":4.0,"key":"DemoMod:ChaffGrenade"},{"floor":7.0,"key":"StSpp:SailorCap"},{"floor":9.0,"key":"hubris:BottledRain"},{"floor":11.0,"key":"Molten Egg 2"},{"floor":14.0,"key":"Odd Mushroom"},{"floor":20.0,"key":"Lizard Tail"},{"floor":21.0,"key":"StSpp:WoodenPendulum"},{"floor":22.0,"key":"DemoMod:Orange"},{"floor":26.0,"key":"hubris:Reverence"},{"floor":31.0,"key":"DemoMod:BigBoy"},{"floor":35.0,"key":"Red Skull"},{"floor":36.0,"key":"Juzu Bracelet"},{"floor":37.0,"key":"DemoMod:PinkGuonStone"},{"floor":41.0,"key":"StrikeDummy"},{"floor":42.0,"key":"reliquary:FerryPass"},{"floor":43.0,"key":"Bird Faced Urn"},{"floor":44.0,"key":"FossilizedHelix"},{"floor":44.0,"key":"Prayer Wheel"},{"floor":46.0,"key":"DemoMod:BlueGuonStone"},{"floor":48.0,"key":"HollowMod:StagPassRelic"},{"floor":52.0,"key":"DemoMod:SerJunkan"},{"floor":54.0,"key":"DemoMod:Junk"},{"floor":55.0,"key":"reliquary:Stiletto"},{"floor":57.0,"key":"Frozen Egg 2"},{"floor":58.0,"key":"wanderingMiniBosses:OtherGremlinHorn"},{"floor":58.0,"key":"Ice Cream"},{"floor":60.0,"key":"Gremlin Horn"},{"floor":63.0,"key":"DemoMod:Junk"},{"floor":65.0,"key":"hubris:Teleporter"},{"floor":69.0,"key":"DemoMod:Junk"},{"floor":81.0,"key":"DemoMod:MonsterBlood"},{"floor":82.0,"key":"Akabeko"},{"floor":86.0,"key":"reliquary:SculptingSteel"},{"floor":87.0,"key":"DemoMod:Junk"},{"floor":92.0,"key":"DemoMod:GundromedaStrain"},{"floor":95.0,"key":"Turnip"}],"event_choices":[{"damage_healed":0.0,"max_hp_gain":0.0,"max_hp_loss":0.0,"gold_gain":0.0,"event_name":"Golden Idol","player_choice":"Take Damage","floor":5.0,"gold_loss":0.0,"damage_taken":20.0,"relics_obtained":["Golden Idol"]},{"damage_healed":0.0,"max_hp_gain":0.0,"max_hp_loss":0.0,"gold_gain":75.0,"event_name":"World of Goop","player_choice":"Gather Gold","floor":13.0,"gold_loss":0.0,"damage_taken":11.0},{"damage_healed":0.0,"max_hp_gain":0.0,"max_hp_loss":0.0,"gold_gain":0.0,"event_name":"Mushrooms","player_choice":"Fought Mushrooms","floor":14.0,"gold_loss":0.0,"damage_taken":0.0},{"damage_healed":0.0,"max_hp_gain":0.0,"max_hp_loss":0.0,"gold_gain":0.0,"event_name":"Nest","player_choice":"Joined the Cult","floor":25.0,"gold_loss":0.0,"damage_taken":6.0,"cards_obtained":["RitualDagger"]},{"damage_healed":0.0,"max_hp_gain":0.0,"max_hp_loss":0.0,"gold_gain":0.0,"event_name":"Upgrade Shrine","player_choice":"Upgraded","floor":29.0,"gold_loss":0.0,"damage_taken":0.0,"cards_upgraded":["Defend_R"]},{"damage_healed":0.0,"max_hp_gain":0.0,"max_hp_loss":0.0,"gold_gain":0.0,"event_name":"Mysterious Sphere","player_choice":"Fight","floor":44.0,"gold_loss":0.0,"damage_taken":0.0},{"damage_healed":0.0,"max_hp_gain":0.0,"max_hp_loss":0.0,"gold_gain":0.0,"event_name":"Shining Light","player_choice":"Ignored","floor":53.0,"gold_loss":0.0,"damage_taken":0.0},{"damage_healed":0.0,"max_hp_gain":5.0,"max_hp_loss":0.0,"gold_gain":0.0,"event_name":"Big Fish","player_choice":"Donut","floor":56.0,"gold_loss":0.0,"damage_taken":0.0},{"damage_healed":0.0,"max_hp_gain":0.0,"max_hp_loss":0.0,"gold_gain":0.0,"event_name":"Vampires","player_choice":"Ignored","floor":71.0,"gold_loss":0.0,"damage_taken":0.0},{"damage_healed":0.0,"max_hp_gain":5.0,"max_hp_loss":0.0,"gold_gain":0.0,"event_name":"Forgotten Altar","player_choice":"Shed Blood","floor":73.0,"gold_loss":0.0,"damage_taken":0.0},{"damage_healed":0.0,"max_hp_gain":0.0,"max_hp_loss":0.0,"gold_gain":250.0,"event_name":"The Joust","player_choice":"Bet on Owner","floor":76.0,"gold_loss":50.0,"damage_taken":0.0},{"damage_healed":0.0,"max_hp_gain":0.0,"max_hp_loss":0.0,"gold_gain":0.0,"event_name":"conspire:Investor","player_choice":"Leave","floor":79.0,"gold_loss":0.0,"damage_taken":0.0},{"damage_healed":0.0,"max_hp_gain":0.0,"max_hp_loss":0.0,"gold_gain":0.0,"event_name":"MindBloom","player_choice":"Fight","floor":87.0,"gold_loss":0.0,"damage_taken":0.0},{"damage_healed":0.0,"max_hp_gain":0.0,"max_hp_loss":0.0,"gold_gain":0.0,"event_name":"The Moai Head","player_choice":"Ignored","floor":89.0,"gold_loss":0.0,"damage_taken":0.0},{"damage_healed":0.0,"max_hp_gain":0.0,"max_hp_loss":0.0,"gold_gain":0.0,"event_name":"SensoryStone","player_choice":"Memory 1","floor":90.0,"gold_loss":0.0,"damage_taken":0.0},{"damage_healed":0.0,"max_hp_gain":0.0,"max_hp_loss":0.0,"gold_gain":0.0,"event_name":"Mysterious Sphere","player_choice":"Fight","floor":92.0,"gold_loss":0.0,"damage_taken":0.0},{"cards_removed":["Defend_R"],"damage_healed":0.0,"max_hp_gain":0.0,"max_hp_loss":0.0,"gold_gain":0.0,"event_name":"Falling","player_choice":"Removed Skill","floor":97.0,"gold_loss":0.0,"damage_taken":0.0},{"damage_healed":0.0,"max_hp_gain":0.0,"max_hp_loss":0.0,"gold_gain":0.0,"event_name":"Match and Keep!","player_choice":"2 cards matched","floor":99.0,"gold_loss":0.0,"damage_taken":0.0,"cards_obtained":["Berserk","StSpp:Jab"]}],"is_beta":false,"boss_relics":[{"not_picked":["hubris:RunicObelisk","energizedSpire:StickyHand","Astrolabe"]},{"not_picked":["energizedSpire:HugeHouse","hubris:ScarierMask"],"picked":"Coffee Dripper"},{"not_picked":["StSpp:CrystalBall","energizedSpire:SpiderWeb"],"picked":"hubris:TerracottaHorce"},{"not_picked":["energizedSpire:RedRose","StSpp:FireArrow"],"picked":"Philosopher\u0027s Stone"},{"not_picked":["Black Star","energizedSpire:TabascoSauce"],"picked":"reliquary:RedPaperclip"}],"items_purged_floors":[47,61,72,78,96],"is_endless":true,"potions_floor_spawned":[3,14,16,33,36,41,46,48,54,65,67,69,77,81,82,87,92,98],"killed_by":"Awakened One","ascension_level":0}}