{"host":"ox77rn1xcurm2t5a","time":1612227527,"event":{"mods":["2.2 Compatiblity","AchievementEnabler","Act Like it!","Aspiration","BaseMod","Best Route Mod","Better Match","Better Note","Better Sensory Stone","Block Reminder","Colored Map","Colored Powertips","Conjunction","Conspire","Custom Start","Energized Spire","GifTheSpireLib","Gold Saver","Gremlin Skip","Halation","Highlight Path","Hubris","Infinite Spire","Minty Spire (QoL Compilation)","Pale of the Ancients","Quick Restart","Replay The Spire","Reworked Bosses","ShortenTheSpire","Spire Exporter","StSLib","Stuff the Spire","Wandering Minibosses"],"gold_per_floor":[118,118,145,145,176,207,207,343,343,361,477,495,105,105,105,182,182,197,43,43,43,58,170,170,183,183,183,299,316,316,332,332,405,405,417,417,436,436,33,33,44,44,44,63,82,94,214,229,229,229,229,229,8,140,140,140],"floor_reached":55,"language":"ENG","playtime":1761,"items_purged":["Strike_B","Strike_B","Strike_B+1"],"score":1291,"play_id":"336a4053-ab6e-417a-9c9f-681cc0249180","local_time":"20210202025847","is_ascension_mode":true,"campfire_choices":[{"data":"Zap","floor":7.0,"key":"SMITH"},{"floor":15.0,"key":"RECALL"},{"floor":24.0,"key":"REST"},{"data":"Static Discharge","floor":27.0,"key":"SMITH"},{"data":"Barrage","floor":30.0,"key":"SMITH"},{"floor":32.0,"key":"REST"},{"floor":40.0,"key":"REST"},{"data":"infinitespire:Collect","floor":42.0,"key":"SMITH"},{"floor":49.0,"key":"REST"},{"data":"Capacitor","floor":52.0,"key":"SMITH"}],"circlet_count":0,"master_deck":["AscendersBane","Defend_B+1","Defend_B","Defend_B+1","Defend_B","Zap+1","Dualcast+1","Ball Lightning+1","Machine Learning","Chill","Capacitor+1","Gash+1","Capacitor+1","Static Discharge+1","BasicCrystalCard+1","Barrage+1","Barrage+1","StuffTheSpire:Plugnplay+1","Coolheaded","infinitespire:Collect+1","Ball Lightning","Chaos+1","Coolheaded+1","StuffTheSpire:ShieldGenerator+1","Gash","Gash","Loop","Glacier","Conserve Battery"],"relics":["Cracked Core","NeowsBlessing","InkBottle","StuffTheSpire:TintedRock","Peace Pipe","Letter Opener","Girya","aspiration:HummingbirdHeart","conspire:SpecialSausage","Strawberry","infinitespire:Freezer","StuffTheSpire:DarkSteelAnvil","StuffTheSpire:CocoNut","wanderingMiniBosses:CarrionFlame","War Paint","Pear","infinitespire:Eraser","Whetstone","hubris:BundleOfHerbs"],"acts_visited":["Exordium","TheCity","TheBeyond","TheEnding"],"potions_floor_usage":[],"damage_taken":[{"damage":0.0,"enemies":"2 Louse","floor":1.0,"turns":1.0},{"damage":0.0,"enemies":"conspire:MimicChest","floor":5.0,"turns":1.0},{"damage":0.0,"enemies":"Gremlin Nob","floor":6.0,"turns":1.0},{"damage":20.0,"enemies":"3 Sentries","floor":8.0,"turns":6.0},{"damage":5.0,"enemies":"Jaw Worm","floor":10.0,"turns":2.0},{"damage":6.0,"enemies":"Replay:BlueRogue","floor":11.0,"turns":3.0},{"damage":0.0,"enemies":"Small Slimes","floor":12.0,"turns":3.0},{"damage":5.0,"enemies":"Hexaghost","floor":16.0,"turns":9.0},{"damage":10.0,"enemies":"Shell Parasite","floor":18.0,"turns":6.0},{"damage":8.0,"enemies":"conspire:FuzzyDice","floor":22.0,"turns":7.0},{"damage":40.0,"enemies":"Gremlin Leader","floor":23.0,"turns":9.0},{"damage":6.0,"enemies":"3 Cultists","floor":25.0,"turns":6.0},{"damage":10.0,"enemies":"Slavers","floor":28.0,"turns":5.0},{"damage":0.0,"enemies":"Centurion and Healer","floor":29.0,"turns":5.0},{"damage":9.0,"enemies":"Sentry and Sphere","floor":31.0,"turns":4.0},{"damage":24.0,"enemies":"conspire:MysteriousRune","floor":33.0,"turns":6.0},{"damage":10.0,"enemies":"3 Shapes","floor":35.0,"turns":4.0},{"damage":19.0,"enemies":"3 Darklings","floor":37.0,"turns":5.0},{"damage":17.0,"enemies":"Writhing Mass","floor":41.0,"turns":4.0},{"damage":12.0,"enemies":"Maw","floor":44.0,"turns":5.0},{"damage":2.0,"enemies":"Jaw Worm Horde","floor":45.0,"turns":3.0},{"damage":12.0,"enemies":"Spire Growth","floor":46.0,"turns":4.0},{"damage":14.0,"enemies":"R_Hoarder","floor":47.0,"turns":7.0},{"damage":0.0,"enemies":"3 Darklings","floor":48.0,"turns":3.0},{"damage":37.0,"enemies":"conspire:OrnateMirror","floor":50.0,"turns":10.0},{"damage":14.0,"enemies":"Shield and Spear","floor":54.0,"turns":4.0},{"damage":73,"enemies":"The Heart","floor":55,"turns":5}],"seed_played":"-5998695571692861807","potions_obtained":[{"floor":1.0,"key":"ColorlessPotion"},{"floor":8.0,"key":"Energy Potion"},{"floor":10.0,"key":"infinitespire:BlackPotion"},{"floor":12.0,"key":"SpeedPotion"},{"floor":16.0,"key":"Languid Potion"},{"floor":22.0,"key":"Elixir"},{"floor":29.0,"key":"Toxic Potion"},{"floor":31.0,"key":"Explosive Potion"},{"floor":33.0,"key":"Elixir"},{"floor":35.0,"key":"AttackPotion"},{"floor":41.0,"key":"BlessingOfTheForge"},{"floor":45.0,"key":"SpeedPotion"}],"is_trial":false,"path_per_floor":["M","?","T","?","?","E","R","E","T","M","E","M","$","?","R","B",null,"M","$","?","?","M","E","R","M","T","R","E","M","R","M","R","B",null,"M","?","M","AVR","$","R","M","R","T","M","M","M","E","M","R","B",null,"R","$","E","B"],"character_chosen":"DEFECT","items_purchased":["aspiration:HummingbirdHeart","Capacitor","Strawberry","Pear","Ball Lightning","Gash","Loop","Glacier","Conserve Battery"],"campfire_rested":4,"item_purchase_floors":[13,13,19,39,39,53,53,53,53],"current_hp_per_floor":[64,64,64,50,50,50,50,30,30,25,19,19,19,19,19,14,57,47,54,54,54,46,6,29,23,23,23,20,20,20,11,36,12,67,57,57,38,38,48,76,59,59,59,47,45,33,19,19,47,10,74,74,74,60,0,0],"gold":140,"neow_bonus":"THREE_ENEMY_KILL","is_daily":false,"chose_seed":false,"campfire_upgraded":5,"win_rate":0.0,"timestamp":1612227527,"path_taken":["M","?","?","?","?","E","R","E","T","?","E","M","$","?","R","BOSS","M","$","?","?","M","E","R","M","T","R","E","M","R","?","R","BOSS","M","?","?","AVR","?","R","M","R","T","M","M","M","E","M","R","BOSS","R","$","E","BOSS"],"items_purchased_type":["Relic","Card","Relic","Relic","Card","Card","Card","Card","Card"],"build_version":"2020-12-22","purchased_purges":3,"victory":false,"max_hp_per_floor":[71,71,71,71,71,71,71,71,71,71,71,71,71,71,71,71,71,71,78,78,78,78,78,78,78,78,78,85,85,85,85,85,85,85,85,85,85,85,95,95,95,95,95,95,95,95,95,95,95,95,95,95,95,95,95,95],"card_choices":[{"not_picked":["Steam","Conserve Battery"],"picked":"Ball Lightning","floor":1.0},{"not_picked":["Hologram","StuffTheSpire:Plugnplay"],"picked":"Machine Learning","floor":5.0},{"not_picked":["Beam Cell","Rebound","Leap"],"picked":"SKIP","floor":6.0},{"not_picked":["Rebound","StuffTheSpire:SnapShoot"],"picked":"Chill","floor":8.0},{"not_picked":["Stack","Compile Driver","Skim"],"picked":"SKIP","floor":10.0},{"not_picked":["Crystallizer","Stack"],"picked":"Capacitor","floor":11.0},{"not_picked":["Go for the Eyes","Panic Button"],"picked":"Gash","floor":12.0},{"not_picked":["Beam Cell","Hologram","StuffTheSpire:Plugnplay"],"picked":"SKIP","floor":18.0},{"not_picked":["Turbo","Leap+1","Hologram"],"picked":"SKIP","floor":22.0},{"not_picked":["Turbo","Capacitor"],"picked":"Static Discharge","floor":23.0},{"not_picked":["BootSequence","hubris:Ukulele"],"picked":"BasicCrystalCard+1","floor":25.0},{"not_picked":["conspire:Rain","hubris:Prefetch","Steam"],"picked":"SKIP","floor":28.0},{"not_picked":["Go for the Eyes","Compile Driver"],"picked":"Barrage","floor":29.0},{"not_picked":["Steam","Conserve Battery"],"picked":"Barrage+1","floor":31.0},{"not_picked":["conspire:SharedLibrary+1","Ball Lightning"],"picked":"StuffTheSpire:Plugnplay+1","floor":35.0},{"not_picked":["Rebound","StuffTheSpire:GlassShard+1"],"picked":"Coolheaded","floor":37.0},{"not_picked":["Compile Driver+1","Barrage"],"picked":"Chaos+1","floor":41.0},{"not_picked":["Cold Snap","Multi-Cast"],"picked":"Coolheaded+1","floor":44.0},{"not_picked":["Beam Cell+1","Ball Lightning"],"picked":"StuffTheSpire:ShieldGenerator+1","floor":45.0},{"not_picked":["StuffTheSpire:Plugnplay","Lockon"],"picked":"Gash","floor":46.0},{"not_picked":["Time Bomb","ReplaySolidLightProjector+1","StuffTheSpire:ForEach"],"picked":"SKIP","floor":47.0},{"not_picked":["Panic Button","BasicCrystalCard+1","Barrage"],"picked":"SKIP","floor":48.0},{"not_picked":["Self Repair","Panic Button","Compile Driver+1"],"picked":"SKIP","floor":54.0}],"player_experience":2992917,"relics_obtained":[{"floor":5.0,"key":"InkBottle"},{"floor":6.0,"key":"StuffTheSpire:TintedRock"},{"floor":8.0,"key":"Peace Pipe"},{"floor":9.0,"key":"Letter Opener"},{"floor":11.0,"key":"Girya"},{"floor":23.0,"key":"infinitespire:Freezer"},{"floor":26.0,"key":"StuffTheSpire:DarkSteelAnvil"},{"floor":28.0,"key":"StuffTheSpire:CocoNut"},{"floor":37.0,"key":"wanderingMiniBosses:CarrionFlame"},{"floor":43.0,"key":"infinitespire:Eraser"},{"floor":47.0,"key":"Whetstone"},{"floor":54.0,"key":"hubris:BundleOfHerbs"}],"event_choices":[{"damage_healed":0.0,"max_hp_gain":0.0,"max_hp_loss":0.0,"gold_gain":0.0,"event_name":"Scrap Ooze","player_choice":"Fled","floor":2.0,"gold_loss":0.0,"damage_taken":0.0},{"damage_healed":0.0,"max_hp_gain":0.0,"max_hp_loss":0.0,"gold_gain":0.0,"event_name":"Shining Light","player_choice":"Entered Light","floor":4.0,"gold_loss":0.0,"damage_taken":14.0,"cards_upgraded":["Dualcast","Strike_B"]},{"damage_healed":0.0,"max_hp_gain":0.0,"max_hp_loss":0.0,"gold_gain":0.0,"event_name":"Golden Wing","player_choice":"Ignored","floor":14.0,"gold_loss":0.0,"damage_taken":0.0},{"cards_removed":["Strike_B"],"damage_healed":0.0,"max_hp_gain":0.0,"max_hp_loss":0.0,"gold_gain":0.0,"event_name":"Bonfire Elementals","player_choice":"Offered Basic","floor":21.0,"gold_loss":0.0,"damage_taken":0.0},{"damage_healed":0.0,"max_hp_gain":0.0,"max_hp_loss":0.0,"gold_gain":0.0,"event_name":"Accursed Blacksmith","player_choice":"Forge","floor":36.0,"gold_loss":0.0,"damage_taken":0.0,"cards_upgraded":["Capacitor"]}],"is_beta":false,"boss_relics":[{"not_picked":["StuffTheSpire:RunicConfusion","energizedSpire:CursedPentagram"],"picked":"conspire:SpecialSausage"},{"not_picked":["StuffTheSpire:ModemDavis","aspiration:SilentSkillbook","hubris:TerracottaHorce"]}],"items_purged_floors":[13,38,39],"is_endless":false,"potions_floor_spawned":[1,8,10,12,16,22,29,31,33,35,41,45],"killed_by":"The Heart","ascension_level":14}}