{"host":"njo8qgvy2a57fcny","time":1612233731,"event":{"mods":["Aspiration","BaseMod","BetterRewards","CCEM2","Colored Map","Colored Powertips","Conspire","Custom Start","Downfall","Energized Spire","GifTheSpireLib","Halation","Hermit","Hubris","Infinite Spire","Jedi Mod","Jorbs\u0027s Wanderer Trilogy","Mimic Mod","Minty Spire (QoL Compilation)","Quick Restart","Random Character Button","Random Character Mod","Rare Cards Sparkle","Relic Sorter","Reliquary","Replay The Spire","Shop Mod","StSLib","Stuff the Spire","The Animator","The Jungle","The Runesmith","The Servant 0.9.4","Unceasing Turn Reminder","thorton"],"gold_per_floor":[99,99,99,99,99,99,99,99,126,126,159,59,75,101,111,213,213,113,130,146,146,146,146,146,146],"floor_reached":23,"language":"ENG","playtime":1590,"items_purged":[],"score":239,"play_id":"4162072f-e130-4e07-bd39-2f5818812cce","local_time":"20210202134211","is_ascension_mode":true,"campfire_choices":[{"floor":1,"key":"RECALL"},{"data":"hexamod:GhostflameBarrier","floor":8,"key":"SMITH"},{"data":"hexamod:Sear","floor":10,"key":"SMITH"},{"data":"hexamod:Float","floor":12,"key":"SMITH"},{"data":"hexamod:TimeOfNeed","floor":18,"key":"SMITH"}],"circlet_count":0,"master_deck":["hexamod:Strike","hexamod:Strike+1","hexamod:Defend","hexamod:Defend","hexamod:Defend","hexamod:Sear+1","hexamod:Float+1","hexamod:SpectersWail","downfall:Bewildered","hexamod:GhostflameBarrier+1","hexamod:GhostShield+1","hexamod:Hexaguard","hexamod:InspiringFlames","hexamod:Firestarter","hexamod:BurningTouch+1","hexamod:TimeOfNeed+1","hexamod:SpectersWail","hexamod:AdvancingGuard"],"relics":["hexamod:SpiritBrand","downfall:HeartsMalice","CCEMRelics:SpiritsEdge","ReplayFunnel","downfall:HeartBlessingRed","reliquary:HotPoker","halation:HeavySnake","downfall:HeartBlessingBlue","hubris:BottledHeart","aspiration:RitualStick"],"acts_visited":["Exordium","TheCity"],"potions_floor_usage":[11,14,14,14,16,19],"damage_taken":[{"damage":0,"enemies":"Small Slimes","floor":2,"turns":1},{"damage":0,"enemies":"Cultist","floor":4,"turns":1},{"damage":0,"enemies":"3 Sentries","floor":9,"turns":1},{"damage":4,"enemies":"Lagavulin","floor":11,"turns":6},{"damage":0,"enemies":"Jaw Worm","floor":13,"turns":4},{"damage":11,"enemies":"3 Sentries","floor":14,"turns":11},{"damage":0,"enemies":"Large Slime","floor":15,"turns":7},{"damage":51,"enemies":"IC_STATUS_ARCHETYPE","floor":16,"turns":11},{"damage":6,"enemies":"Spheric Guardian","floor":19,"turns":5},{"damage":29,"enemies":"conspire:FuzzyDice","floor":20,"turns":8},{"damage":0,"enemies":"Gremlin Leader","floor":23,"turns":3}],"seed_played":"8334700159273556413","potions_obtained":[{"floor":6,"key":"Doom Potion"},{"floor":6,"key":"Weak Potion"},{"floor":6,"key":"jedi:wingpotion"},{"floor":11,"key":"Swift Potion"},{"floor":13,"key":"Elixir"},{"floor":14,"key":"Swift Potion"},{"floor":16,"key":"Fire Potion"},{"floor":20,"key":"bronze:BurnAndBuffPotion"}],"is_trial":false,"path_per_floor":["R","M","?","M","?","?","T","R","E","R","E","R","M","E","M","B",null,"R","M","M","?","?","E"],"character_chosen":"THE_SPIRIT","items_purchased":[],"campfire_rested":0,"item_purchase_floors":[],"current_hp_per_floor":[70,70,70,70,70,70,70,70,70,70,66,66,66,55,55,4,70,80,74,45,1,1,1,1,1],"gold":146,"neow_bonus":"THREE_ENEMY_KILL","is_daily":false,"chose_seed":false,"campfire_upgraded":4,"win_rate":0.0,"timestamp":1612233731,"path_taken":["R","M","?","?","?","?","T","R","E","R","E","R","?","E","M","BOSS","R","M","M","?","?","E"],"items_purchased_type":[],"build_version":"2020-12-22","purchased_purges":0,"victory":false,"max_hp_per_floor":[70,70,70,70,70,70,70,70,70,70,70,70,70,70,70,70,70,80,80,80,1,1,1,1,1],"card_choices":[{"not_picked":["hexamod:HeatMetal","hexamod:SpectralAdrenaline"],"picked":"hexamod:SpectersWail","floor":2},{"not_picked":["hexamod:HauntingEcho","hexamod:SpectralAdrenaline"],"picked":"hexamod:GhostflameBarrier","floor":4},{"not_picked":["hexamod:UnleashSpirits","hexamod:SpectersWail"],"picked":"hexamod:GhostShield","floor":9},{"not_picked":["hexamod:HeatMetal","hexamod:NightmareStrike"],"picked":"hexamod:Hexaguard","floor":11},{"not_picked":["hexamod:NightmareStrike","hexamod:BacktrackSmack"],"picked":"hexamod:InspiringFlames","floor":13},{"not_picked":["hexamod:Hexaguard","hexamod:EtherealExpedition"],"picked":"hexamod:Firestarter","floor":14},{"not_picked":["hexamod:SoulSteal","hexamod:Firestarter"],"picked":"hexamod:BurningTouch","floor":15},{"not_picked":["hexamod:UnlimitedPower","hexamod:SearingWound"],"picked":"hexamod:TimeOfNeed","floor":16},{"not_picked":["hexamod:NightmareStrike","hexamod:GhostflameBarrier"],"picked":"hexamod:SpectersWail","floor":19},{"not_picked":["hexamod:SwordOfDarkness","hexamod:ShieldOfDarkness"],"picked":"hexamod:AdvancingGuard","floor":20}],"player_experience":751941,"relics_obtained":[{"floor":9,"key":"CCEMRelics:SpiritsEdge"},{"floor":11,"key":"ReplayFunnel"},{"floor":14,"key":"reliquary:HotPoker"}],"event_choices":[{"damage_healed":0,"gold_gain":0,"player_choice":"Got Potions","damage_taken":0,"max_hp_gain":0,"max_hp_loss":0,"event_name":"Lab","floor":6,"gold_loss":0}],"is_beta":false,"boss_relics":[{"not_picked":["conspire:RunicOctahedron","hubris:RunicObelisk"],"picked":"halation:HeavySnake"}],"items_purged_floors":[],"is_endless":false,"potions_floor_spawned":[11,13,14,16,20],"killed_by":"Gremlin Leader","ascension_level":1}}