{"host":"4rvakrj1idbgia3f","time":1612271744,"event":{"mods":["BaseMod","Colored Map","Colored Powertips","DeckTracker","Highlight Path","Minty Spire (QoL Compilation)","Random Character Button","StSLib"],"gold_per_floor":[125,137,166,191,219,231,243,284,342,366,378,390,30,59,59,133,133,152,169,198,198,248,248,279,279,279,279,297,307,338,352,352,425,425,442,664,689,700,700,700,730,730,798,798,798],"floor_reached":44,"language":"JPN","playtime":1906,"items_purged":[],"score":993,"play_id":"503f6928-83e4-408e-8bc3-938d390ac626","local_time":"20210202221544","is_ascension_mode":true,"campfire_choices":[{"data":"Defragment","floor":6.0,"key":"SMITH"},{"data":"Zap","floor":12.0,"key":"SMITH"},{"floor":15.0,"key":"REST"},{"data":"Reinforced Body","floor":23,"key":"SMITH"},{"data":"Auto Shields","floor":25,"key":"SMITH"},{"data":"Strike_B","floor":27,"key":"PURGE"},{"floor":32,"key":"REST"},{"data":"Chaos","floor":40,"key":"SMITH"},{"data":"Strike_B","floor":42,"key":"PURGE"}],"circlet_count":0,"master_deck":["AscendersBane","Strike_B","Strike_B","Defend_B","Defend_B","Defend_B","Defend_B","Zap+1","Dualcast","Reinforced Body+1","Cold Snap","Streamline+1","Defragment+1","Auto Shields+1","Static Discharge+1","Defragment+1","Electrodynamics+1","Ball Lightning","Chaos+1","Self Repair+1","Rainbow","Storm+1","FTL","Storm+1"],"relics":["FrozenCore","MawBank","Singing Bowl","Bag of Preparation","Ancient Tea Set","Frozen Egg 2","Bag of Marbles","Velvet Choker","Red Mask","HornCleat","Peace Pipe","Toy Ornithopter","Unceasing Top","Turnip"],"acts_visited":["Exordium","TheCity","TheBeyond"],"potions_floor_usage":[19,20,30,33,41],"damage_taken":[{"damage":0.0,"enemies":"2 Louse","floor":1.0,"turns":2.0},{"damage":0.0,"enemies":"Jaw Worm","floor":3.0,"turns":4.0},{"damage":0.0,"enemies":"Small Slimes","floor":4.0,"turns":3.0},{"damage":9.0,"enemies":"2 Fungi Beasts","floor":5.0,"turns":4.0},{"damage":22.0,"enemies":"3 Sentries","floor":8.0,"turns":6.0},{"damage":8.0,"enemies":"3 Louse","floor":10.0,"turns":4.0},{"damage":12.0,"enemies":"Gremlin Nob","floor":14.0,"turns":4.0},{"damage":14,"enemies":"Hexaghost","floor":16,"turns":7},{"damage":2,"enemies":"Spheric Guardian","floor":18,"turns":2},{"damage":1,"enemies":"3 Byrds","floor":19,"turns":4},{"damage":7,"enemies":"Masked Bandits","floor":20,"turns":2},{"damage":18,"enemies":"Gremlin Leader","floor":24,"turns":4},{"damage":2,"enemies":"Sentry and Sphere","floor":28,"turns":5},{"damage":4,"enemies":"Snecko","floor":29,"turns":3},{"damage":21,"enemies":"Book of Stabbing","floor":30,"turns":5},{"damage":1,"enemies":"Centurion and Healer","floor":31,"turns":3},{"damage":7,"enemies":"Collector","floor":33,"turns":11},{"damage":14,"enemies":"Orb Walker","floor":35,"turns":4},{"damage":0,"enemies":"Mind Bloom Boss Battle","floor":37,"turns":5},{"damage":0,"enemies":"3 Shapes","floor":38,"turns":4},{"damage":23,"enemies":"Reptomancer","floor":41,"turns":4},{"damage":75,"enemies":"Giant Head","floor":44,"turns":6}],"seed_played":"8719305208335332445","potions_obtained":[{"floor":5.0,"key":"Fire Potion"},{"floor":8.0,"key":"BlessingOfTheForge"},{"floor":16,"key":"FocusPotion"},{"floor":19,"key":"Explosive Potion"},{"floor":28,"key":"Dexterity Potion"},{"floor":29,"key":"SneckoOil"},{"floor":33,"key":"SteroidPotion"},{"floor":35,"key":"ColorlessPotion"}],"is_trial":false,"path_per_floor":["M","?","M","M","M","R","?","E","T","M","?","R","$","E","R","B",null,"M","M","?","?","?","R","E","R","T","R","M","M","E","M","R","B",null,"M","?","?","M","?","R","E","R","T","E"],"character_chosen":"DEFECT","items_purchased":["Frozen Egg 2","Static Discharge+1"],"campfire_rested":2,"item_purchase_floors":[13,13],"current_hp_per_floor":[64,53,53,53,44,44,44,22,22,16,16,16,16,4,25,11,58,58,59,54,54,54,54,36,36,36,36,36,32,13,12,36,44,73,69,69,79,85,85,85,72,72,72,0,0],"gold":798,"neow_bonus":"RANDOM_COMMON_RELIC","is_daily":false,"chose_seed":false,"campfire_upgraded":5,"win_rate":0.0,"timestamp":1612271744,"path_taken":["M","?","M","M","M","R","?","E","T","M","?","R","?","E","R","BOSS","M","M","?","?","?","R","E","R","T","R","M","?","E","M","R","BOSS","M","?","?","M","?","R","E","R","T","E"],"items_purchased_type":["Relic","Card"],"build_version":"2020-12-22","purchased_purges":0,"victory":false,"max_hp_per_floor":[71,71,71,71,71,71,71,71,71,73,73,73,73,73,73,73,73,75,77,79,79,79,79,79,79,79,79,81,81,83,83,83,83,83,83,83,83,85,85,85,85,85,85,85,85],"card_choices":[{"not_picked":["Rebound","Stack"],"picked":"Reinforced Body","floor":1.0},{"not_picked":["Lockon","Sweeping Beam"],"picked":"Cold Snap","floor":3.0},{"not_picked":["Scrape","Gash"],"picked":"Streamline","floor":4.0},{"not_picked":["Undo","Beam Cell"],"picked":"Defragment","floor":5.0},{"not_picked":["Steam","Machine Learning"],"picked":"Auto Shields","floor":8.0},{"not_picked":["Streamline","Rebound","Beam Cell"],"picked":"Singing Bowl","floor":10.0},{"not_picked":["Coolheaded","Steam"],"picked":"Defragment+1","floor":14.0},{"not_picked":["Meteor Strike","Creative AI+1"],"picked":"Electrodynamics+1","floor":16},{"not_picked":["Force Field+1","Static Discharge+1","Sweeping Beam"],"picked":"Singing Bowl","floor":18},{"not_picked":["Static Discharge+1","Scrape","Force Field"],"picked":"Singing Bowl","floor":19},{"not_picked":["Conserve Battery","Sweeping Beam","Force Field"],"picked":"Singing Bowl","floor":20},{"not_picked":["Go for the Eyes","Recycle"],"picked":"Ball Lightning","floor":24},{"not_picked":["Go for the Eyes","Beam Cell","Streamline"],"picked":"Singing Bowl","floor":28},{"not_picked":["Electrodynamics+1","Conserve Battery"],"picked":"Chaos","floor":29},{"not_picked":["Beam Cell","Blizzard","Scrape"],"picked":"Singing Bowl","floor":30},{"not_picked":["Redo","Rebound"],"picked":"Self Repair+1","floor":31},{"not_picked":["All For One","Meteor Strike"],"picked":"Rainbow","floor":33},{"not_picked":["Sunder+1","Hologram"],"picked":"Storm+1","floor":35},{"not_picked":["Compile Driver","Hologram"],"picked":"FTL","floor":37},{"not_picked":["Melter","Rebound+1","Leap"],"picked":"Singing Bowl","floor":38},{"not_picked":["Stack","Leap+1"],"picked":"Storm+1","floor":41}],"player_experience":2190868,"relics_obtained":[{"floor":8.0,"key":"Bag of Preparation"},{"floor":9.0,"key":"Ancient Tea Set"},{"floor":14.0,"key":"Bag of Marbles"},{"floor":20,"key":"Red Mask"},{"floor":24,"key":"HornCleat"},{"floor":26,"key":"Peace Pipe"},{"floor":30,"key":"Toy Ornithopter"},{"floor":37,"key":"Unceasing Top"},{"floor":41,"key":"Turnip"}],"event_choices":[{"damage_healed":0.0,"max_hp_gain":0.0,"max_hp_loss":0.0,"gold_gain":0.0,"event_name":"Scrap Ooze","player_choice":"Success","floor":2.0,"gold_loss":0.0,"damage_taken":11.0,"relics_obtained":["Singing Bowl"]},{"damage_healed":0.0,"max_hp_gain":0.0,"max_hp_loss":0.0,"gold_gain":0.0,"event_name":"Liars Game","player_choice":"Ignored","floor":7.0,"gold_loss":0.0,"damage_taken":0.0},{"damage_healed":0.0,"max_hp_gain":0.0,"max_hp_loss":0.0,"gold_gain":0.0,"event_name":"Living Wall","player_choice":"Grow","floor":11.0,"gold_loss":0.0,"damage_taken":0.0,"cards_upgraded":["Streamline"]},{"damage_healed":0,"gold_gain":0,"player_choice":"Fought Bandits","damage_taken":0,"max_hp_gain":0,"max_hp_loss":0,"event_name":"Masked Bandits","floor":20,"gold_loss":0},{"damage_healed":0,"gold_gain":0,"player_choice":"Ignored","damage_taken":0,"max_hp_gain":0,"max_hp_loss":0,"event_name":"Vampires","floor":21,"gold_loss":0},{"damage_healed":0,"gold_gain":50,"player_choice":"Pray","damage_taken":0,"max_hp_gain":0,"max_hp_loss":0,"event_name":"Golden Shrine","floor":22,"gold_loss":0},{"damage_healed":0,"gold_gain":222,"player_choice":"Wore Mask","damage_taken":0,"max_hp_gain":0,"max_hp_loss":0,"event_name":"Tomb of Lord Red Mask","floor":36,"gold_loss":0},{"damage_healed":0,"gold_gain":0,"player_choice":"Fight","damage_taken":0,"max_hp_gain":0,"max_hp_loss":0,"event_name":"MindBloom","floor":37,"gold_loss":0},{"damage_healed":0,"gold_gain":0,"player_choice":"Ignored","damage_taken":0,"max_hp_gain":0,"max_hp_loss":0,"event_name":"Mysterious Sphere","floor":39,"gold_loss":0}],"is_beta":false,"boss_relics":[{"not_picked":["Inserter","Astrolabe"],"picked":"Velvet Choker"},{"not_picked":["Snecko Eye","SlaversCollar"],"picked":"FrozenCore"}],"items_purged_floors":[],"is_endless":false,"potions_floor_spawned":[5,8,16,19,28,29,33,35,38],"killed_by":"Giant Head","ascension_level":20}}