{"host":"anox4050deqdcqoh","time":1612265629,"event":{"mods":["BaseMod","Colored Map","Highlight Path","Minty Spire (QoL Compilation)","Quick Restart","Rare Cards Sparkle","everything is the same but u backflip on backflip"],"gold_per_floor":[159,159,197,197,236,236,277,277,277,277,277,317,84,118,118,259,259,275,318,53,94,135,179,179,222,222,222,257,298,298,312,312,438,438,453,453,488,488,488,488],"floor_reached":39,"language":"ENG","playtime":5817,"items_purged":["Strike_P"],"score":424,"play_id":"1dc5e89d-66d5-4a25-9a7f-5fc2caa87955","local_time":"20210202063349","is_ascension_mode":false,"campfire_choices":[{"data":"BowlingBash","floor":6.0,"key":"SMITH"},{"data":"Eruption","floor":8.0,"key":"SMITH"},{"floor":11.0,"key":"REST"},{"data":"Tantrum","floor":15.0,"key":"SMITH"},{"floor":27,"key":"REST"},{"floor":30,"key":"REST"},{"floor":32,"key":"REST"}],"circlet_count":0,"master_deck":["Strike_P","Defend_P","Defend_P+1","Eruption+1","Vigilance","HandOfGreed","BowlingBash+1","CutThroughFate","DeceiveReality","Weave","Protect","Wireheading","ThirdEye","Tantrum+1","Blasphemy","SashWhip+1","Weave+1","FlyingSleeves+1","Adaptation","SashWhip+1","TalkToTheHand+1","DevaForm","WreathOfFlame+1","SashWhip+1","ClearTheMind+1","Nirvana+1","EmptyFist","Worship+1","LessonLearned","ThirdEye+1","Panacea"],"relics":["PureWater","Golden Idol","Omamori","Strawberry","Astrolabe","Yang","Pear","Runic Pyramid"],"acts_visited":["Exordium","TheCity","TheBeyond"],"potions_floor_usage":[22,23,24,25,25,25,28,28,29,33,36],"damage_taken":[{"damage":2.0,"enemies":"Small Slimes","floor":1.0,"turns":4.0},{"damage":6.0,"enemies":"Jaw Worm","floor":3.0,"turns":3.0},{"damage":5.0,"enemies":"Cultist","floor":5.0,"turns":4.0},{"damage":2.0,"enemies":"Looter","floor":7.0,"turns":2.0},{"damage":0.0,"enemies":"Red Slaver","floor":12.0,"turns":4.0},{"damage":13.0,"enemies":"Gremlin Gang","floor":14.0,"turns":4.0},{"damage":32,"enemies":"The Guardian","floor":16,"turns":14},{"damage":16,"enemies":"Shell Parasite","floor":18,"turns":7},{"damage":0,"enemies":"Chosen","floor":19,"turns":4},{"damage":15,"enemies":"Shelled Parasite and Fungi","floor":21,"turns":8},{"damage":16,"enemies":"Centurion and Healer","floor":22,"turns":3},{"damage":38,"enemies":"Book of Stabbing","floor":23,"turns":7},{"damage":2,"enemies":"Chosen and Byrds","floor":25,"turns":3},{"damage":27,"enemies":"Snake Plant","floor":28,"turns":6},{"damage":10,"enemies":"Snecko","floor":29,"turns":7},{"damage":20,"enemies":"Shelled Parasite and Fungi","floor":31,"turns":6},{"damage":10,"enemies":"Champ","floor":33,"turns":12},{"damage":20,"enemies":"Orb Walker","floor":35,"turns":5},{"damage":9,"enemies":"3 Darklings","floor":36,"turns":2},{"damage":35,"enemies":"Sphere and 2 Shapes","floor":37,"turns":13},{"damage":0,"enemies":"Maw","floor":39,"turns":3}],"seed_played":"-2516928276336278794","potions_obtained":[{"floor":1.0,"key":"DuplicationPotion"},{"floor":7.0,"key":"Regen Potion"},{"floor":12.0,"key":"Weak Potion"},{"floor":19,"key":"SteroidPotion"},{"floor":24,"key":"Fruit Juice"},{"floor":24,"key":"Dexterity Potion"},{"floor":24,"key":"EntropicBrew"},{"floor":28,"key":"Ambrosia"},{"floor":29,"key":"AttackPotion"},{"floor":35,"key":"SmokeBomb"}],"is_trial":false,"path_per_floor":["M","?","M","?","M","R","M","R","T","?","R","M","$","M","R","B",null,"M","M","$","M","M","E","?","M","T","R","M","M","R","M","R","B",null,"M","M","M","?","M"],"character_chosen":"WATCHER","items_purchased":["Strawberry","Wireheading","ThirdEye","TalkToTheHand","DevaForm"],"campfire_rested":4,"item_purchase_floors":[13,13,13,20,20],"current_hp_per_floor":[63,47,41,46,41,41,39,39,39,39,60,60,67,54,54,22,77,61,61,61,46,30,7,12,10,20,47,35,25,52,32,59,49,92,72,63,28,23,23,23],"gold":488,"neow_bonus":"RANDOM_COLORLESS_2","is_daily":false,"chose_seed":false,"campfire_upgraded":3,"win_rate":0.0,"timestamp":1612265629,"path_taken":["M","?","M","?","M","R","M","R","T","?","R","M","$","M","R","BOSS","M","M","$","M","?","E","?","?","T","R","M","M","R","M","R","BOSS","M","?","M","?","M"],"items_purchased_type":["Relic","Card","Card","Card","Card"],"build_version":"2020-12-22","purchased_purges":1,"victory":false,"max_hp_per_floor":[65,65,65,70,70,70,70,70,70,70,70,70,77,77,77,77,77,77,77,77,77,77,77,82,82,92,92,92,92,92,92,92,92,92,92,92,92,92,92,92],"card_choices":[{"not_picked":["Violence","Mayhem"],"picked":"HandOfGreed","floor":0.0},{"not_picked":["Evaluate","EmptyBody"],"picked":"BowlingBash","floor":1.0},{"not_picked":["BattleHymn","EmptyMind"],"picked":"CutThroughFate","floor":3.0},{"not_picked":["JustLucky","Protect"],"picked":"DeceiveReality","floor":5.0},{"not_picked":["CutThroughFate","PathToVictory"],"picked":"Weave","floor":7.0},{"not_picked":["Crescendo","Perseverance"],"picked":"Protect","floor":12.0},{"not_picked":["CutThroughFate","CrushJoints"],"picked":"Tantrum","floor":14.0},{"not_picked":["ConjureBlade","DevaForm"],"picked":"Blasphemy","floor":16},{"not_picked":["PathToVictory","DeceiveReality"],"picked":"Adaptation","floor":18},{"not_picked":["Meditate","FlurryOfBlows"],"picked":"SashWhip+1","floor":19},{"not_picked":["SashWhip","FlurryOfBlows+1"],"picked":"WreathOfFlame+1","floor":21},{"not_picked":["BowlingBash+1","ThirdEye"],"picked":"SashWhip+1","floor":22},{"not_picked":["FollowUp+1","WindmillStrike"],"picked":"ClearTheMind+1","floor":23},{"not_picked":["Omniscience","SashWhip"],"picked":"Nirvana+1","floor":25},{"not_picked":["Swivel","CrushJoints"],"picked":"EmptyFist","floor":28},{"not_picked":["CutThroughFate","Blasphemy","FlurryOfBlows"],"picked":"SKIP","floor":29},{"not_picked":["InnerPeace+1","FlyingSleeves+1"],"picked":"Worship+1","floor":31},{"not_picked":["MasterReality","Omniscience"],"picked":"LessonLearned","floor":33},{"not_picked":["SashWhip","Protect+1","JustLucky+1"],"picked":"SKIP","floor":35},{"not_picked":["PathToVictory+1","Protect+1"],"picked":"ThirdEye+1","floor":37},{"not_picked":["Impatience","The Bomb"],"picked":"Panacea","floor":38}],"player_experience":436121,"relics_obtained":[{"floor":9.0,"key":"Omamori"},{"floor":23,"key":"Yang"},{"floor":26,"key":"Pear"}],"event_choices":[{"damage_healed":0.0,"max_hp_gain":0.0,"max_hp_loss":0.0,"gold_gain":0.0,"event_name":"Golden Idol","player_choice":"Take Damage","floor":2.0,"gold_loss":0.0,"damage_taken":16.0,"relics_obtained":["Golden Idol"]},{"damage_healed":0.0,"max_hp_gain":5.0,"max_hp_loss":0.0,"gold_gain":0.0,"event_name":"Big Fish","player_choice":"Donut","floor":4.0,"gold_loss":0.0,"damage_taken":0.0},{"cards_removed":["Strike_P"],"damage_healed":0.0,"max_hp_gain":0.0,"max_hp_loss":0.0,"gold_gain":0.0,"event_name":"Purifier","player_choice":"Purged","floor":10.0,"gold_loss":0.0,"damage_taken":0.0},{"damage_healed":0,"gold_gain":0,"player_choice":"Got Potions","damage_taken":0,"max_hp_gain":0,"max_hp_loss":0,"event_name":"Lab","floor":24,"gold_loss":0},{"damage_healed":0,"gold_gain":0,"player_choice":"Memory 2","damage_taken":5,"max_hp_gain":0,"max_hp_loss":0,"event_name":"SensoryStone","floor":38,"gold_loss":0}],"is_beta":false,"boss_relics":[{"not_picked":["SlaversCollar","Cursed Key"],"picked":"Astrolabe"},{"not_picked":["HolyWater","Pandora\u0027s Box"],"picked":"Runic Pyramid"}],"items_purged_floors":[20],"is_endless":false,"potions_floor_spawned":[1,7,12,19,21,28,29,35,36],"killed_by":"Maw","ascension_level":0}}