{"host":"8u7tvcybuv0u72fd","time":1612243053,"event":{"mods":["BaseMod","BetterRewards","Colored Map","Colored Powertips","Minty Spire (QoL Compilation)","Quick Restart","Shop Mod"],"gold_per_floor":[33,108,123,73,85,85,95,95,119,135,169,169,200,211,211,316,316,327,527,546,565,75,86,86,46,95,129,129,139,139,152,152,249,249,263,16,27,43,66,93,93,118,118,118,118,135,163,176,176,176,176,176,26,53,53],"floor_reached":56,"language":"ENG","playtime":2826,"items_purged":["Strike_R"],"score":1669,"play_id":"f96528a3-99e5-4cf9-9b9d-ddde5f4482ab","local_time":"20210202001733","is_ascension_mode":false,"campfire_choices":[{"data":"Bash","floor":6,"key":"SMITH"},{"data":"Shrug It Off","floor":8,"key":"SMITH"},{"data":"Twin Strike","floor":12,"key":"SMITH"},{"data":"Uppercut","floor":15,"key":"SMITH"},{"data":"Juggernaut","floor":24,"key":"SMITH"},{"data":"Defend_R","floor":28,"key":"SMITH"},{"data":"Defend_R","floor":30,"key":"SMITH"},{"data":"Defend_R","floor":32,"key":"SMITH"},{"data":"Iron Wave","floor":41,"key":"SMITH"},{"data":"Double Tap","floor":44,"key":"SMITH"},{"floor":49,"key":"RECALL"},{"data":"Defend_R","floor":52,"key":"SMITH"}],"circlet_count":0,"master_deck":["Strike_R+1","Strike_R","Strike_R","Defend_R+1","Defend_R+1","Defend_R+1","Defend_R+1","Bash+1","Shrug It Off+1","Headbutt+1","Twin Strike+1","Uppercut+1","Juggernaut+1","Cleave+1","Rage+1","Feed","Iron Wave+1","Double Tap+1","Metallicize+1"],"relics":["Burning Blood","TungstenRod","Thread and Needle","Gremlin Horn","Turnip","MealTicket","Whetstone","Darkstone Periapt","Busted Crown","Lizard Tail","Sling","Potion Belt","Shuriken","SacredBark","Self Forming Clay","Oddly Smooth Stone","Bird Faced Urn","Blue Candle","Peace Pipe","TheAbacus","CaptainsWheel"],"acts_visited":["Exordium","TheCity","TheBeyond","TheEnding"],"potions_floor_usage":[10,13,16,46,54,55,55,55,55,55,55,55,55],"damage_taken":[{"damage":0,"enemies":"2 Louse","floor":1,"turns":2},{"damage":0,"enemies":"Jaw Worm","floor":3,"turns":4},{"damage":0,"enemies":"Cultist","floor":5,"turns":3},{"damage":4,"enemies":"Exordium Wildlife","floor":7,"turns":6},{"damage":0,"enemies":"Lots of Slimes","floor":10,"turns":5},{"damage":3,"enemies":"3 Sentries","floor":11,"turns":9},{"damage":16,"enemies":"Lagavulin","floor":13,"turns":4},{"damage":5,"enemies":"Exordium Thugs","floor":14,"turns":4},{"damage":0,"enemies":"Hexaghost","floor":16,"turns":10},{"damage":0,"enemies":"Shell Parasite","floor":18,"turns":4},{"damage":9,"enemies":"2 Thieves","floor":20,"turns":4},{"damage":0,"enemies":"Snecko","floor":21,"turns":4},{"damage":0,"enemies":"3 Cultists","floor":23,"turns":5},{"damage":0,"enemies":"Gremlin Leader","floor":27,"turns":5},{"damage":6,"enemies":"Snake Plant","floor":29,"turns":2},{"damage":0,"enemies":"Centurion and Healer","floor":31,"turns":4},{"damage":40,"enemies":"Automaton","floor":33,"turns":8},{"damage":2,"enemies":"3 Shapes","floor":35,"turns":3},{"damage":5,"enemies":"Orb Walker","floor":37,"turns":4},{"damage":2,"enemies":"Jaw Worm Horde","floor":38,"turns":5},{"damage":18,"enemies":"Nemesis","floor":40,"turns":7},{"damage":20,"enemies":"Reptomancer","floor":42,"turns":6},{"damage":2,"enemies":"3 Darklings","floor":46,"turns":4},{"damage":13,"enemies":"Nemesis","floor":47,"turns":7},{"damage":0,"enemies":"Transient","floor":48,"turns":5},{"damage":21,"enemies":"Time Eater","floor":50,"turns":10},{"damage":91,"enemies":"Shield and Spear","floor":54,"turns":8},{"damage":60,"enemies":"The Heart","floor":55,"turns":9}],"seed_played":"-5189204737537442451","potions_obtained":[{"floor":1,"key":"PowerPotion"},{"floor":10,"key":"SteroidPotion"},{"floor":13,"key":"PowerPotion"},{"floor":18,"key":"BloodPotion"},{"floor":29,"key":"Dexterity Potion"},{"floor":33,"key":"ColorlessPotion"},{"floor":40,"key":"DuplicationPotion"},{"floor":46,"key":"BloodPotion"}],"is_trial":false,"path_per_floor":["M","?","M","?","M","R","M","R","T","M","E","R","E","M","R","B",null,"M","?","M","M","$","M","R","?","T","E","R","M","R","M","R","B",null,"M","$","M","M","T","E","R","E","T","R","$","M","E","M","R","B",null,"R","$","E","B",null],"character_chosen":"IRONCLAD","items_purchased":["TungstenRod","Shrug It Off","Gremlin Horn","EntropicBrew","BloodPotion","Rage","Lizard Tail","Sling","Self Forming Clay","TheAbacus"],"campfire_rested":0,"item_purchase_floors":[0,0,0,0,0,22,22,22,36,53],"current_hp_per_floor":[38,28,34,34,40,40,42,42,42,64,67,67,57,58,58,64,80,80,80,77,80,80,80,80,80,80,80,80,80,80,80,80,46,80,83,83,86,89,89,77,77,65,65,65,80,89,82,89,89,74,89,89,89,41,49],"gold":53,"neow_bonus":"","is_daily":false,"chose_seed":false,"campfire_upgraded":11,"win_rate":0.0,"timestamp":1612243053,"path_taken":["M","?","M","?","M","R","M","R","T","M","E","R","E","M","R","BOSS","M","?","?","M","$","M","R","?","T","E","R","M","R","M","R","BOSS","M","?","M","M","?","E","R","E","T","R","$","?","E","M","R","BOSS","R","$","E","BOSS"],"items_purchased_type":["Relic","Card","Relic","Potion","Potion","Card","Relic","Relic","Relic","Relic"],"build_version":"2020-12-22","purchased_purges":1,"victory":true,"max_hp_per_floor":[80,80,80,80,80,80,80,80,80,80,80,80,80,80,80,80,80,80,80,80,80,80,80,80,80,80,80,80,80,80,80,80,80,80,83,83,86,89,89,89,89,89,89,89,89,89,89,89,89,89,89,89,89,89,89],"card_choices":[{"not_picked":["Power Through","Infernal Blade"],"picked":"Headbutt","floor":1},{"not_picked":["Blood for Blood","Clash","Iron Wave"],"picked":"SKIP","floor":3},{"not_picked":["Blood for Blood","Clash","Iron Wave"],"picked":"SKIP","floor":3},{"not_picked":["Warcry","Ghostly Armor","Wild Strike"],"picked":"SKIP","floor":5},{"not_picked":["Armaments","Anger","Wild Strike"],"picked":"SKIP","floor":7},{"not_picked":["True Grit","Blood for Blood"],"picked":"Twin Strike","floor":10},{"not_picked":["Pommel Strike","Armaments","Ghostly Armor"],"picked":"SKIP","floor":11},{"not_picked":["Shrug It Off","Warcry","Second Wind"],"picked":"SKIP","floor":13},{"not_picked":["Thunderclap","Armaments"],"picked":"Uppercut","floor":14},{"not_picked":["Demon Form","Offering"],"picked":"Juggernaut","floor":16},{"not_picked":["Perfected Strike"],"picked":"SKIP","floor":18},{"not_picked":["Anger"],"picked":"SKIP","floor":20},{"not_picked":[],"picked":"Cleave+1","floor":21},{"not_picked":["Warcry"],"picked":"SKIP","floor":23},{"not_picked":["Sword Boomerang"],"picked":"SKIP","floor":27},{"not_picked":["Perfected Strike+1"],"picked":"SKIP","floor":29},{"not_picked":["Headbutt"],"picked":"SKIP","floor":31},{"not_picked":[],"picked":"Feed","floor":33},{"not_picked":[],"picked":"Iron Wave","floor":35},{"not_picked":["Iron Wave+1"],"picked":"SKIP","floor":37},{"not_picked":["Metallicize"],"picked":"SKIP","floor":38},{"not_picked":["Clothesline"],"picked":"SKIP","floor":40},{"not_picked":[],"picked":"Double Tap","floor":42},{"not_picked":["Wild Strike"],"picked":"SKIP","floor":46},{"not_picked":[],"picked":"Metallicize+1","floor":47},{"not_picked":["Sword Boomerang+1"],"picked":"SKIP","floor":48},{"not_picked":["Shockwave+1"],"picked":"SKIP","floor":54}],"player_experience":1481836,"relics_obtained":[{"floor":9,"key":"MealTicket"},{"floor":11,"key":"Whetstone"},{"floor":13,"key":"Darkstone Periapt"},{"floor":26,"key":"Potion Belt"},{"floor":27,"key":"Shuriken"},{"floor":39,"key":"Oddly Smooth Stone"},{"floor":40,"key":"Bird Faced Urn"},{"floor":42,"key":"Blue Candle"},{"floor":47,"key":"Peace Pipe"},{"floor":54,"key":"CaptainsWheel"}],"event_choices":[{"damage_healed":0,"gold_gain":75,"player_choice":"Gather Gold","damage_taken":11,"max_hp_gain":0,"max_hp_loss":0,"event_name":"World of Goop","floor":2,"gold_loss":0},{"cards_removed":["Strike_R"],"damage_healed":0,"gold_gain":0,"player_choice":"Card Removal","damage_taken":0,"max_hp_gain":0,"max_hp_loss":0,"event_name":"The Cleric","floor":4,"gold_loss":50},{"damage_healed":0,"gold_gain":200,"player_choice":"Gold","damage_taken":0,"max_hp_gain":0,"max_hp_loss":0,"event_name":"Wheel of Change","floor":19,"gold_loss":0},{"damage_healed":0,"gold_gain":0,"player_choice":"Upgrade","damage_taken":0,"max_hp_gain":0,"max_hp_loss":0,"event_name":"Designer","floor":25,"gold_loss":40,"cards_upgraded":["Rage"]}],"is_beta":false,"boss_relics":[{"not_picked":["Empty Cage","Sozu"],"picked":"Busted Crown"},{"not_picked":["Coffee Dripper","Snecko Eye"],"picked":"SacredBark"}],"items_purged_floors":[0],"is_endless":false,"potions_floor_spawned":[1,10,11,13,18,29,33,37,40,46,47],"ascension_level":0}}