{"host":"uc8wz0q199a7d901","time":1612237768,"event":{"mods":["2.2 Compatiblity","BaseMod","Colored Map","DeckTracker","Highlight Path","Minty Spire (QoL Compilation)","Permanent Neow","Quick Restart","SuperFastMode"],"gold_per_floor":[109,129,143,159,159,159,159,176,176,192,222,242,242,276,276,353,353,364,377,377,171,6,6,24,24,24,39,73,73,73,93,93,170,170,189,189,189,189,199,31,31,57,57,57,57,70,70,90,90,90,90,90],"floor_reached":51,"language":"KOR","playtime":1997,"items_purged":["Parasite"],"score":1439,"play_id":"4d30f6d6-1847-4908-ab36-435fe763103a","local_time":"20210202124928","is_ascension_mode":true,"campfire_choices":[{"floor":6,"key":"REST"},{"floor":13,"key":"REST"},{"data":"Accuracy","floor":15,"key":"SMITH"},{"floor":23,"key":"REST"},{"floor":25,"key":"REST"},{"floor":30,"key":"REST"},{"data":"Blade Dance","floor":32,"key":"SMITH"},{"floor":41,"key":"REST"},{"floor":44,"key":"REST"},{"floor":47,"key":"REST"},{"floor":49,"key":"REST"}],"circlet_count":0,"master_deck":["AscendersBane","Strike_G","Strike_G","Strike_G","Strike_G","Defend_G","Defend_G","Defend_G+1","Defend_G","Survivor","Neutralize","Dagger Throw","Cloak And Dagger","Blade Dance+1","All Out Attack","Burst","Accuracy+1","Blade Dance+1","Acrobatics","Backflip","Adrenaline","CurseOfTheBell","Blade Dance","Crippling Poison","Well Laid Plans","PiercingWail","Adrenaline","Dash","Dodge and Roll+1","A Thousand Cuts","Phantasmal Killer","Deflect+1","Apotheosis","Purity","Discovery","Madness","Madness","Acrobatics+1"],"relics":["Ring of the Snake","Ornamental Fan","White Beast Statue","War Paint","Peace Pipe","Calling Bell","Blood Vial","Letter Opener","Ginger","Mercury Hourglass","Happy Flower","HoveringKite","Toy Ornithopter","Prayer Wheel","Calipers"],"acts_visited":["Exordium","TheCity","TheBeyond"],"potions_floor_usage":[8,14,16,28,31,33,39,42,46,50,50],"damage_taken":[{"damage":0,"enemies":"Cultist","floor":1,"turns":3},{"damage":3,"enemies":"Small Slimes","floor":2,"turns":3},{"damage":0,"enemies":"2 Louse","floor":3,"turns":3},{"damage":12,"enemies":"Exordium Wildlife","floor":4,"turns":5},{"damage":18,"enemies":"Exordium Thugs","floor":8,"turns":4},{"damage":0,"enemies":"2 Fungi Beasts","floor":10,"turns":3},{"damage":7,"enemies":"3 Sentries","floor":11,"turns":5},{"damage":9,"enemies":"Exordium Wildlife","floor":12,"turns":4},{"damage":0,"enemies":"Gremlin Nob","floor":14,"turns":2},{"damage":8,"enemies":"Slime Boss","floor":16,"turns":7},{"damage":34,"enemies":"Chosen","floor":18,"turns":5},{"damage":2,"enemies":"3 Byrds","floor":19,"turns":5},{"damage":27,"enemies":"Cultist and Chosen","floor":24,"turns":6},{"damage":7,"enemies":"Snecko","floor":27,"turns":5},{"damage":16,"enemies":"Slavers","floor":28,"turns":4},{"damage":0,"enemies":"Centurion and Healer","floor":31,"turns":3},{"damage":42,"enemies":"Champ","floor":33,"turns":10},{"damage":5,"enemies":"3 Shapes","floor":35,"turns":5},{"damage":6,"enemies":"3 Darklings","floor":39,"turns":3},{"damage":25,"enemies":"Giant Head","floor":42,"turns":6},{"damage":51,"enemies":"Transient","floor":46,"turns":6},{"damage":2,"enemies":"Jaw Worm Horde","floor":48,"turns":3},{"damage":53,"enemies":"Awakened One","floor":50,"turns":15},{"damage":27,"enemies":"Time Eater","floor":51,"turns":2}],"seed_played":"2872724780671705278","potions_obtained":[{"floor":1,"key":"ColorlessPotion"},{"floor":8,"key":"FairyPotion"},{"floor":10,"key":"GamblersBrew"},{"floor":11,"key":"PowerPotion"},{"floor":14,"key":"Swift Potion"},{"floor":16,"key":"Dexterity Potion"},{"floor":18,"key":"SkillPotion"},{"floor":28,"key":"LiquidMemories"},{"floor":31,"key":"BlessingOfTheForge"},{"floor":33,"key":"AttackPotion"},{"floor":35,"key":"FairyPotion"},{"floor":39,"key":"DistilledChaos"},{"floor":42,"key":"DistilledChaos"},{"floor":46,"key":"Explosive Potion"},{"floor":48,"key":"Block Potion"}],"is_trial":false,"path_per_floor":["M","M","M","M","?","R","?","M","T","M","E","M","R","E","R","B",null,"M","M","?","$","$","R","M","R","T","M","E","$","R","M","R","B",null,"M","?","?","?","M","$","R","E","T","R","$","M","R","M","R","B","B"],"character_chosen":"THE_SILENT","items_purchased":["Well Laid Plans","PiercingWail","Adrenaline","Toy Ornithopter"],"campfire_rested":9,"item_purchase_floors":[21,21,22,40],"current_hp_per_floor":[44,41,41,29,18,37,53,35,35,35,28,19,38,38,38,30,57,25,25,19,19,19,37,12,30,30,25,11,11,29,31,31,18,52,49,39,39,28,24,24,42,24,24,42,42,18,36,36,54,13,0,0],"gold":90,"neow_bonus":"TRANSFORM_TWO_CARDS","is_daily":false,"chose_seed":false,"campfire_upgraded":2,"win_rate":0.0,"timestamp":1612237768,"path_taken":["M","M","?","M","?","R","?","M","T","M","E","M","R","E","R","BOSS","M","M","?","?","$","R","M","R","T","M","E","$","R","M","R","BOSS","M","?","?","?","M","$","R","E","T","R","?","M","R","M","R","BOSS","BOSS"],"items_purchased_type":["Card","Card","Card","Relic"],"build_version":"2020-12-22","purchased_purges":1,"victory":false,"max_hp_per_floor":[66,66,66,66,66,66,66,66,66,66,66,66,66,66,66,66,66,66,66,66,63,63,63,63,63,63,63,63,63,63,63,63,63,63,63,63,63,63,63,63,63,63,63,63,63,63,63,63,63,63,63,63],"card_choices":[{"not_picked":["Outmaneuver","Slice"],"picked":"Blade Dance","floor":1},{"not_picked":["Poisoned Stab","Underhanded Strike","Outmaneuver"],"picked":"SKIP","floor":2},{"not_picked":["Leg Sweep","Bane"],"picked":"All Out Attack","floor":3},{"not_picked":["Endless Agony","Slice"],"picked":"Burst","floor":4},{"not_picked":["Flechettes","Backstab"],"picked":"Accuracy","floor":8},{"not_picked":["Dagger Throw","Noxious Fumes"],"picked":"Blade Dance","floor":10},{"not_picked":["Poisoned Stab","Reflex"],"picked":"Acrobatics","floor":11},{"not_picked":["Poisoned Stab","Riddle With Holes"],"picked":"Backflip","floor":12},{"not_picked":["Dodge and Roll","Poisoned Stab","Backflip"],"picked":"SKIP","floor":14},{"not_picked":["Night Terror","Die Die Die"],"picked":"Adrenaline","floor":16},{"not_picked":["Dagger Throw","Deadly Poison"],"picked":"Blade Dance","floor":18},{"not_picked":["Heel Hook","PiercingWail"],"picked":"Crippling Poison","floor":19},{"not_picked":["Acrobatics","Bane","Heel Hook"],"picked":"SKIP","floor":24},{"not_picked":["Underhanded Strike","Finisher"],"picked":"Dash","floor":27},{"not_picked":["Backflip","Backstab"],"picked":"Dodge and Roll+1","floor":28},{"not_picked":["Flechettes+1","Deflect"],"picked":"A Thousand Cuts","floor":31},{"not_picked":["Storm of Steel","Envenom"],"picked":"Phantasmal Killer","floor":33},{"not_picked":["Poisoned Stab","Backflip"],"picked":"Deflect+1","floor":35},{"not_picked":["Impatience","Sadistic Nature"],"picked":"Apotheosis","floor":36},{"not_picked":["Impatience","Apotheosis"],"picked":"Purity","floor":36},{"not_picked":["Bandage Up","Purity"],"picked":"Discovery","floor":36},{"not_picked":["Finisher","Distraction","Masterful Stab+1"],"picked":"SKIP","floor":39},{"not_picked":["Poisoned Stab+1","PiercingWail","Caltrops"],"picked":"SKIP","floor":42},{"not_picked":["Masterful Stab+1","Deadly Poison","Poisoned Stab"],"picked":"SKIP","floor":46},{"not_picked":["Bouncing Flask","Crippling Poison","Dagger Spray"],"picked":"SKIP","floor":46},{"not_picked":["Expertise","Blade Dance"],"picked":"Acrobatics+1","floor":48},{"not_picked":["Outmaneuver","Deadly Poison+1","PiercingWail"],"picked":"SKIP","floor":48}],"player_experience":712631,"relics_obtained":[{"floor":9,"key":"White Beast Statue"},{"floor":11,"key":"War Paint"},{"floor":14,"key":"Peace Pipe"},{"floor":17,"key":"Blood Vial"},{"floor":17,"key":"Letter Opener"},{"floor":17,"key":"Ginger"},{"floor":26,"key":"Mercury Hourglass"},{"floor":28,"key":"Happy Flower"},{"floor":42,"key":"Prayer Wheel"},{"floor":43,"key":"Calipers"}],"event_choices":[{"damage_healed":0,"gold_gain":0,"player_choice":"Success","damage_taken":11,"relics_obtained":["Ornamental Fan"],"max_hp_gain":0,"max_hp_loss":0,"event_name":"Scrap Ooze","floor":5,"gold_loss":0},{"damage_healed":16,"gold_gain":0,"player_choice":"Healed and dodged fight","damage_taken":0,"max_hp_gain":0,"max_hp_loss":0,"event_name":"Mushrooms","floor":7,"gold_loss":0,"cards_obtained":["Parasite"]},{"damage_healed":0,"gold_gain":0,"player_choice":"","damage_taken":6,"max_hp_gain":0,"max_hp_loss":0,"event_name":"Knowing Skull","floor":20,"potions_obtained":[],"gold_loss":0,"cards_obtained":[]},{"damage_healed":0,"gold_gain":0,"player_choice":"Memory 3","damage_taken":10,"max_hp_gain":0,"max_hp_loss":0,"event_name":"SensoryStone","floor":36,"gold_loss":0},{"damage_healed":0,"gold_gain":0,"player_choice":"Ignored","damage_taken":0,"max_hp_gain":0,"max_hp_loss":0,"event_name":"Tomb of Lord Red Mask","floor":37,"gold_loss":0},{"damage_healed":0,"gold_gain":0,"player_choice":"Embrace Madness","damage_taken":11,"max_hp_gain":0,"max_hp_loss":0,"event_name":"Winding Halls","floor":38,"gold_loss":0,"cards_obtained":["Madness","Madness"]}],"is_beta":false,"boss_relics":[{"not_picked":["Empty Cage","Astrolabe"],"picked":"Calling Bell"},{"not_picked":["Runic Pyramid","Philosopher\u0027s Stone"],"picked":"HoveringKite"}],"items_purged_floors":[21],"is_endless":false,"potions_floor_spawned":[1,8,10,11,12,14,16,18,19,24,27,28,31,33,35,39,42,46,48],"killed_by":"Time Eater","ascension_level":20}}