{"host":"72j3if4hls1tefkc","time":1612295296,"event":{"mods":["AchievementEnabler","Always Whale","Aspiration","BaseMod","Colored Map","Conspire","FetchMod","Halation","Hubris","Infinite Spire","Minty Spire (QoL Compilation)","Reliquary","Replay The Spire","Shop Mod","StSLib","The Bug Knight","The Construct","The Cursed","The Jungle","The Marked","The Necromancer","The Poker Player"],"gold_per_floor":[112,112,112,125,141,171,190,190,216,216,234,234,246,280,280,378,378,396,40,50,50,50,50,68,78,78,78,24,37,37,56,56,160,160,172,183,183,163,175,175,185,199,250,250,282,295,309,325,325,325],"floor_reached":51,"language":"ENG","playtime":2888,"items_purged":["Bone_Spikes","Strike_W"],"score":695,"play_id":"7fb8534c-a283-49aa-91ff-f7ab2564d687","local_time":"20210202124816","is_ascension_mode":false,"campfire_choices":[{"data":"Summon_Lich","floor":8,"key":"SMITH"},{"data":"Finger_Of_Death","floor":10,"key":"SMITH"},{"data":"Summon_Vampire_Lady","floor":15,"key":"SMITH"},{"data":"Bone_Wall","floor":23,"key":"SMITH"},{"floor":32,"key":"DIG"},{"floor":40,"key":"DIG"},{"floor":44,"key":"DIG"},{"data":"theJungle:Gourd","floor":49,"key":"SMITH"}],"circlet_count":0,"master_deck":["Strike_W","Strike_W","Negative_Energy_Arrows+1","Bone_Wall+1","Spectral_Armor","Finger_Of_Death+1","Stop_Heart","Summon_Lich+1","Bone_Bullets","Summon_Vampire_Lady+1","Bone_Prison","Skeleton_Dragon","Bone_Bullets+1","Summon_Undead_Army+1","Spectral_Walk+1","theJungle:Gourd","theJungle:Gourd","theJungle:Gourd+1","theJungle:Gourd","theJungle:Gourd","Bone_Armory+1","Siphon_Strength+1","Blood_Curse+1","Siphon_Strength","Grasp_Heart","Siphon_Strength+1","Life_Drain"],"relics":["Vampire_Amulet","hubris:BottledRain","ReplayTheSpireMod:Ring of Exchange","HollowMod:StagPassRelic","Lee\u0027s Waffle","reliquary:RoseTintedGlasses","Mirror","Shovel","ReplayTheSpireMod:Ninjato","hubris:RunicObelisk","SlaversCollar","hubris:EmptyBottle","Question Card","halation:PrussianBluePaint","hubris:DeckOfHolding","infinitespire:Broken Mirror"],"acts_visited":["Exordium","theJungle:Jungle","TheBeyond"],"potions_floor_usage":[16,29,29,39,39,42,45,45,45,46,50,50,50],"damage_taken":[{"damage":0,"enemies":"Small Slimes","floor":1,"turns":3},{"damage":1,"enemies":"Jaw Worm","floor":4,"turns":4},{"damage":0,"enemies":"Cultist","floor":5,"turns":4},{"damage":19,"enemies":"Lagavulin","floor":6,"turns":9},{"damage":5,"enemies":"Looter","floor":7,"turns":4},{"damage":8,"enemies":"Large Slime","floor":11,"turns":7},{"damage":3,"enemies":"Exordium Thugs","floor":13,"turns":6},{"damage":14,"enemies":"3 Sentries","floor":14,"turns":5},{"damage":8,"enemies":"Hexaghost","floor":16,"turns":8},{"damage":13,"enemies":"Shell Parasite","floor":18,"turns":6},{"damage":12,"enemies":"theJungle:GiantWrat","floor":20,"turns":5},{"damage":14,"enemies":"theJungle:2_Snecko_Cultists","floor":24,"turns":4},{"damage":29,"enemies":"theJungle:JungleHuntersEncounter","floor":25,"turns":10},{"damage":25,"enemies":"theJungle:2_Flameangoes","floor":29,"turns":6},{"damage":13,"enemies":"theJungle:SlimyTreeVines","floor":31,"turns":8},{"damage":4,"enemies":"theJungle:QueenSpyder","floor":33,"turns":10},{"damage":26,"enemies":"3 Shapes","floor":35,"turns":7},{"damage":6,"enemies":"Orb Walker","floor":36,"turns":5},{"damage":15,"enemies":"Transient","floor":39,"turns":5},{"damage":7,"enemies":"Maw","floor":41,"turns":7},{"damage":23,"enemies":"Jaw Worm Horde","floor":42,"turns":6},{"damage":14,"enemies":"Reptomancer","floor":45,"turns":6},{"damage":43,"enemies":"Spire Growth","floor":46,"turns":5},{"damage":3,"enemies":"Transient","floor":47,"turns":5},{"damage":19,"enemies":"Writhing Mass","floor":48,"turns":7},{"damage":23,"enemies":"Awakened One","floor":50,"turns":12}],"seed_played":"2237326925610493669","potions_obtained":[{"floor":4,"key":"Explosive Potion"},{"floor":6,"key":"Block Potion"},{"floor":7,"key":"ColorlessPotion"},{"floor":20,"key":"AttackPotion"},{"floor":33,"key":"Weak Potion"},{"floor":36,"key":"Explosive Potion"},{"floor":41,"key":"Adrenaline Potion"},{"floor":46,"key":"Block Potion"}],"is_trial":false,"path_per_floor":["M","?","?","M","M","E","M","R","T","R","M","?","M","E","R","B",null,"M","$","M","?","$","R","M","M","T","?","$","M","?","M","R","B",null,"M","M","AVR","?","M","R","M","M","T","R","E","M","M","M","R","B",null],"character_chosen":"NECROMANCER","items_purchased":["Summon_Undead_Army+1","reliquary:RoseTintedGlasses","Spectral_Walk","Blood_Curse"],"campfire_rested":0,"item_purchase_floors":[19,19,19,28],"current_hp_per_floor":[75,75,75,75,75,58,55,55,55,55,51,51,52,44,44,62,82,82,82,75,75,75,75,71,70,70,56,56,35,35,50,50,75,82,74,76,76,76,78,78,82,71,71,71,81,49,60,61,61,79],"gold":325,"neow_bonus":"THREE_CARDS","is_daily":false,"chose_seed":false,"campfire_upgraded":5,"win_rate":0.0,"timestamp":1612295296,"path_taken":["M","?","?","M","M","E","?","R","T","R","M","?","M","E","R","BOSS","M","$","M","?","?","R","M","M","T","?","$","M","?","M","R","BOSS","M","M","AVR","?","?","R","M","M","T","R","E","?","M","M","R","BOSS"],"items_purchased_type":["Card","Relic","Card","Card"],"build_version":"2020-12-22","purchased_purges":2,"victory":true,"max_hp_per_floor":[75,75,75,75,75,75,75,75,75,75,75,75,75,75,75,75,82,82,82,82,82,82,82,82,82,82,82,82,82,82,82,82,82,82,82,82,82,82,82,82,82,82,82,82,82,82,82,82,82,82],"card_choices":[{"not_picked":["Death_Knell","Bone_Armor"],"picked":"Bone_Spikes","floor":0},{"not_picked":["Blood_Whip","Blood_for_Blood","Shackles_Of_Pain"],"picked":"SKIP","floor":1},{"not_picked":["Negative_Energy_Burst","Exploit"],"picked":"Finger_Of_Death","floor":4},{"not_picked":["Chill_Blood","Blood_Whip","Consume_Illness"],"picked":"SKIP","floor":5},{"not_picked":["Negative_Energy_Mist","Negative_Energy_Sphere"],"picked":"Stop_Heart","floor":6},{"not_picked":["Necrotic_Claws","Bones_to_Steel"],"picked":"Summon_Lich","floor":7},{"not_picked":["Vampiric_Strike","Plague_Bolt"],"picked":"Bone_Bullets","floor":11},{"not_picked":["Vampiric_Strike","Blood_Whip"],"picked":"Summon_Vampire_Lady","floor":13},{"not_picked":["Pandemic","Acid_Javelin"],"picked":"Bone_Prison","floor":14},{"not_picked":["Detonate_Bones","Summon_Death_Knight"],"picked":"Skeleton_Dragon","floor":16},{"not_picked":["Negative_Energy_Javelin","Violent_Necrosis"],"picked":"Bone_Bullets+1","floor":18},{"not_picked":["Whirlwind_of_Bones+1","Necromantic_Selection","Negative_Energy_Shield"],"picked":"SKIP","floor":20},{"not_picked":["Death_Coil","Deaths_Shadow"],"picked":"Bone_Armory+1","floor":24},{"not_picked":["Blood_Whip","Negative_Energy_Sphere"],"picked":"Siphon_Strength+1","floor":25},{"not_picked":["Death_Coil+1","Death_March_Dance"],"picked":"Siphon_Strength","floor":29},{"not_picked":["Blood_Whip+1","Shackles_Of_Pain","Consume_Illness"],"picked":"SKIP","floor":31},{"not_picked":["Scare","Corrupt+1","Negative_Energy_Sphere"],"picked":"SKIP","floor":35},{"not_picked":["Toxic_Smoke_Screen","Epidemic+1","Consume_Illness"],"picked":"SKIP","floor":36},{"not_picked":["Negative_Energy_Mist+1","Bones_to_Steel","Corrupt+1"],"picked":"SKIP","floor":39},{"not_picked":["Death_Knell","Bone_Spikes","Deaths_Shadow","Negative_Energy_Sphere+1"],"picked":"SKIP","floor":41},{"not_picked":["Blood_Curse","Chill_Blood+1","Negative_Energy_Shield+1"],"picked":"Grasp_Heart","floor":42},{"not_picked":["Blood_for_Blood","Shackles_Of_Pain+1","Stop_Heart"],"picked":"Siphon_Strength+1","floor":45},{"not_picked":["Scare+1","Chill_Blood+1","Corrupt","Finger_Of_Death+1"],"picked":"SKIP","floor":46},{"not_picked":["Consume_Illness+1","Blood_Shield","Shackles_Of_Pain","Negative_Energy_Shield"],"picked":"SKIP","floor":47},{"not_picked":["Whirlwind_of_Bones","Siphon_Strength","Slay_Living"],"picked":"Life_Drain","floor":48}],"player_experience":341922,"relics_obtained":[{"floor":6,"key":"hubris:BottledRain"},{"floor":12,"key":"ReplayTheSpireMod:Ring of Exchange"},{"floor":14,"key":"HollowMod:StagPassRelic"},{"floor":26,"key":"Mirror"},{"floor":32,"key":"ReplayTheSpireMod:Ninjato"},{"floor":40,"key":"Question Card"},{"floor":43,"key":"halation:PrussianBluePaint"},{"floor":44,"key":"hubris:DeckOfHolding"},{"floor":45,"key":"infinitespire:Broken Mirror"}],"event_choices":[{"damage_healed":0,"gold_gain":0,"cards_transformed":["Strike_W"],"player_choice":"Transformed","damage_taken":0,"max_hp_gain":0,"max_hp_loss":0,"event_name":"Transmorgrifier","floor":3,"gold_loss":0,"cards_obtained":["Spectral_Armor"]},{"damage_healed":0,"gold_gain":0,"player_choice":"Leave","damage_taken":0,"max_hp_gain":0,"max_hp_loss":0,"event_name":"conspire:Investor","floor":30,"gold_loss":0},{"damage_healed":0,"gold_gain":0,"player_choice":"Bought 1 Potion","damage_taken":0,"max_hp_gain":0,"max_hp_loss":0,"event_name":"The Woman in Blue","floor":38,"gold_loss":0}],"is_beta":false,"boss_relics":[{"not_picked":["Replay:Lucky Slots","halation:HeavySnake"],"picked":"Lee\u0027s Waffle"},{"not_picked":["reliquary:Bookmark","Sozu"],"picked":"hubris:RunicObelisk"}],"items_purged_floors":[19,37],"is_endless":false,"potions_floor_spawned":[4,6,7,11,20,24,25,33,36,41,46],"ascension_level":0}}