{"host":"qxeepl7ydvsgmfdb","time":1612278372,"event":{"mods":["AchievementEnabler","BaseMod","Colored Powertips","Minty Spire (QoL Compilation)","Quick Restart","slay the spire mod where everything is the same but ironclad has a cowboy hat"],"gold_per_floor":[115,115,190,190,203,236,246,246,246,281,281,33,33,67,67,169,169,180,180,180,27,44,44,74,74,74],"floor_reached":25,"language":"ENG","playtime":1428,"items_purged":[],"score":286,"play_id":"e2073be8-559b-4e33-8b43-0ac793b4bf35","local_time":"20210202100612","is_ascension_mode":true,"campfire_choices":[{"floor":8,"key":"REST"},{"floor":11,"key":"REST"},{"floor":15,"key":"REST"},{"floor":23,"key":"REST"}],"circlet_count":0,"master_deck":["Strike_G","Strike_G","Strike_G","Strike_G","Strike_G","Defend_G","Defend_G","Defend_G","Defend_G","Defend_G","Survivor","Neutralize","Poisoned Stab+1","Terror+1","Distraction","Regret","Corpse Explosion","Deflect+1"],"relics":["Ring of the Snake","NeowsBlessing","Kunai","Letter Opener","Molten Egg 2","Pantograph","HornCleat","Gremlin Horn","Bronze Scales","Regal Pillow","Girya"],"acts_visited":["Exordium","TheCity"],"potions_floor_usage":[24,25],"damage_taken":[{"damage":0,"enemies":"2 Louse","floor":1,"turns":1},{"damage":0,"enemies":"Jaw Worm","floor":5,"turns":1},{"damage":0,"enemies":"Gremlin Nob","floor":6,"turns":1},{"damage":8,"enemies":"Small Slimes","floor":7,"turns":2},{"damage":25,"enemies":"3 Sentries","floor":10,"turns":10},{"damage":13,"enemies":"Gremlin Nob","floor":14,"turns":4},{"damage":63,"enemies":"The Guardian","floor":16,"turns":10},{"damage":14,"enemies":"Chosen","floor":18,"turns":6},{"damage":33,"enemies":"Shell Parasite","floor":22,"turns":6},{"damage":46,"enemies":"Book of Stabbing","floor":24,"turns":5},{"damage":6,"enemies":"Snecko","floor":25,"turns":3}],"seed_played":"573043309820674586","potions_obtained":[{"floor":1,"key":"FearPotion"},{"floor":10,"key":"GamblersBrew"},{"floor":14,"key":"DuplicationPotion"},{"floor":18,"key":"Poison Potion"}],"is_trial":false,"path_per_floor":["M","?","?","?","M","E","M","R","T","E","R","$","?","E","R","B",null,"M","?","?","$","M","R","E","M"],"character_chosen":"THE_SILENT","items_purchased":["HornCleat","Regal Pillow"],"campfire_rested":4,"item_purchase_floors":[12,21],"current_hp_per_floor":[70,70,59,47,47,47,39,60,60,35,56,56,56,43,64,7,70,56,43,43,43,10,47,1,0,0],"gold":74,"neow_bonus":"THREE_ENEMY_KILL","is_daily":false,"chose_seed":false,"campfire_upgraded":0,"win_rate":0.0,"timestamp":1612278372,"path_taken":["M","?","?","?","M","E","M","R","T","E","R","$","?","E","R","BOSS","M","?","?","$","?","R","E","M"],"items_purchased_type":["Relic","Relic"],"build_version":"2020-12-22","purchased_purges":0,"victory":false,"max_hp_per_floor":[70,70,70,70,70,70,70,70,70,70,70,70,70,70,70,70,70,70,75,75,75,75,75,75,75,75],"card_choices":[{"not_picked":["Concentrate","Dodge and Roll"],"picked":"Poisoned Stab","floor":1},{"not_picked":["Dash","Reflex"],"picked":"Terror","floor":5},{"not_picked":["Malaise","Bouncing Flask","Well Laid Plans"],"picked":"SKIP","floor":6},{"not_picked":["Eviscerate","Underhanded Strike"],"picked":"Distraction","floor":7},{"not_picked":["Leg Sweep","Tactician","Calculated Gamble"],"picked":"SKIP","floor":10},{"not_picked":["Eviscerate+1","Acrobatics","Expertise"],"picked":"SKIP","floor":14},{"not_picked":["A Thousand Cuts","Adrenaline"],"picked":"Corpse Explosion","floor":16},{"not_picked":["Choke+1","Riddle With Holes+1","Flying Knee+1"],"picked":"SKIP","floor":18},{"not_picked":["Riddle With Holes+1","Heel Hook+1","Outmaneuver"],"picked":"SKIP","floor":22},{"not_picked":["Infinite Blades+1","Flechettes+1"],"picked":"Deflect+1","floor":24}],"player_experience":169955,"relics_obtained":[{"floor":6,"key":"Letter Opener"},{"floor":9,"key":"Molten Egg 2"},{"floor":10,"key":"Pantograph"},{"floor":14,"key":"Bronze Scales"},{"floor":24,"key":"Girya"}],"event_choices":[{"damage_healed":0,"gold_gain":0,"player_choice":"Grow","damage_taken":0,"max_hp_gain":0,"max_hp_loss":0,"event_name":"Living Wall","floor":2,"gold_loss":0,"cards_upgraded":["Poisoned Stab"]},{"damage_healed":0,"gold_gain":75,"player_choice":"Gather Gold","damage_taken":11,"max_hp_gain":0,"max_hp_loss":0,"event_name":"World of Goop","floor":3,"gold_loss":0},{"damage_healed":0,"gold_gain":0,"player_choice":"Success","damage_taken":12,"relics_obtained":["Kunai"],"max_hp_gain":0,"max_hp_loss":0,"event_name":"Scrap Ooze","floor":4,"gold_loss":0},{"damage_healed":0,"gold_gain":0,"player_choice":"Box","damage_taken":0,"relics_obtained":["Gremlin Horn"],"max_hp_gain":0,"max_hp_loss":0,"event_name":"Big Fish","floor":13,"gold_loss":0,"cards_obtained":["Regret"]},{"damage_healed":0,"gold_gain":0,"player_choice":"Shed Blood","damage_taken":18,"max_hp_gain":5,"max_hp_loss":0,"event_name":"Forgotten Altar","floor":19,"gold_loss":0},{"damage_healed":0,"gold_gain":0,"player_choice":"Forge","damage_taken":0,"max_hp_gain":0,"max_hp_loss":0,"event_name":"Accursed Blacksmith","floor":20,"gold_loss":0,"cards_upgraded":["Terror"]}],"is_beta":false,"boss_relics":[{"not_picked":[]}],"items_purged_floors":[],"is_endless":false,"potions_floor_spawned":[1,10,14,16,18,22],"killed_by":"Snecko","ascension_level":2}}