{"host":"adt9pv9dmmkchns7","time":1612289472,"event":{"mods":["AchievementEnabler","BaseMod","Beaked The Cultist","Better Third Choice","Downfall","Energized Spire","Infinite Spire","Minty Spire (QoL Compilation)","Permanent Neow","Potionbrewer","Replay The Spire","Robot Space Explorer","Shade Mod","Spicy Shops","StSLib","The Blackbeard","The Cursed","The Forsaken","The Gatherer","The Necromancer","Wandering Minibosses"],"gold_per_floor":[16,26,68,81,92,119,149,184,184,203,203,230,264,284,284,284,284],"floor_reached":16,"language":"ENG","playtime":1926,"items_purged":[],"score":141,"play_id":"c2f7dd58-4de8-4a96-9d66-6eff3b5fedfb","local_time":"20210202191112","is_ascension_mode":true,"campfire_choices":[{"floor":15,"key":"RECALL"}],"circlet_count":0,"master_deck":["Strike_W","Strike_W","Strike_W","Strike_W","Defend_W","Defend_W","Defend_W","Defend_W","Negative_Energy_Arrows","Bone_Wall","Grasp_Heart","Vampiric_Strike","Death_March_Dance","Bone_Shift","Negative_Energy_Shield","Toxic_Smoke_Screen","Blood_Shield","Stop_Heart","Blood_Shield","Consume_Illness+1","Bone_Prison","Corrupt"],"relics":["Vampire_Amulet","infinitespire:Lychee Nut","Peace Pipe","Matryoshka","Anchor"],"acts_visited":["Exordium"],"potions_floor_usage":[3,5,6,12,16,16,16,16,16,16,16,16,16],"damage_taken":[{"damage":0,"enemies":"2 Louse","floor":1,"turns":3},{"damage":0,"enemies":"Cultist","floor":2,"turns":2},{"damage":7,"enemies":"Jaw Worm","floor":3,"turns":4},{"damage":9,"enemies":"Red Slaver","floor":4,"turns":3},{"damage":0,"enemies":"Looter","floor":5,"turns":3},{"damage":18,"enemies":"Gremlin Nob","floor":6,"turns":5},{"damage":18,"enemies":"Gremlin Gang","floor":7,"turns":8},{"damage":18,"enemies":"Replay:BlueRogue","floor":8,"turns":6},{"damage":23,"enemies":"Large Slime","floor":10,"turns":9},{"damage":11,"enemies":"Gremlin Nob","floor":12,"turns":3},{"damage":7,"enemies":"Exordium Thugs","floor":13,"turns":5},{"damage":3,"enemies":"Blue Slaver","floor":14,"turns":7},{"damage":91,"enemies":"Fading Forest","floor":16,"turns":8}],"seed_played":"-1312335749195091434","potions_obtained":[{"floor":1,"key":"Weak Potion"},{"floor":4,"key":"potionbrewer:EndurancePotion"},{"floor":5,"key":"Regen Potion"},{"floor":7,"key":"ColorlessPotion"},{"floor":8,"key":"PowerPotion"},{"floor":14,"key":"Elixir"}],"is_trial":false,"path_per_floor":["M","M","M","M","M","E","M","E","T","M","?","E","M","M","R","B"],"character_chosen":"NECROMANCER","items_purchased":[],"campfire_rested":0,"item_purchase_floors":[],"current_hp_per_floor":[75,75,72,65,67,56,45,35,35,26,26,25,31,38,38,0,0],"gold":284,"neow_bonus":"THREE_RARE_CARDS","is_daily":false,"chose_seed":false,"campfire_upgraded":0,"win_rate":0.0,"timestamp":1612289472,"path_taken":["M","M","M","M","M","E","M","E","T","M","?","E","M","M","R","BOSS"],"items_purchased_type":[],"build_version":"2020-12-22","purchased_purges":0,"victory":false,"max_hp_per_floor":[75,75,75,75,75,56,56,56,56,56,56,56,56,56,56,56,56],"card_choices":[{"not_picked":["Summon_Vampire_Lady","Negative_Energy_Bomb"],"picked":"Grasp_Heart","floor":0},{"not_picked":["Finger_Of_Death","Negative_Energy_Mist"],"picked":"Vampiric_Strike","floor":1},{"not_picked":["Death_Coil","Whirlwind_of_Bones"],"picked":"Death_March_Dance","floor":2},{"not_picked":["Negative_Energy_Sphere","Chill_Blood"],"picked":"Bone_Shift","floor":3},{"not_picked":["Exploit","Summon_Undead"],"picked":"Negative_Energy_Shield","floor":4},{"not_picked":["Bones_to_Steel","Bone_Bullets"],"picked":"Toxic_Smoke_Screen","floor":5},{"not_picked":["Negative_Energy_Sphere","Exploit"],"picked":"Blood_Shield","floor":6},{"not_picked":["Blood_Curse","Shackles_Of_Pain"],"picked":"Stop_Heart","floor":7},{"not_picked":["Vampiric_Strike","Chill_Blood"],"picked":"Blood_Shield","floor":8},{"not_picked":["Whirlwind_of_Bones","Scare"],"picked":"Consume_Illness","floor":10},{"not_picked":["Scare","Negative_Energy_Mist"],"picked":"Bone_Prison","floor":12},{"not_picked":["Blood_Magic","Death_Coil","Bone_Shift"],"picked":"SKIP","floor":13},{"not_picked":["Finger_Of_Death","Shackles_Of_Pain"],"picked":"Corrupt","floor":14}],"player_experience":884320,"relics_obtained":[{"floor":6,"key":"infinitespire:Lychee Nut"},{"floor":8,"key":"Peace Pipe"},{"floor":9,"key":"Matryoshka"},{"floor":12,"key":"Anchor"}],"event_choices":[{"damage_healed":0,"gold_gain":0,"player_choice":"Forge","damage_taken":0,"max_hp_gain":0,"max_hp_loss":0,"event_name":"Accursed Blacksmith","floor":11,"gold_loss":0,"cards_upgraded":["Consume_Illness"]}],"is_beta":false,"boss_relics":[],"items_purged_floors":[],"is_endless":false,"potions_floor_spawned":[1,4,5,7,8,14],"killed_by":"Fading Forest","ascension_level":2}}