{"host":"2tgyrzvaa7l04o2e","time":1612289764,"event":{"mods":["BaseMod","Highlight Path","Minty Spire (QoL Compilation)","Permanent Neow","Relic Stats"],"gold_per_floor":[116,133,133,149,149,176,176,201,201,0,31,48,48,48,48,126,126,144,144,164,89,99,99,129,129,156,156,126,164,175,213,213,301,301,325,325,343,343,360,360,402,417,417,417,441,43,62,94,94,94],"floor_reached":51,"language":"ENG","playtime":2900,"items_purged":["Writhe","Zap"],"score":1436,"play_id":"db29852f-8d4f-47fb-a06c-882952e0659b","local_time":"20210202191604","is_ascension_mode":true,"campfire_choices":[{"floor":7,"key":"REST"},{"floor":13,"key":"REST"},{"data":"Defragment","floor":15,"key":"SMITH"},{"data":"Buffer","floor":23,"key":"SMITH"},{"data":"Turbo","floor":25,"key":"SMITH"},{"data":"Go for the Eyes","floor":27,"key":"SMITH"},{"data":"Capacitor","floor":32,"key":"SMITH"},{"data":"Coolheaded","floor":40,"key":"SMITH"},{"floor":44,"key":"REST"},{"data":"Echo Form","floor":49,"key":"SMITH"}],"circlet_count":0,"master_deck":["AscendersBane","Defend_B","Defend_B","Defend_B","Defend_B","Dualcast","Compile Driver+1","Chaos+1","Defragment+1","Turbo+1","Go for the Eyes+1","Cold Snap","Sweeping Beam+1","Ball Lightning+1","Buffer+1","Redo+1","Electrodynamics+1","Hologram+1","Doom and Gloom+1","Leap+1","Core Surge+1","Coolheaded+1","Capacitor+1","Echo Form+1","Undo+1","Madness","Madness","Coolheaded","Darkness+1"],"relics":["SacredBark","Blue Candle","Bottled Lightning","Eternal Feather","Bag of Preparation","Molten Egg 2","Astrolabe","Anchor","Darkstone Periapt","CeramicFish","Dream Catcher","Snecko Eye","Boot","Regal Pillow","Shuriken","Happy Flower","Art of War","Blood Vial"],"acts_visited":["Exordium","TheCity","TheBeyond"],"potions_floor_usage":[6,12,18,24,29,30,31,45,45],"damage_taken":[{"damage":8,"enemies":"Jaw Worm","floor":1,"turns":4},{"damage":2,"enemies":"2 Louse","floor":2,"turns":4},{"damage":5,"enemies":"Small Slimes","floor":4,"turns":3},{"damage":19,"enemies":"Gremlin Nob","floor":6,"turns":4},{"damage":5,"enemies":"Lagavulin","floor":8,"turns":7},{"damage":10,"enemies":"3 Sentries","floor":11,"turns":8},{"damage":0,"enemies":"Red Slaver","floor":12,"turns":2},{"damage":22,"enemies":"Slime Boss","floor":16,"turns":6},{"damage":0,"enemies":"Chosen","floor":18,"turns":5},{"damage":0,"enemies":"Spheric Guardian","floor":20,"turns":3},{"damage":0,"enemies":"Chosen and Byrds","floor":22,"turns":3},{"damage":16,"enemies":"Book of Stabbing","floor":24,"turns":5},{"damage":0,"enemies":"Slavers","floor":29,"turns":4},{"damage":2,"enemies":"Snake Plant","floor":30,"turns":4},{"damage":0,"enemies":"Gremlin Leader","floor":31,"turns":6},{"damage":22,"enemies":"Collector","floor":33,"turns":10},{"damage":0,"enemies":"3 Shapes","floor":35,"turns":4},{"damage":0,"enemies":"Orb Walker","floor":39,"turns":5},{"damage":1,"enemies":"Nemesis","floor":41,"turns":7},{"damage":31,"enemies":"Writhing Mass","floor":42,"turns":10},{"damage":24,"enemies":"Spire Growth","floor":45,"turns":5},{"damage":0,"enemies":"Transient","floor":47,"turns":5},{"damage":1,"enemies":"Giant Head","floor":48,"turns":12},{"damage":14,"enemies":"Time Eater","floor":50,"turns":14}],"seed_played":"-2436426186060140350","potions_obtained":[{"floor":2,"key":"EssenceOfDarkness"},{"floor":8,"key":"BlessingOfTheForge"},{"floor":11,"key":"DistilledChaos"},{"floor":16,"key":"EssenceOfSteel"},{"floor":18,"key":"EssenceOfSteel"},{"floor":28,"key":"Fire Potion"},{"floor":28,"key":"LiquidMemories"},{"floor":30,"key":"Explosive Potion"},{"floor":31,"key":"SpeedPotion"},{"floor":35,"key":"SteroidPotion"},{"floor":41,"key":"Swift Potion"},{"floor":45,"key":"PotionOfCapacity"}],"is_trial":false,"path_per_floor":["M","M","?","M","?","E","R","E","T","$","E","M","R","?","R","B",null,"M","?","M","$","M","R","E","R","T","R","?","E","M","E","R","B",null,"M","?","?","T","M","R","E","M","T","R","M","$","M","E","R","B",null],"character_chosen":"DEFECT","items_purchased":["Bag of Preparation","Cold Snap","Happy Flower","Art of War"],"campfire_rested":3,"item_purchase_floors":[10,10,46,46],"current_hp_per_floor":[56,54,33,28,28,9,30,25,25,25,15,15,45,45,54,32,61,61,61,61,61,61,71,55,67,67,71,71,71,69,69,71,49,66,66,66,53,53,53,68,67,36,36,71,47,47,47,46,61,49],"gold":94,"neow_bonus":"BOSS_RELIC","is_daily":false,"chose_seed":false,"campfire_upgraded":7,"win_rate":0.0,"timestamp":1612289764,"path_taken":["M","M","?","M","?","E","R","E","T","$","E","M","R","?","R","BOSS","M","?","M","$","M","R","E","R","T","R","?","E","?","E","R","BOSS","M","?","?","?","M","R","E","M","T","R","?","$","?","E","R","BOSS"],"items_purchased_type":["Relic","Card","Relic","Relic"],"build_version":"2020-12-22","purchased_purges":2,"victory":true,"max_hp_per_floor":[71,71,71,71,71,71,71,71,71,71,71,71,71,71,71,71,71,71,71,71,71,71,71,71,71,71,71,71,71,71,71,71,71,71,71,71,71,71,71,71,71,71,71,71,71,71,71,71,71,71],"relic_stats":{"Darkstone Periapt":0,"Regal Pillow":0,"Happy Flower":[10],"counters":[24,140],"Blue Candle":[0],"Astrolabe":["Redo","Electrodynamics","Leap"],"CeramicFish":72,"Eternal Feather":91,"Bag of Preparation":[38],"Boot":[27],"Blood Vial":2,"Dream Catcher":1,"Shuriken":[4],"Snecko Eye":[118,106,106,123],"Art of War":[9],"obtain_stats":[{"Darkstone Periapt":24,"Regal Pillow":41,"Happy Flower":46,"SacredBark":0,"Blue Candle":6,"Astrolabe":17,"CeramicFish":29,"Eternal Feather":9,"Bag of Preparation":10,"Boot":38,"Blood Vial":48,"Anchor":19,"Dream Catcher":31,"Shuriken":43,"Snecko Eye":34,"Molten Egg 2":11,"Art of War":46,"Bottled Lightning":8,"Cracked Core":0},{"Darkstone Periapt":12,"Regal Pillow":19,"Happy Flower":21,"SacredBark":0,"Blue Candle":4,"Astrolabe":8,"CeramicFish":13,"Eternal Feather":5,"Bag of Preparation":5,"Boot":17,"Blood Vial":23,"Anchor":9,"Dream Catcher":15,"Shuriken":20,"Snecko Eye":16,"Molten Egg 2":6,"Art of War":21,"Bottled Lightning":5,"Cracked Core":0},{"Darkstone Periapt":54,"Regal Pillow":94,"Happy Flower":109,"SacredBark":0,"Blue Candle":15,"Astrolabe":38,"CeramicFish":58,"Eternal Feather":22,"Bag of Preparation":22,"Boot":82,"Blood Vial":126,"Anchor":43,"Dream Catcher":68,"Shuriken":104,"Snecko Eye":78,"Molten Egg 2":30,"Art of War":109,"Bottled Lightning":22,"Cracked Core":0}]},"card_choices":[{"not_picked":["Beam Cell","Steam"],"picked":"Compile Driver","floor":1},{"not_picked":["Beam Cell","Self Repair"],"picked":"Chaos","floor":2},{"not_picked":["Static Discharge","Redo"],"picked":"Defragment","floor":4},{"not_picked":["All For One","Rebound"],"picked":"Turbo","floor":6},{"not_picked":["Streamline","Scrape"],"picked":"Go for the Eyes","floor":8},{"not_picked":["Coolheaded","Tempest"],"picked":"Sweeping Beam+1","floor":11},{"not_picked":["Go for the Eyes+1","Chill"],"picked":"Ball Lightning+1","floor":12},{"not_picked":["Thunder Strike+1","Fission"],"picked":"Buffer","floor":16},{"not_picked":["Streamline+1","Conserve Battery"],"picked":"Hologram+1","floor":18},{"not_picked":["Loop","FTL+1"],"picked":"Doom and Gloom+1","floor":20},{"not_picked":["Compile Driver+1","Aggregate"],"picked":"Leap+1","floor":22},{"not_picked":["Chaos","Gash+1"],"picked":"Core Surge+1","floor":24},{"not_picked":["Heatsinks","Stack"],"picked":"Coolheaded","floor":29},{"not_picked":["Redo","Leap+1","Stack"],"picked":"SKIP","floor":30},{"not_picked":["Hologram","Turbo"],"picked":"Capacitor","floor":31},{"not_picked":["Thunder Strike+1","Biased Cognition"],"picked":"Echo Form","floor":33},{"not_picked":["Leap","Ball Lightning+1"],"picked":"Undo+1","floor":35},{"not_picked":["Compile Driver+1","Redo","Go for the Eyes+1"],"picked":"SKIP","floor":39},{"not_picked":["Barrage+1","Darkness"],"picked":"Coolheaded","floor":41},{"not_picked":["Beam Cell+1","Rip and Tear+1","Gash+1"],"picked":"SKIP","floor":42},{"not_picked":["Chill","Steam"],"picked":"Darkness+1","floor":45},{"not_picked":["Coolheaded","Core Surge+1","Sweeping Beam+1"],"picked":"SKIP","floor":47},{"not_picked":["Blizzard+1","Biased Cognition","Sweeping Beam+1"],"picked":"SKIP","floor":48}],"player_experience":690494,"relics_obtained":[{"floor":6,"key":"Blue Candle"},{"floor":8,"key":"Bottled Lightning"},{"floor":9,"key":"Eternal Feather"},{"floor":11,"key":"Molten Egg 2"},{"floor":24,"key":"Darkstone Periapt"},{"floor":29,"key":"CeramicFish"},{"floor":31,"key":"Dream Catcher"},{"floor":38,"key":"Boot"},{"floor":41,"key":"Regal Pillow"},{"floor":43,"key":"Shuriken"},{"floor":48,"key":"Blood Vial"}],"event_choices":[{"damage_healed":0,"gold_gain":0,"player_choice":"Entered Light","damage_taken":21,"max_hp_gain":0,"max_hp_loss":0,"event_name":"Shining Light","floor":3,"gold_loss":0,"cards_upgraded":["Chaos","Compile Driver"]},{"damage_healed":0,"gold_gain":0,"player_choice":"Ignored","damage_taken":0,"max_hp_gain":0,"max_hp_loss":0,"event_name":"Liars Game","floor":5,"gold_loss":0},{"cards_removed":["Strike_B"],"damage_healed":0,"gold_gain":0,"player_choice":"Forget","damage_taken":0,"max_hp_gain":0,"max_hp_loss":0,"event_name":"Living Wall","floor":14,"gold_loss":0},{"damage_healed":0,"gold_gain":0,"player_choice":"Opened","damage_taken":0,"relics_obtained":["Anchor"],"max_hp_gain":0,"max_hp_loss":0,"event_name":"The Mausoleum","floor":19,"gold_loss":0,"cards_obtained":["Writhe"]},{"damage_healed":0,"gold_gain":0,"player_choice":"Bought 2 Potions","damage_taken":0,"max_hp_gain":0,"max_hp_loss":0,"event_name":"The Woman in Blue","floor":28,"gold_loss":0},{"cards_removed":["Leap"],"damage_healed":0,"gold_gain":0,"player_choice":"Removed Skill","damage_taken":0,"max_hp_gain":0,"max_hp_loss":0,"event_name":"Falling","floor":36,"gold_loss":0},{"damage_healed":0,"gold_gain":0,"player_choice":"Embrace Madness","damage_taken":13,"max_hp_gain":0,"max_hp_loss":0,"event_name":"Winding Halls","floor":37,"gold_loss":0,"cards_obtained":["Madness","Madness"]}],"is_beta":false,"boss_relics":[{"not_picked":["Coffee Dripper","Black Star"],"picked":"Astrolabe"},{"not_picked":["Tiny House","Calling Bell"],"picked":"Snecko Eye"}],"items_purged_floors":[21,46],"is_endless":false,"potions_floor_spawned":[2,8,11,16,18,30,31,35,41,45],"ascension_level":15}}