{"host":"e1hsr9gtjq2d74pi","time":1612240595,"event":{"mods":["Act Like it!","BaseMod","Beaked The Cultist","Bestiary","BetterRewards","Clockwork Mod","Conspire","Downfall","Hermit","Hero for Fun","Hubris","Marisa????????","Minty Spire (QoL Compilation)","Robot Space Explorer","Shop Mod","Spicy Shops","Spire Arcade","StSLib","The Animator","The Construct","The Cursed","The Saiyan","The Servant 0.9.4","UnlockEverythingMod"],"gold_per_floor":[93,18,18,31,47,72,72,83,83,118,118,135,152,180,180,180,180],"floor_reached":16,"language":"ENG","playtime":749,"items_purged":["Saiyan:SAIYA_Strike"],"score":147,"play_id":"5dd00f18-8727-4062-adfc-6237a709efa0","local_time":"20210201203635","is_ascension_mode":false,"campfire_choices":[{"data":"Saiyan:SpiritSword","floor":7,"key":"SMITH"},{"data":"Saiyan:DragonFist","floor":11,"key":"SMITH"},{"floor":15,"key":"REST"}],"circlet_count":0,"master_deck":["Saiyan:SAIYA_Strike","Saiyan:SAIYA_Strike","Saiyan:SAIYA_Strike","Saiyan:SAIYA_Defend","Saiyan:SAIYA_Defend","Saiyan:SAIYA_Defend","Saiyan:SAIYA_Defend","Saiyan:EnergyBlast","Saiyan:KaioKen","Saiyan:RuthlessBlow","Saiyan:BackAttack","Saiyan:MeteorDash","Saiyan:SpiritSword+1","Saiyan:DragonFist+1","Saiyan:DrainingStrike","Saiyan:ExpandingShockwave"],"relics":["SaiyanSoul","SaiyanHeart","conspire:Dentures","hubris:TenFootPole","Akabeko","MealTicket"],"acts_visited":["Exordium"],"potions_floor_usage":[6,10,16],"damage_taken":[{"damage":0,"enemies":"Small Slimes","floor":1,"turns":2},{"damage":1,"enemies":"conspire:RoseBush","floor":4,"turns":4},{"damage":0,"enemies":"Cultist","floor":5,"turns":3},{"damage":23,"enemies":"3 Sentries","floor":6,"turns":10},{"damage":0,"enemies":"2 Fungi Beasts","floor":8,"turns":2},{"damage":18,"enemies":"Lagavulin","floor":10,"turns":6},{"damage":3,"enemies":"Looter","floor":12,"turns":2},{"damage":0,"enemies":"Exordium Wildlife","floor":13,"turns":2},{"damage":10,"enemies":"Gremlin Nob","floor":14,"turns":3},{"damage":27,"enemies":"Slime Boss","floor":16,"turns":6}],"seed_played":"8272398865282186374","potions_obtained":[{"floor":5,"key":"SneckoOil"},{"floor":8,"key":"Explosive Potion"},{"floor":13,"key":"Fire Potion"}],"is_trial":false,"path_per_floor":["M","$","?","M","M","E","R","M","T","E","R","M","M","E","R","B"],"character_chosen":"SAIYAJIN","items_purchased":[],"campfire_rested":1,"item_purchase_floors":[],"current_hp_per_floor":[68,68,50,50,51,28,28,29,29,12,12,9,11,2,24,0,0],"gold":180,"neow_bonus":"TEN_PERCENT_HP_BONUS","is_daily":false,"chose_seed":false,"campfire_upgraded":2,"win_rate":0.0,"timestamp":1612240595,"path_taken":["M","$","?","M","M","E","R","M","T","E","R","M","M","E","R","BOSS"],"items_purchased_type":[],"build_version":"2020-12-22","purchased_purges":1,"victory":false,"max_hp_per_floor":[68,68,68,69,70,70,70,71,71,72,72,72,74,75,75,76,76],"card_choices":[{"not_picked":["Saiyan:Pacing","Saiyan:ThirstForFight"],"picked":"Saiyan:BackAttack","floor":1},{"not_picked":["Saiyan:BackAttack","Saiyan:UltraInstinct"],"picked":"Saiyan:MeteorDash","floor":4},{"not_picked":["Saiyan:DoubleMasenko","Saiyan:PlotArmor"],"picked":"Saiyan:SpiritSword","floor":5},{"not_picked":["Saiyan:SpiritSword","Saiyan:Planning","Saiyan:SaiyanHubris"],"picked":"SKIP","floor":6},{"not_picked":["Saiyan:LastResort","Saiyan:Quickening","Saiyan:RemoveWeights"],"picked":"SKIP","floor":8},{"not_picked":["Saiyan:FingerParry","Saiyan:Twize"],"picked":"Saiyan:DragonFist","floor":10},{"not_picked":["Saiyan:PowerPole","Saiyan:Expend","Saiyan:BackAttack"],"picked":"SKIP","floor":12},{"not_picked":["Saiyan:HyperTimeChamber","Saiyan:Scouter"],"picked":"Saiyan:DrainingStrike","floor":13},{"not_picked":["Saiyan:SaiyanHubris","Saiyan:GenkiDama"],"picked":"Saiyan:ExpandingShockwave","floor":14}],"player_experience":472104,"relics_obtained":[{"floor":6,"key":"hubris:TenFootPole"},{"floor":10,"key":"Akabeko"},{"floor":14,"key":"MealTicket"}],"event_choices":[{"damage_healed":0,"gold_gain":0,"player_choice":"Success","damage_taken":18,"relics_obtained":["conspire:Dentures"],"max_hp_gain":0,"max_hp_loss":0,"event_name":"Scrap Ooze","floor":3,"gold_loss":0}],"is_beta":false,"boss_relics":[],"items_purged_floors":[2],"is_endless":false,"potions_floor_spawned":[5,8,13],"killed_by":"Slime Boss","ascension_level":0}}