{"host":"6bsan6hkua32tfq7","time":1612239724,"event":{"mods":["BaseMod","Better Third Choice","Colored Map","Highlight Path","Minty Spire (QoL Compilation)","StSLib"],"gold_per_floor":[113,38,53,53,53,53,73,100,100,120,120,120,138,170,170,242,242,258,258,284,334,234,234,250,261,288,288,120,153,165,177,189,275,287,317,378,390,402,461,500,512,540,623,270,284,284,304,324,324,324,324],"floor_reached":50,"language":"ENG","playtime":1701,"items_purged":["Defend_P","Strike_P","Writhe"],"score":1017,"play_id":"5d77eeec-6925-431e-a75b-1491a6ab5c42","local_time":"20210202052204","is_ascension_mode":true,"campfire_choices":[{"data":"Eruption","floor":6,"key":"SMITH"},{"data":"Vault","floor":11,"key":"SMITH"},{"data":"WindmillStrike","floor":15,"key":"SMITH"},{"data":"Establishment","floor":23,"key":"SMITH"},{"data":"BattleHymn","floor":27,"key":"SMITH"},{"floor":32,"key":"REST"},{"floor":41,"key":"REST"},{"floor":46,"key":"REST"},{"floor":49,"key":"RECALL"}],"circlet_count":0,"master_deck":["AscendersBane","Strike_P+1","Defend_P+1","Defend_P+1","Defend_P","Vigilance","Consecrate+1","Vault+1","FearNoEvil+1","Crescendo+1","BattleHymn+1","FlurryOfBlows+1","WindmillStrike+1","LessonLearned+1","Establishment+1","Blasphemy+1","LikeWater+1"],"relics":["PureWater","NeowsBlessing","Gremlin Horn","Pear","Singing Bowl","Snecko Eye","Red Mask","Regal Pillow","Medical Kit","MawBank","Tiny Chest","Fusion Hammer","Turnip","InkBottle","Bottled Flame","Bronze Scales"],"acts_visited":["Exordium","TheCity","TheBeyond"],"potions_floor_usage":[8,24,42,47],"damage_taken":[{"damage":0,"enemies":"Cultist","floor":1,"turns":1},{"damage":0,"enemies":"2 Louse","floor":3,"turns":1},{"damage":0,"enemies":"Small Slimes","floor":7,"turns":1},{"damage":10,"enemies":"Lagavulin","floor":8,"turns":4},{"damage":6,"enemies":"Red Slaver","floor":10,"turns":3},{"damage":7,"enemies":"Large Slime","floor":13,"turns":3},{"damage":2,"enemies":"3 Sentries","floor":14,"turns":3},{"damage":19,"enemies":"Hexaghost","floor":16,"turns":7},{"damage":11,"enemies":"Spheric Guardian","floor":18,"turns":3},{"damage":0,"enemies":"Masked Bandits","floor":20,"turns":3},{"damage":0,"enemies":"2 Thieves","floor":24,"turns":3},{"damage":5,"enemies":"3 Cultists","floor":25,"turns":5},{"damage":34,"enemies":"Gremlin Leader","floor":29,"turns":5},{"damage":30,"enemies":"Automaton","floor":33,"turns":7},{"damage":0,"enemies":"Orb Walker","floor":35,"turns":3},{"damage":32,"enemies":"2 Orb Walkers","floor":36,"turns":4},{"damage":8,"enemies":"Nemesis","floor":40,"turns":6},{"damage":31,"enemies":"3 Darklings","floor":42,"turns":4},{"damage":22,"enemies":"4 Shapes","floor":45,"turns":7},{"damage":1,"enemies":"Sphere and 2 Shapes","floor":47,"turns":3},{"damage":22,"enemies":"Jaw Worm Horde","floor":48,"turns":2},{"damage":109,"enemies":"Time Eater","floor":50,"turns":7}],"seed_played":"-4739327460763018033","potions_obtained":[{"floor":7,"key":"Strength Potion"},{"floor":8,"key":"GamblersBrew"},{"floor":13,"key":"DuplicationPotion"},{"floor":35,"key":"FairyPotion"},{"floor":42,"key":"Explosive Potion"},{"floor":45,"key":"DuplicationPotion"}],"is_trial":false,"path_per_floor":["M","$","M","?","?","R","M","E","T","M","R","?","M","E","R","B",null,"M","?","?","?","$","R","M","M","T","R","$","E","?","$","R","B",null,"M","?","?","?","T","E","R","M","T","$","M","R","M","M","R","B"],"character_chosen":"WATCHER","items_purchased":["Medical Kit","LikeWater","Bronze Scales"],"campfire_rested":3,"item_purchase_floors":[28,44,44],"current_hp_per_floor":[61,61,61,61,61,61,61,51,61,55,55,55,48,46,46,27,65,56,56,58,58,58,58,60,57,57,57,57,25,25,25,66,36,75,77,47,47,47,47,41,82,53,53,53,33,75,76,56,56,0,0],"gold":324,"neow_bonus":"THREE_ENEMY_KILL","is_daily":false,"chose_seed":false,"campfire_upgraded":5,"win_rate":0.0,"timestamp":1612239724,"path_taken":["M","$","?","?","?","R","?","E","T","M","R","?","M","E","R","BOSS","M","?","?","?","$","R","M","M","T","R","$","E","?","$","R","BOSS","M","?","?","?","?","E","R","M","T","$","M","R","M","?","R","BOSS"],"items_purchased_type":["Relic","Card","Relic"],"build_version":"2020-12-22","purchased_purges":3,"victory":false,"max_hp_per_floor":[68,68,68,68,68,68,68,68,78,78,78,78,78,78,78,78,78,80,80,82,82,82,82,84,86,86,86,86,88,88,88,88,88,88,90,92,87,87,87,89,89,91,91,91,93,93,95,97,97,97,97],"card_choices":[{"not_picked":["ClearTheMind","SashWhip"],"picked":"Consecrate","floor":1},{"not_picked":["EmptyFist","Prostrate"],"picked":"Vault","floor":3},{"not_picked":["JustLucky","ThirdEye"],"picked":"Crescendo","floor":7},{"not_picked":["DeceiveReality","Prostrate"],"picked":"BattleHymn","floor":8},{"not_picked":["ClearTheMind","CarveReality"],"picked":"FlurryOfBlows","floor":10},{"not_picked":["ThirdEye","Swivel"],"picked":"WindmillStrike","floor":13},{"not_picked":["FlurryOfBlows","CrushJoints"],"picked":"LessonLearned","floor":14},{"not_picked":["Judgement","Alpha"],"picked":"Establishment","floor":16},{"not_picked":["BattleHymn","Evaluate+1","Study"],"picked":"Singing Bowl","floor":18},{"not_picked":["ThirdEye","Consecrate","Indignation+1"],"picked":"Singing Bowl","floor":20},{"not_picked":["EmptyFist","Swivel","MentalFortress"],"picked":"Singing Bowl","floor":24},{"not_picked":["Wallop","Tantrum+1","Crescendo"],"picked":"Singing Bowl","floor":25},{"not_picked":["Judgement","FlyingSleeves","PathToVictory"],"picked":"Singing Bowl","floor":29},{"not_picked":["LessonLearned","ConjureBlade"],"picked":"Blasphemy","floor":33},{"not_picked":["CrushJoints","FlurryOfBlows+1","FlyingSleeves"],"picked":"Singing Bowl","floor":35},{"not_picked":["Crescendo","FollowUp+1","BowlingBash"],"picked":"Singing Bowl","floor":36},{"not_picked":["PathToVictory","WindmillStrike+1","LikeWater"],"picked":"Singing Bowl","floor":40},{"not_picked":["Halt","ThirdEye","BowlingBash"],"picked":"Singing Bowl","floor":42},{"not_picked":["Indignation","FlyingSleeves","CutThroughFate"],"picked":"Singing Bowl","floor":45},{"not_picked":["EmptyMind+1","ThirdEye","DeceiveReality"],"picked":"Singing Bowl","floor":47},{"not_picked":["CutThroughFate","Adaptation","SashWhip"],"picked":"Singing Bowl","floor":48}],"player_experience":5366199,"relics_obtained":[{"floor":8,"key":"Gremlin Horn"},{"floor":9,"key":"Pear"},{"floor":14,"key":"Singing Bowl"},{"floor":20,"key":"Red Mask"},{"floor":26,"key":"Regal Pillow"},{"floor":29,"key":"MawBank"},{"floor":36,"key":"Turnip"},{"floor":40,"key":"InkBottle"},{"floor":43,"key":"Bottled Flame"}],"event_choices":[{"damage_healed":0,"gold_gain":0,"player_choice":"Ignored","damage_taken":53,"max_hp_gain":0,"max_hp_loss":0,"event_name":"betterThird:BetterSerpent","floor":4,"gold_loss":0},{"damage_healed":0,"gold_gain":0,"cards_transformed":["Strike_P"],"player_choice":"Transformed","damage_taken":0,"max_hp_gain":0,"max_hp_loss":0,"event_name":"Transmorgrifier","floor":5,"gold_loss":0,"cards_obtained":["FearNoEvil"]},{"cards_removed":["Strike_P"],"damage_healed":0,"gold_gain":0,"player_choice":"Forget","damage_taken":0,"max_hp_gain":0,"max_hp_loss":0,"event_name":"Living Wall","floor":12,"gold_loss":0},{"damage_healed":0,"gold_gain":0,"player_choice":"Ignored","damage_taken":0,"max_hp_gain":0,"max_hp_loss":0,"event_name":"Vampires","floor":19,"gold_loss":0},{"damage_healed":0,"gold_gain":0,"player_choice":"Fought Bandits","damage_taken":0,"max_hp_gain":0,"max_hp_loss":0,"event_name":"Masked Bandits","floor":20,"gold_loss":0},{"damage_healed":0,"gold_gain":50,"player_choice":"Steal","damage_taken":0,"max_hp_gain":0,"max_hp_loss":0,"event_name":"betterThird:BetterNest","floor":21,"gold_loss":0},{"damage_healed":0,"gold_gain":0,"player_choice":"Opened","damage_taken":0,"relics_obtained":["Tiny Chest"],"max_hp_gain":0,"max_hp_loss":0,"event_name":"The Mausoleum","floor":30,"gold_loss":0,"cards_obtained":["Writhe"]},{"damage_healed":0,"gold_gain":0,"player_choice":"Fight","damage_taken":0,"max_hp_gain":0,"max_hp_loss":0,"event_name":"Mysterious Sphere","floor":36,"gold_loss":0},{"damage_healed":0,"gold_gain":0,"player_choice":"Max HP","damage_taken":0,"max_hp_gain":0,"max_hp_loss":5,"event_name":"Winding Halls","floor":37,"gold_loss":0},{"cards_removed":["Eruption"],"damage_healed":0,"gold_gain":0,"player_choice":"Removed Attack","damage_taken":0,"max_hp_gain":0,"max_hp_loss":0,"event_name":"Falling","floor":38,"gold_loss":0}],"is_beta":false,"boss_relics":[{"not_picked":["Coffee Dripper","Calling Bell"],"picked":"Snecko Eye"},{"not_picked":["Tiny House","VioletLotus"],"picked":"Fusion Hammer"}],"items_purged_floors":[2,22,44],"is_endless":false,"potions_floor_spawned":[7,8,13,16,20,35,42,45],"killed_by":"Time Eater","ascension_level":20}}