{"host":"vyjryxuuuxkt43k4","time":1612275295,"event":{"mods":["AchievementEnabler","BaseMod","Colored Map","DeckTracker","Keyboard Shortcuts","Minty Spire (QoL Compilation)","Permanent Neow","Quick Restart","Rare Cards Sparkle","Relic Stats","StSLib","SuperFastMode","everything is the same but u backflip on backflip"],"gold_per_floor":[119,119,129,147,17,17,30,30,55,55,55,79,79,29,29,111,111,60,102,102,123,123,123,162,189,249,274,274,199,221,240,240,240,240],"floor_reached":33,"language":"KOR","playtime":1804,"items_purged":["Strike_G"],"score":463,"play_id":"62c85393-7400-40d4-a79f-d62965f26108","local_time":"20210202231455","is_ascension_mode":true,"campfire_choices":[{"data":"Venomology","floor":6.0,"key":"SMITH"},{"data":"Footwork","floor":8.0,"key":"SMITH"},{"data":"Neutralize","floor":11.0,"key":"SMITH"},{"data":"Poisoned Stab","floor":15.0,"key":"SMITH"},{"floor":23.0,"key":"REST"},{"floor":28,"key":"REST"},{"floor":32,"key":"REST"}],"circlet_count":0,"master_deck":["AscendersBane","Strike_G","Strike_G","Defend_G","Defend_G","Defend_G","Defend_G+1","Defend_G+1","Survivor","Neutralize+1","Venomology+1","Flying Knee","Escape Plan","Dodge and Roll","Footwork+1","Acrobatics","Backflip","Terror","Poisoned Stab+1","Adrenaline","Bouncing Flask","Well Laid Plans","Dodge and Roll+1","Concentrate","PiercingWail+1","Blur","Heel Hook","Underhanded Strike"],"relics":["Ring of the Snake","CeramicFish","Cursed Key","Red Mask","Pen Nib","Akabeko"],"acts_visited":["Exordium","TheCity"],"potions_floor_usage":[27,30,31,33,33],"damage_taken":[{"damage":2.0,"enemies":"Jaw Worm","floor":1.0,"turns":6.0},{"damage":0.0,"enemies":"Cultist","floor":3.0,"turns":4.0},{"damage":0.0,"enemies":"2 Louse","floor":4.0,"turns":5.0},{"damage":0.0,"enemies":"Large Slime","floor":7.0,"turns":8.0},{"damage":4.0,"enemies":"Looter","floor":12.0,"turns":5.0},{"damage":10.0,"enemies":"Hexaghost","floor":16.0,"turns":10.0},{"damage":14.0,"enemies":"2 Thieves","floor":18.0,"turns":4.0},{"damage":18.0,"enemies":"Masked Bandits","floor":19.0,"turns":4.0},{"damage":6.0,"enemies":"3 Byrds","floor":21.0,"turns":7.0},{"damage":0.0,"enemies":"Snake Plant","floor":22.0,"turns":1.0},{"damage":10.0,"enemies":"Slavers","floor":24.0,"turns":8.0},{"damage":1.0,"enemies":"Centurion and Healer","floor":25.0,"turns":8.0},{"damage":13,"enemies":"Shelled Parasite and Fungi","floor":27,"turns":8},{"damage":6,"enemies":"Cultist and Chosen","floor":30,"turns":10},{"damage":10,"enemies":"Sentry and Sphere","floor":31,"turns":6},{"damage":65,"enemies":"Collector","floor":33,"turns":6}],"seed_played":"-4160639152479439842","potions_obtained":[{"floor":1.0,"key":"SteroidPotion"},{"floor":4.0,"key":"Poison Potion"},{"floor":7.0,"key":"Ancient Potion"},{"floor":19.0,"key":"Regen Potion"},{"floor":21.0,"key":"SmokeBomb"},{"floor":24.0,"key":"PowerPotion"},{"floor":27,"key":"Dexterity Potion"}],"is_trial":false,"path_per_floor":["M","?","M","M","$","R","M","R","T","?","R","M","?","$","R","B",null,"M","?","?","M","M","R","E","M","T","M","R","?","M","M","R","B"],"character_chosen":"THE_SILENT","items_purchased":["Acrobatics","Poisoned Stab"],"campfire_rested":3,"item_purchase_floors":[5,14],"current_hp_per_floor":[57,57,57,57,57,57,57,57,57,57,57,53,33,33,33,23,55,41,23,5,14,14,35,25,24,24,11,32,32,26,16,37,0,0],"gold":240,"neow_bonus":"ONE_RANDOM_RARE_CARD","is_daily":false,"chose_seed":false,"campfire_upgraded":4,"win_rate":0.0,"timestamp":1612275295,"path_taken":["M","?","M","M","$","R","M","R","T","?","R","?","?","$","R","BOSS","M","?","?","M","M","R","E","M","T","M","R","?","M","M","R","BOSS"],"items_purchased_type":["Card","Card"],"build_version":"2020-12-22","purchased_purges":1,"victory":false,"max_hp_per_floor":[66,66,66,66,66,66,66,66,66,66,66,66,66,66,66,66,66,66,66,71,71,71,71,71,71,71,71,71,71,71,71,71,71,71],"relic_stats":{"counters":[16,100],"CeramicFish":108,"Pen Nib":[4],"Cursed Key":1,"obtain_stats":[{"CeramicFish":9,"Pen Nib":24,"Red Mask":19,"Cursed Key":17,"Akabeko":26,"Ring of the Snake":0},{"CeramicFish":4,"Pen Nib":11,"Red Mask":8,"Cursed Key":6,"Akabeko":12,"Ring of the Snake":0},{"CeramicFish":23,"Pen Nib":62,"Red Mask":46,"Cursed Key":38,"Akabeko":70,"Ring of the Snake":0}],"Ring of the Snake":[32]},"card_choices":[{"not_picked":["Prepared","Concentrate"],"picked":"Flying Knee","floor":1.0},{"not_picked":["Flying Knee","Expertise"],"picked":"Dodge and Roll","floor":3.0},{"not_picked":["Blur","Terror"],"picked":"Footwork","floor":4.0},{"not_picked":["Riddle With Holes","Sucker Punch"],"picked":"Backflip","floor":7.0},{"not_picked":["Outmaneuver","PiercingWail"],"picked":"Terror","floor":12.0},{"not_picked":["Die Die Die","Doppelganger"],"picked":"Adrenaline","floor":16.0},{"not_picked":["Caltrops","Flying Knee"],"picked":"Bouncing Flask","floor":18.0},{"not_picked":["PiercingWail","Distraction"],"picked":"Well Laid Plans","floor":19.0},{"not_picked":["Underhanded Strike","Deadly Poison"],"picked":"Dodge and Roll+1","floor":21.0},{"not_picked":["Endless Agony","Accuracy+1"],"picked":"Concentrate","floor":24.0},{"not_picked":["Deflect","Backflip"],"picked":"PiercingWail+1","floor":25.0},{"not_picked":["Dagger Throw+1","PiercingWail"],"picked":"Blur","floor":27},{"not_picked":["Acrobatics","Unload"],"picked":"Heel Hook","floor":30},{"not_picked":["Dagger Spray","Bane"],"picked":"Underhanded Strike","floor":31}],"player_experience":630543,"relics_obtained":[{"floor":9.0,"key":"CeramicFish"},{"floor":19.0,"key":"Red Mask"},{"floor":24.0,"key":"Pen Nib"},{"floor":26.0,"key":"Akabeko"}],"event_choices":[{"damage_healed":0.0,"max_hp_gain":0.0,"max_hp_loss":0.0,"gold_gain":0.0,"cards_transformed":["Strike_G"],"event_name":"Living Wall","player_choice":"Change","floor":2.0,"gold_loss":0.0,"damage_taken":0.0,"cards_obtained":["Escape Plan"]},{"cards_removed":["Strike_G"],"damage_healed":0.0,"max_hp_gain":0.0,"max_hp_loss":0.0,"gold_gain":0.0,"event_name":"Bonfire Elementals","player_choice":"Offered Basic","floor":10.0,"gold_loss":0.0,"damage_taken":0.0},{"damage_healed":0.0,"max_hp_gain":0.0,"max_hp_loss":0.0,"gold_gain":0.0,"event_name":"Shining Light","player_choice":"Entered Light","floor":13.0,"gold_loss":0.0,"damage_taken":20.0,"cards_upgraded":["Defend_G","Defend_G"]},{"damage_healed":0.0,"max_hp_gain":0.0,"max_hp_loss":0.0,"gold_gain":0.0,"event_name":"Masked Bandits","player_choice":"Fought Bandits","floor":19.0,"gold_loss":0.0,"damage_taken":0.0},{"damage_healed":0.0,"max_hp_gain":5.0,"max_hp_loss":0.0,"gold_gain":0.0,"event_name":"Forgotten Altar","player_choice":"Shed Blood","floor":20.0,"gold_loss":0.0,"damage_taken":23.0},{"cards_removed":["Doubt"],"damage_healed":0,"gold_gain":0,"player_choice":"Gave Gold","damage_taken":0,"max_hp_gain":0,"max_hp_loss":0,"event_name":"Beggar","floor":29,"gold_loss":75}],"is_beta":false,"boss_relics":[{"not_picked":["Sozu","Ring of the Serpent"],"picked":"Cursed Key"}],"items_purged_floors":[5],"is_endless":false,"potions_floor_spawned":[1,4,7,19,21,24,27],"killed_by":"Collector","ascension_level":16}}