{"host":"3tyeyqdkopu0dn2g","time":1612255158,"event":{"mods":["AchievementEnabler","BaseMod","BetterRewards","Minty Spire (QoL Compilation)","Quick Restart","Shop Mod","noobMod"],"gold_per_floor":[118,133,147,147,71,104,104,115,115,115,67,83,115,132,132,230,230,244,87,102,122,122,447,474,508,508,521,521,521,536,411,411,515,515,525,543,558,576,593,627,627,477,477,54,54,88,103,134,134,134,134,134,134,160,160],"floor_reached":56,"language":"ZHS","playtime":2697,"items_purged":["Strike_B","Strike_B","Strike_B","Defend_B","Defend_B"],"score":2145,"play_id":"162be470-9e37-4eb1-8fea-371a79587c83","local_time":"20210202163918","is_ascension_mode":true,"campfire_choices":[{"data":"Zap","floor":7,"key":"SMITH"},{"data":"Dualcast","floor":10,"key":"SMITH"},{"data":"Coolheaded","floor":15,"key":"SMITH"},{"data":"Defragment","floor":28,"key":"SMITH"},{"data":"Buffer","floor":32,"key":"SMITH"},{"floor":41,"key":"RECALL"},{"data":"Skim","floor":49,"key":"SMITH"},{"data":"Reinforced Body","floor":52,"key":"SMITH"}],"circlet_count":0,"master_deck":["Defend_B","Defend_B","Zap+1","Dualcast+1","Doom and Gloom","Reinforced Body+1","Skim+1","Ball Lightning+1","Coolheaded+1","Cold Snap+1","Buffer+1","Defragment+1","Sunder+1","Defragment+1"],"relics":["Cracked Core","ice","Chemical X","Medical Kit","Molten Egg 2","Eternal Feather","Ornamental Fan","SacredBark","Old Coin","Boot","Dead Branch","Runic Pyramid","Dream Catcher","Art of War","Mummified Hand","Juzu Bracelet","MealTicket","DataDisk"],"acts_visited":["Exordium","TheCity","TheBeyond","TheEnding"],"potions_floor_usage":[16,16,21,25,46,55],"damage_taken":[{"damage":1.0,"enemies":"Cultist","floor":1.0,"turns":3.0},{"damage":0,"enemies":"2 Louse","floor":2,"turns":1},{"damage":2,"enemies":"Jaw Worm","floor":3,"turns":4},{"damage":26,"enemies":"Lagavulin","floor":6,"turns":8},{"damage":0,"enemies":"Large Slime","floor":8,"turns":5},{"damage":11,"enemies":"Looter","floor":12,"turns":2},{"damage":0,"enemies":"Gremlin Nob","floor":13,"turns":3},{"damage":4,"enemies":"Exordium Wildlife","floor":14,"turns":2},{"damage":0,"enemies":"Hexaghost","floor":16,"turns":7},{"damage":8,"enemies":"Shell Parasite","floor":18,"turns":6},{"damage":11,"enemies":"Spheric Guardian","floor":20,"turns":5},{"damage":37,"enemies":"Centurion and Healer","floor":21,"turns":8},{"damage":13,"enemies":"Gremlin Leader","floor":23,"turns":6},{"damage":54,"enemies":"Book of Stabbing","floor":25,"turns":5},{"damage":20,"enemies":"3 Cultists","floor":27,"turns":5},{"damage":6,"enemies":"Snake Plant","floor":30,"turns":2},{"damage":0,"enemies":"Automaton","floor":33,"turns":6},{"damage":3,"enemies":"Orb Walker","floor":35,"turns":2},{"damage":0,"enemies":"3 Darklings","floor":36,"turns":3},{"damage":8,"enemies":"Sphere and 2 Shapes","floor":37,"turns":3},{"damage":0,"enemies":"Jaw Worm Horde","floor":38,"turns":3},{"damage":22,"enemies":"4 Shapes","floor":39,"turns":3},{"damage":0,"enemies":"Reptomancer","floor":40,"turns":4},{"damage":0,"enemies":"Nemesis","floor":46,"turns":3},{"damage":0,"enemies":"Writhing Mass","floor":47,"turns":3},{"damage":0,"enemies":"Giant Head","floor":48,"turns":4},{"damage":0,"enemies":"Awakened One","floor":50,"turns":6},{"damage":0,"enemies":"Shield and Spear","floor":54,"turns":4},{"damage":6,"enemies":"The Heart","floor":55,"turns":7}],"seed_played":"-4955190483487191012","potions_obtained":[{"floor":6,"key":"CultistPotion"},{"floor":12,"key":"FocusPotion"},{"floor":18,"key":"ColorlessPotion"},{"floor":21,"key":"PowerPotion"},{"floor":25,"key":"Explosive Potion"},{"floor":33,"key":"Swift Potion"},{"floor":35,"key":"Energy Potion"},{"floor":47,"key":"DuplicationPotion"}],"is_trial":false,"path_per_floor":["M","M","M","?","$","E","R","M","T","R","$","M","E","M","R","B",null,"M","$","M","M","?","E","T","E","T","M","R","?","M","$","R","B",null,"M","M","M","M","M","E","R","$","T","$","?","E","M","E","R","B",null,"R","$","E","B",null],"character_chosen":"DEFECT","items_purchased":["Chemical X","Medical Kit","Skim","Coolheaded","Defragment","Sunder+1","Mummified Hand"],"campfire_rested":0,"item_purchase_floors":[0,0,5,11,19,19,44],"current_hp_per_floor":[58,58,56,56,56,30,30,30,30,36,36,25,25,21,27,27,75,67,67,56,19,19,75,75,21,21,94,94,94,88,88,97,97,102,99,99,91,91,69,69,78,78,78,78,78,78,78,78,84,84,125,125,125,125,119],"gold":160,"neow_bonus":"","is_daily":false,"chose_seed":false,"campfire_upgraded":7,"win_rate":0.0,"timestamp":1612255158,"path_taken":["M","M","M","?","$","E","R","M","T","R","$","M","E","M","R","BOSS","M","$","M","?","?","E","?","E","T","M","R","?","M","$","R","BOSS","M","M","M","M","M","E","R","$","T","$","?","E","M","E","R","BOSS","R","$","E","BOSS"],"items_purchased_type":["Relic","Relic","Card","Card","Card","Card","Relic"],"build_version":"2020-12-22","purchased_purges":5,"victory":true,"max_hp_per_floor":[75,75,75,75,75,75,75,75,75,75,75,75,75,75,75,75,75,75,75,75,75,75,78,78,88,88,94,94,94,97,97,97,102,102,103,106,109,111,115,118,118,118,118,118,112,115,117,118,118,125,125,125,125,134,217],"card_choices":[{"not_picked":["Go for the Eyes","Redo"],"picked":"Doom and Gloom","floor":1.0},{"not_picked":["Hologram","Sweeping Beam"],"picked":"Reinforced Body","floor":2},{"not_picked":["Sweeping Beam","Rebound","Steam"],"picked":"SKIP","floor":3},{"not_picked":["Self Repair","Barrage+1"],"picked":"Ball Lightning+1","floor":6},{"not_picked":["Rebound+1","Go for the Eyes+1","Fusion"],"picked":"SKIP","floor":8},{"not_picked":["Aggregate","FTL+1"],"picked":"Cold Snap+1","floor":12},{"not_picked":["Blizzard+1","Thunder Strike+1","Aggregate"],"picked":"SKIP","floor":13},{"not_picked":["Hologram","Gash+1","Ball Lightning+1"],"picked":"SKIP","floor":14},{"not_picked":["Electrodynamics","Biased Cognition"],"picked":"Buffer","floor":16},{"not_picked":["Conserve Battery","Aggregate","Skim"],"picked":"SKIP","floor":18},{"not_picked":["Genetic Algorithm","Leap+1","Redo"],"picked":"SKIP","floor":20},{"not_picked":["Streamline+1","Rebound+1","Genetic Algorithm"],"picked":"SKIP","floor":21},{"not_picked":["Sunder+1","Steam","Amplify"],"picked":"SKIP","floor":23},{"not_picked":["Leap","FTL+1","Consume+1"],"picked":"SKIP","floor":25},{"not_picked":["Blizzard+1","Steam","Hologram"],"picked":"SKIP","floor":27},{"not_picked":["Redo+1","Coolheaded+1","Compile Driver+1"],"picked":"SKIP","floor":30},{"not_picked":["Go for the Eyes+1","Leap+1","BootSequence"],"picked":"SKIP","floor":35},{"not_picked":["Steam","Glacier"],"picked":"Defragment+1","floor":36},{"not_picked":["Coolheaded+1","Scrape+1","Streamline+1"],"picked":"SKIP","floor":37},{"not_picked":["Steam+1","Static Discharge","Scrape+1"],"picked":"SKIP","floor":38},{"not_picked":["Hologram+1","Double Energy","Steam Power+1"],"picked":"SKIP","floor":39},{"not_picked":["Coolheaded","Sunder+1","Compile Driver+1"],"picked":"SKIP","floor":40},{"not_picked":["Streamline+1","Chill","Hyperbeam+1"],"picked":"SKIP","floor":46},{"not_picked":["White Noise","Leap","Gash+1"],"picked":"SKIP","floor":47},{"not_picked":["Recycle","Glacier+1","Coolheaded+1"],"picked":"SKIP","floor":48},{"not_picked":["Rip and Tear+1","Leap+1","Tempest"],"picked":"SKIP","floor":54}],"player_experience":157733,"relics_obtained":[{"floor":6,"key":"Molten Egg 2"},{"floor":9,"key":"Eternal Feather"},{"floor":13,"key":"Ornamental Fan"},{"floor":23,"key":"Old Coin"},{"floor":25,"key":"Boot"},{"floor":26,"key":"Dead Branch"},{"floor":40,"key":"Dream Catcher"},{"floor":43,"key":"Art of War"},{"floor":46,"key":"Juzu Bracelet"},{"floor":48,"key":"MealTicket"},{"floor":54,"key":"DataDisk"}],"event_choices":[{"damage_healed":0,"gold_gain":0,"player_choice":"Bought 0 Potions","damage_taken":0,"max_hp_gain":0,"max_hp_loss":0,"event_name":"The Woman in Blue","floor":4,"gold_loss":0},{"cards_removed":["Strike_B"],"damage_healed":0,"gold_gain":0,"player_choice":"Elegance","damage_taken":0,"max_hp_gain":0,"max_hp_loss":0,"event_name":"Back to Basics","floor":22,"gold_loss":0},{"damage_healed":0,"gold_gain":0,"player_choice":"Ignored","damage_taken":0,"max_hp_gain":0,"max_hp_loss":0,"event_name":"Vampires","floor":29,"gold_loss":0},{"damage_healed":0,"gold_gain":0,"player_choice":"Max HP","damage_taken":0,"max_hp_gain":0,"max_hp_loss":6,"event_name":"Winding Halls","floor":45,"gold_loss":0}],"is_beta":false,"boss_relics":[{"not_picked":["Ectoplasm","Runic Dome"],"picked":"SacredBark"},{"not_picked":["SlaversCollar","Tiny House"],"picked":"Runic Pyramid"}],"items_purged_floors":[0,0,31,42,44],"is_endless":false,"potions_floor_spawned":[6,12,18,21,25,33,35,38,40,47],"ascension_level":3}}