{"host":"pec1bvkeldr5yzx1","time":1612283595,"event":{"mods":["ATMod(°¢èªMod)","AchievementEnabler","Act Like it!","Aspiration","BaseMod","Better Altar","Better Match","Better Sensory Stone","Better Skull","Better Vampires","BetterRewards","Conspire","Dota2Spire","Energized Spire","Friendly Minions","GifTheSpireLib","Hubris","Minty Spire (QoL Compilation)","Replay The Spire","Spicy Shops","StSLib","Stuff the Spire","SuperFastMode","óô»ðÖ¸ÄÏ"],"gold_per_floor":[110,125,139,139,139,139,164,164,164,196,196,196,227,227,227,327,327,341,341,341,616,616,616],"floor_reached":22,"language":"ZHS","playtime":519,"items_purged":[],"score":268,"play_id":"c01cc716-5d07-4973-b2e0-ee740c47dfeb","local_time":"20210203003315","is_ascension_mode":true,"campfire_choices":[{"data":"AT_ThunderBolt","floor":6,"key":"SMITH"},{"floor":8,"key":"REST"},{"floor":11,"key":"REST"},{"floor":15,"key":"REST"}],"circlet_count":0,"master_deck":["conspire:GhostlyStrike","conspire:GhostlyStrike","conspire:GhostlyStrike","conspire:GhostlyStrike","conspire:GhostlyDefend","conspire:GhostlyDefend","conspire:GhostlyDefend","conspire:GhostlyDefend","Zap+1","Dualcast","AT_ThunderBolt+1","Pot Of Greed","BasicCrystalCard+1","Pot Of Greed","Doom and Gloom","Ball Lightning","Turbo+1","AT_WarpDrive","hubris:PowerSurge","Time Bomb","All For One","Cold Snap","Sweeping Beam","Creative AI","ReplayTheSpireMod:Dual Polarity+1","Regret","Pot Of Greed"],"relics":["Cracked Core","AT_ATBox","conspire:TreasureMap","Grinning Jar","Durian","DataDisk","Juzu Bracelet","hubris:FunFungus","Dota2Spire:MagicBottle","Dota2Spire:Bloodstone","Bloody Idol","StuffTheSpire:EmeraldSignet"],"acts_visited":["Exordium","TheCity"],"potions_floor_usage":[18,18,22],"damage_taken":[{"damage":2,"enemies":"Jaw Worm","floor":1,"turns":2},{"damage":0,"enemies":"Small Slimes","floor":2,"turns":1},{"damage":6,"enemies":"Cultist","floor":3,"turns":3},{"damage":29,"enemies":"Lagavulin","floor":7,"turns":6},{"damage":27,"enemies":"3 Sentries","floor":10,"turns":3},{"damage":10,"enemies":"Lagavulin","floor":13,"turns":3},{"damage":12,"enemies":"Fading Forest","floor":16,"turns":11},{"damage":20,"enemies":"Shell Parasite","floor":18,"turns":5},{"damage":29,"enemies":"3 Byrds","floor":22,"turns":2}],"seed_played":"2667157337692205165","potions_obtained":[{"floor":2,"key":"SkillPotion"},{"floor":7,"key":"PowerPotion"},{"floor":10,"key":"SkillPotion"}],"is_trial":false,"path_per_floor":["M","M","M","?","?","R","E","R","T","E","R","?","E","?","R","B",null,"M","?","?","?","M"],"character_chosen":"DEFECT","items_purchased":["conspire:TreasureMap","Grinning Jar","BasicCrystalCard+1","Doom and Gloom","Ball Lightning","Turbo"],"campfire_rested":3,"item_purchase_floors":[0,0,0,0,0,0],"current_hp_per_floor":[43,43,37,37,37,37,8,32,32,5,29,29,20,20,44,52,80,64,24,24,29,0,0],"gold":616,"neow_bonus":"","is_daily":false,"chose_seed":false,"campfire_upgraded":1,"win_rate":0.0,"timestamp":1612283595,"path_taken":["M","M","M","?","?","R","E","R","T","E","R","?","E","?","R","BOSS","M","?","?","?","M"],"items_purchased_type":["Relic","Relic","Card","Card","Card","Card"],"build_version":"2020-12-22","purchased_purges":0,"victory":false,"max_hp_per_floor":[80,80,80,80,80,80,80,80,80,80,80,80,80,80,80,80,80,80,80,80,80,80,80],"card_choices":[{"not_picked":["Compile Driver","Rebound"],"picked":"AT_WarpDrive","floor":1},{"not_picked":["AT_HeatAcrobatics","Barrage"],"picked":"hubris:PowerSurge","floor":2},{"not_picked":["Machine Learning","Coolheaded"],"picked":"Time Bomb","floor":3},{"not_picked":["Hologram","ReplayTheSpireMod:GoodbyeWorld"],"picked":"All For One","floor":7},{"not_picked":["Panic Button","ReplayTheSpireMod:Repulse"],"picked":"Cold Snap","floor":10},{"not_picked":["AT_HeatAcrobatics","Rebound"],"picked":"Sweeping Beam","floor":13},{"not_picked":["hubris:SpecializedCircuitry","Seek"],"picked":"Creative AI","floor":16},{"not_picked":["Steam Power","Redo"],"picked":"ReplayTheSpireMod:Dual Polarity+1","floor":18}],"player_experience":127521,"relics_obtained":[{"floor":7,"key":"DataDisk"},{"floor":9,"key":"Juzu Bracelet"},{"floor":10,"key":"hubris:FunFungus"},{"floor":13,"key":"Dota2Spire:MagicBottle"}],"event_choices":[{"damage_healed":0,"gold_gain":0,"player_choice":"Bought 0 Potions","damage_taken":0,"max_hp_gain":0,"max_hp_loss":0,"event_name":"The Woman in Blue","floor":5,"gold_loss":0},{"damage_healed":0,"gold_gain":0,"player_choice":"Grow","damage_taken":0,"max_hp_gain":0,"max_hp_loss":0,"event_name":"Living Wall","floor":12,"gold_loss":0,"cards_upgraded":["Zap"]},{"damage_healed":0,"gold_gain":0,"player_choice":"Agree","damage_taken":0,"max_hp_gain":0,"max_hp_loss":0,"event_name":"conspire:LoneGhost","floor":14,"gold_loss":0},{"damage_healed":0,"gold_gain":0,"player_choice":" Idol ","damage_taken":40,"relics_obtained":["Bloody Idol"],"max_hp_gain":64,"max_hp_loss":24,"event_name":"betterAltar:BetterAltar","floor":19,"potions_obtained":[],"relics_lost":[],"gold_loss":0},{"damage_healed":0,"gold_gain":0,"player_choice":"Opened","damage_taken":0,"relics_obtained":["StuffTheSpire:EmeraldSignet"],"max_hp_gain":0,"max_hp_loss":0,"event_name":"The Mausoleum","floor":20,"gold_loss":0},{"damage_healed":0,"gold_gain":275,"player_choice":"Desecrate","damage_taken":0,"max_hp_gain":0,"max_hp_loss":0,"event_name":"Golden Shrine","floor":21,"gold_loss":0,"cards_obtained":["Regret"]}],"is_beta":false,"boss_relics":[{"not_picked":["Replay:Bronze Core","Abe\u0027s Treasure"],"picked":"Dota2Spire:Bloodstone"}],"items_purged_floors":[],"is_endless":false,"potions_floor_spawned":[2,7,10],"killed_by":"3 Byrds","ascension_level":2}}