{"host":"d52brwsy6af8zvaq","time":1612285047,"event":{"mods":["AchievementEnabler","BaseMod","Bestiary","Highlight Path","Minty Spire (QoL Compilation)","Quick Restart","Relic Stats","ojb\u0027s Better Paths Mod"],"gold_per_floor":[114,129,144,219,231,231,265,265,334,362,378,378,389,422,422,493,493,512,142,192,206,206,233,233,266,321,321,333,333,7,41,41,120,120,140,158,207,118,319,354,366,366,366,208,208,239,239,239,239],"floor_reached":48,"language":"ENG","playtime":2691,"items_purged":["Accuracy"],"score":1203,"play_id":"6bfcac72-39fa-4ebf-885b-6cfdebe8e338","local_time":"20210202095727","is_ascension_mode":true,"campfire_choices":[{"data":"Glass Knife","floor":6.0,"key":"SMITH"},{"data":"Skewer","floor":8.0,"key":"SMITH"},{"data":"Predator","floor":12.0,"key":"SMITH"},{"data":"Burst","floor":15.0,"key":"SMITH"},{"data":"Wraith Form v2","floor":24.0,"key":"SMITH"},{"data":"Calculated Gamble","floor":29.0,"key":"SMITH"},{"data":"Catalyst","floor":32.0,"key":"SMITH"},{"floor":42,"key":"REST"},{"floor":45,"key":"RECALL"}],"circlet_count":0,"master_deck":["AscendersBane","Survivor","Neutralize","Catalyst+1","Phantasmal Killer","Deflect","All Out Attack","Calculated Gamble+1","Skewer+1","Backflip","Glass Knife+1","Deadly Poison","Flying Knee","Backflip","Predator+1","Blade Dance","Unload","Escape Plan","Well Laid Plans","Burst+1","Wraith Form v2+1","Dagger Throw","Leg Sweep","Tactician","Poisoned Stab","Deflect+1","Glass Knife","Wraith Form v2","Adrenaline","PiercingWail+1","PiercingWail","Good Instincts"],"relics":["Pandora\u0027s Box","Du-Vu Doll","Eternal Feather","Lantern","HoveringKite","Lee\u0027s Waffle","Question Card","Regal Pillow","Happy Flower","Letter Opener","Sozu","Ice Cream","Old Coin","Boot","Tingsha","Snake Skull","Gambling Chip"],"acts_visited":["TheCity","TheBeyond"],"potions_floor_usage":[],"damage_taken":[{"damage":0.0,"enemies":"Jaw Worm","floor":1.0,"turns":3.0},{"damage":0.0,"enemies":"Small Slimes","floor":2.0,"turns":2.0},{"damage":0.0,"enemies":"2 Louse","floor":3.0,"turns":2.0},{"damage":4.0,"enemies":"Blue Slaver","floor":5.0,"turns":3.0},{"damage":6.0,"enemies":"Gremlin Nob","floor":7.0,"turns":3.0},{"damage":3.0,"enemies":"Lagavulin","floor":10.0,"turns":5.0},{"damage":0.0,"enemies":"Looter","floor":11.0,"turns":1.0},{"damage":0.0,"enemies":"3 Louse","floor":13.0,"turns":3.0},{"damage":10.0,"enemies":"3 Sentries","floor":14.0,"turns":4.0},{"damage":21.0,"enemies":"The Guardian","floor":16.0,"turns":9.0},{"damage":18.0,"enemies":"Spheric Guardian","floor":18.0,"turns":5.0},{"damage":11.0,"enemies":"2 Thieves","floor":21.0,"turns":3.0},{"damage":40.0,"enemies":"Book of Stabbing","floor":23.0,"turns":5.0},{"damage":14.0,"enemies":"Gremlin Leader","floor":25.0,"turns":6.0},{"damage":2.0,"enemies":"Centurion and Healer","floor":28.0,"turns":5.0},{"damage":18.0,"enemies":"Book of Stabbing","floor":31.0,"turns":5.0},{"damage":2.0,"enemies":"Champ","floor":33.0,"turns":3.0},{"damage":0.0,"enemies":"Orb Walker","floor":35.0,"turns":3.0},{"damage":10.0,"enemies":"3 Darklings","floor":36.0,"turns":5.0},{"damage":19.0,"enemies":"2 Orb Walkers","floor":37.0,"turns":7.0},{"damage":32,"enemies":"Giant Head","floor":40,"turns":5},{"damage":1,"enemies":"4 Shapes","floor":41,"turns":5},{"damage":50,"enemies":"Reptomancer","floor":46,"turns":7},{"damage":0,"enemies":"Maw","floor":48,"turns":1}],"seed_played":"-9149452811900385628","potions_obtained":[{"floor":1.0,"key":"SteroidPotion"},{"floor":3.0,"key":"GhostInAJar"},{"floor":13.0,"key":"SmokeBomb"},{"floor":14.0,"key":"Swift Potion"},{"floor":18.0,"key":"BlessingOfTheForge"},{"floor":23.0,"key":"Poison Potion"},{"floor":25.0,"key":"Strength Potion"},{"floor":33.0,"key":"AttackPotion"}],"is_trial":false,"path_per_floor":["M","M","M","?","M","R","E","R","T","E","M","R","M","E","R","B",null,"M","$","?","M","?","E","R","E","T","?","M","R","$","E","R","B",null,"M","M","?","$","?","E","M","R","T","$","R","E","?","M"],"character_chosen":"THE_SILENT","items_purchased":["Lee\u0027s Waffle","Leg Sweep","Tactician","Glass Knife","Wraith Form v2","Good Instincts","Snake Skull"],"campfire_rested":1,"item_purchase_floors":[19,19,19,30,30,38,44],"current_hp_per_floor":[59,59,59,48,44,44,38,38,38,35,35,44,44,34,46,25,56,38,73,73,62,62,22,37,23,23,38,36,51,51,33,48,46,66,66,56,37,37,37,5,4,58,58,58,73,23,73,73,73],"gold":239,"neow_bonus":"BOSS_RELIC","is_daily":false,"chose_seed":false,"campfire_upgraded":7,"win_rate":0.0,"timestamp":1612285047,"path_taken":["M","M","M","?","M","R","E","R","T","E","M","R","M","E","R","BOSS","M","$","?","M","?","E","R","E","T","?","M","R","?","E","R","BOSS","M","M","?","$","?","E","?","R","T","?","R","E","?","?"],"items_purchased_type":["Relic","Card","Card","Card","Card","Card","Relic"],"build_version":"2020-12-22","purchased_purges":1,"victory":false,"max_hp_per_floor":[66,66,66,66,66,66,66,66,66,66,66,66,66,66,66,66,66,66,73,73,73,73,73,73,73,73,73,73,73,73,73,73,73,73,73,73,73,73,73,73,73,73,73,73,73,73,73,73,73],"relic_stats":{"Lee\u0027s Waffle":35,"Regal Pillow":15,"Happy Flower":[15],"counters":[24,99],"HoveringKite":[31],"Eternal Feather":99,"Tingsha":[24],"Snake Skull":[3],"Letter Opener":[186],"Question Card":10,"Boot":[4],"Sozu":3,"Gambling Chip":[0],"Pandora\u0027s Box":["Accuracy","Catalyst","Phantasmal Killer","Deflect","All Out Attack","Calculated Gamble","Skewer","Backflip","Glass Knife","Deadly Poison"],"obtain_stats":[{"Ice Cream":37,"Lantern":10,"Lee\u0027s Waffle":19,"Regal Pillow":25,"Happy Flower":26,"HoveringKite":17,"Eternal Feather":9,"Tingsha":43,"Snake Skull":44,"Letter Opener":31,"Question Card":23,"Boot":40,"Old Coin":39,"Du-Vu Doll":7,"Sozu":34,"Gambling Chip":46,"Pandora\u0027s Box":0,"Ring of the Snake":0},{"Ice Cream":20,"Lantern":6,"Lee\u0027s Waffle":11,"Regal Pillow":14,"Happy Flower":14,"HoveringKite":10,"Eternal Feather":5,"Tingsha":22,"Snake Skull":22,"Letter Opener":16,"Question Card":13,"Boot":21,"Old Coin":20,"Du-Vu Doll":5,"Sozu":17,"Gambling Chip":23,"Pandora\u0027s Box":0,"Ring of the Snake":0},{"Ice Cream":82,"Lantern":18,"Lee\u0027s Waffle":40,"Regal Pillow":54,"Happy Flower":54,"HoveringKite":35,"Eternal Feather":13,"Tingsha":92,"Snake Skull":92,"Letter Opener":64,"Question Card":48,"Boot":87,"Old Coin":82,"Du-Vu Doll":13,"Sozu":67,"Gambling Chip":99,"Pandora\u0027s Box":0,"Ring of the Snake":0}]},"card_choices":[{"not_picked":["Masterful Stab","Dagger Spray"],"picked":"Flying Knee","floor":1.0},{"not_picked":["Dodge and Roll","Blade Dance"],"picked":"Backflip","floor":2.0},{"not_picked":["Cloak And Dagger","Eviscerate"],"picked":"Predator","floor":3.0},{"not_picked":["Quick Slash","Deadly Poison"],"picked":"Blade Dance","floor":5.0},{"not_picked":["Outmaneuver","Flying Knee"],"picked":"Unload","floor":7.0},{"not_picked":["Blade Dance","Bane"],"picked":"Escape Plan","floor":10.0},{"not_picked":["Backflip","Quick Slash","Blade Dance"],"picked":"SKIP","floor":11.0},{"not_picked":["Dagger Spray","Prepared"],"picked":"Well Laid Plans","floor":13.0},{"not_picked":["Acrobatics","Cloak And Dagger"],"picked":"Burst","floor":14.0},{"not_picked":["Unload","Venomology"],"picked":"Wraith Form v2","floor":16.0},{"not_picked":["Slice","Expertise+1"],"picked":"Dagger Throw","floor":18.0},{"not_picked":["Dagger Throw","Deadly Poison","Catalyst"],"picked":"SKIP","floor":21.0},{"not_picked":["Deflect","Burst"],"picked":"Poisoned Stab","floor":23.0},{"not_picked":["Dagger Spray","Escape Plan","Flying Knee"],"picked":"Deflect+1","floor":25.0},{"not_picked":["Backflip","Blade Dance+1","Deflect","Caltrops"],"picked":"SKIP","floor":28.0},{"not_picked":["Poisoned Stab","Quick Slash+1","Underhanded Strike"],"picked":"Catalyst","floor":31.0},{"not_picked":["Bullet Time","Grand Finale","Malaise"],"picked":"Adrenaline","floor":33.0},{"not_picked":["Blade Dance","Dagger Spray","Cloak And Dagger"],"picked":"PiercingWail+1","floor":35.0},{"not_picked":["Sucker Punch+1","A Thousand Cuts","Tactician+1"],"picked":"PiercingWail","floor":36.0},{"not_picked":["Unload","Eviscerate+1","Dagger Throw+1","Poisoned Stab"],"picked":"SKIP","floor":40},{"not_picked":["Underhanded Strike","Masterful Stab+1","Poisoned Stab","Backflip"],"picked":"SKIP","floor":41},{"not_picked":["Sucker Punch","Die Die Die","Poisoned Stab","Blade Dance"],"picked":"SKIP","floor":46}],"player_experience":2122267,"relics_obtained":[{"floor":7.0,"key":"Du-Vu Doll"},{"floor":9.0,"key":"Eternal Feather"},{"floor":10.0,"key":"Lantern"},{"floor":23.0,"key":"Question Card"},{"floor":25.0,"key":"Regal Pillow"},{"floor":26.0,"key":"Happy Flower"},{"floor":31.0,"key":"Letter Opener"},{"floor":37.0,"key":"Ice Cream"},{"floor":40,"key":"Boot"},{"floor":43,"key":"Tingsha"},{"floor":46,"key":"Gambling Chip"}],"event_choices":[{"damage_healed":0.0,"max_hp_gain":0.0,"max_hp_loss":0.0,"gold_gain":75.0,"event_name":"World of Goop","player_choice":"Gather Gold","floor":4.0,"gold_loss":0.0,"damage_taken":11.0},{"damage_healed":0.0,"max_hp_gain":0.0,"max_hp_loss":0.0,"gold_gain":50.0,"event_name":"Nest","player_choice":"Stole From Cult","floor":20.0,"gold_loss":0.0,"damage_taken":0.0},{"damage_healed":0.0,"max_hp_gain":0.0,"max_hp_loss":0.0,"gold_gain":0.0,"event_name":"The Mausoleum","player_choice":"Ignored","floor":22.0,"gold_loss":0.0,"damage_taken":0.0},{"damage_healed":15.0,"max_hp_gain":0.0,"max_hp_loss":0.0,"gold_gain":0.0,"event_name":"The Library","player_choice":"Heal","floor":27.0,"gold_loss":0.0,"damage_taken":0.0},{"damage_healed":0.0,"max_hp_gain":0.0,"max_hp_loss":0.0,"gold_gain":0.0,"event_name":"Mysterious Sphere","player_choice":"Fight","floor":37.0,"gold_loss":0.0,"damage_taken":0.0},{"damage_healed":0.0,"max_hp_gain":0.0,"max_hp_loss":0.0,"gold_gain":0.0,"event_name":"WeMeetAgain","player_choice":"Paid Gold","floor":39.0,"gold_loss":99.0,"damage_taken":0.0,"relics_obtained":["Old Coin"]},{"cards_removed":["Catalyst"],"damage_healed":50,"gold_gain":0,"player_choice":"Offered Uncommon","damage_taken":0,"max_hp_gain":0,"max_hp_loss":0,"event_name":"Bonfire Elementals","floor":47,"gold_loss":0}],"is_beta":false,"boss_relics":[{"not_picked":["Black Star","Runic Pyramid"],"picked":"HoveringKite"},{"not_picked":["Busted Crown","Velvet Choker"],"picked":"Sozu"}],"items_purged_floors":[19],"is_endless":false,"potions_floor_spawned":[1,3,13,14,18,23,25,33,36,37,41],"killed_by":"Maw","ascension_level":20}}