{"host":"szp1d6dso4pv7ddl","time":1612240012,"event":{"mods":["AchievementEnabler","Alarm Clock","BaseMod","Bestiary","Block Reminder","Colored Map","Colored Powertips","Curses Come First","Dark Map","Displayed Cursed Tome","Highlight Path","Minty Spire (QoL Compilation)","Permanent Neow","Quick Restart","Relic Sorter","Relic Stats","StSLib","Synergy Search"],"gold_per_floor":[11,11,28,48,59,73,91,103,127,35,63,111,111,138,138,209,209,226,226,226,238,248,248,248,47,47,66,82,11,22,2,2,2,2],"floor_reached":33,"language":"ENG","playtime":1746,"items_purged":["Strike_B","Strike_B"],"score":452,"play_id":"3ae41e65-f3d5-4219-99f6-eec8d69aaf04","local_time":"20210201202652","is_ascension_mode":true,"campfire_choices":[{"floor":13.0,"key":"REST"},{"floor":15.0,"key":"REST"},{"floor":23.0,"key":"REST"},{"floor":32.0,"key":"REST"}],"circlet_count":0,"master_deck":["AscendersBane","Defend_B","Defend_B","Defend_B","Zap","Dualcast","Coolheaded","Conserve Battery","Sweeping Beam","Capacitor","Multi-Cast","Glacier","Defragment","Glacier","Barrage","Doom and Gloom","Self Repair","Echo Form","Loop","Multi-Cast","Ball Lightning","Storm+1","Defragment","Defragment"],"relics":["Cracked Core","Anchor","Potion Belt","Odd Mushroom","Orichalcum","Bottled Tornado","SacredBark","Meat on the Bone","Membership Card","Girya"],"acts_visited":["Exordium","TheCity"],"potions_floor_usage":[],"damage_taken":[{"damage":1.0,"enemies":"2 Louse","floor":1.0,"turns":3.0},{"damage":0.0,"enemies":"Cultist","floor":3.0,"turns":3.0},{"damage":0.0,"enemies":"Jaw Worm","floor":4.0,"turns":5.0},{"damage":27.0,"enemies":"Exordium Thugs","floor":5.0,"turns":5.0},{"damage":4.0,"enemies":"Looter","floor":6.0,"turns":3.0},{"damage":0.0,"enemies":"Lots of Slimes","floor":7.0,"turns":2.0},{"damage":4.0,"enemies":"Exordium Thugs","floor":8.0,"turns":5.0},{"damage":9.0,"enemies":"The Mushroom Lair","floor":11.0,"turns":7.0},{"damage":16.0,"enemies":"Lagavulin","floor":14.0,"turns":4.0},{"damage":31.0,"enemies":"Slime Boss","floor":16.0,"turns":13.0},{"damage":11.0,"enemies":"Shell Parasite","floor":18.0,"turns":7.0},{"damage":33.0,"enemies":"3 Byrds","floor":21.0,"turns":8.0},{"damage":23.0,"enemies":"Snake Plant","floor":22.0,"turns":7.0},{"damage":20.0,"enemies":"Sentry and Sphere","floor":27.0,"turns":8.0},{"damage":8.0,"enemies":"Shelled Parasite and Fungi","floor":28.0,"turns":9.0},{"damage":95.0,"enemies":"3 Cultists","floor":30.0,"turns":7.0},{"damage":57,"enemies":"Collector","floor":33,"turns":5}],"seed_played":"4832450214071635830","potions_obtained":[{"floor":1.0,"key":"FairyPotion"},{"floor":3.0,"key":"BlessingOfTheForge"},{"floor":11.0,"key":"Explosive Potion"},{"floor":21.0,"key":"PowerPotion"},{"floor":27.0,"key":"BlessingOfTheForge"},{"floor":30.0,"key":"SkillPotion"}],"is_trial":false,"path_per_floor":["M","?","M","M","M","M","M","M","T","$","?","T","R","E","R","B",null,"M","?","?","M","M","R","T","$","T","M","M","$","M","$","R","B"],"character_chosen":"DEFECT","items_purchased":["Glacier","Barrage","Membership Card","Defragment","Defragment"],"campfire_rested":4,"item_purchase_floors":[10,10,25,29,31],"current_hp_per_floor":[63,63,63,63,36,32,32,28,28,28,19,19,40,24,45,21,59,55,46,46,27,11,32,32,32,32,38,49,49,31,31,52,0,0],"gold":2,"neow_bonus":"TRANSFORM_TWO_CARDS","is_daily":false,"chose_seed":false,"campfire_upgraded":0,"win_rate":0.0,"timestamp":1612240012,"path_taken":["M","?","?","?","M","M","M","M","T","$","?","?","R","E","R","BOSS","M","?","?","M","?","R","?","?","T","M","M","$","?","$","R","BOSS"],"items_purchased_type":["Card","Card","Relic","Card","Card"],"build_version":"2020-12-22","purchased_purges":2,"victory":false,"max_hp_per_floor":[71,71,71,71,71,71,71,71,71,71,71,71,71,71,71,71,71,71,71,71,71,71,71,71,71,71,71,71,71,71,71,71,71,71],"relic_stats":{"counters":[17,101],"Orichalcum":[90],"obtain_stats":[{"Potion Belt":9,"Girya":26,"Anchor":2,"SacredBark":17,"Membership Card":25,"Odd Mushroom":11,"Orichalcum":12,"Bottled Tornado":14,"Cracked Core":0,"Meat on the Bone":24},{"Potion Belt":7,"Girya":13,"Anchor":1,"SacredBark":10,"Membership Card":13,"Odd Mushroom":8,"Orichalcum":8,"Bottled Tornado":9,"Cracked Core":0,"Meat on the Bone":13},{"Potion Belt":26,"Girya":72,"Anchor":3,"SacredBark":50,"Membership Card":72,"Odd Mushroom":33,"Orichalcum":33,"Bottled Tornado":37,"Cracked Core":0,"Meat on the Bone":72}],"Meat on the Bone":36},"card_choices":[{"not_picked":["Rebound","Static Discharge","Heatsinks"],"picked":"SKIP","floor":1.0},{"not_picked":["Storm","Scrape"],"picked":"Conserve Battery","floor":3.0},{"not_picked":["Steam","Leap"],"picked":"Sweeping Beam","floor":4.0},{"not_picked":["Turbo","Leap"],"picked":"Capacitor","floor":5.0},{"not_picked":["Gash","Sweeping Beam"],"picked":"Multi-Cast","floor":6.0},{"not_picked":["Rebound","Gash"],"picked":"Glacier","floor":7.0},{"not_picked":["Ball Lightning","Steam"],"picked":"Defragment","floor":8.0},{"not_picked":["Steam Power","Conserve Battery"],"picked":"Doom and Gloom","floor":11.0},{"not_picked":["Sweeping Beam","Steam"],"picked":"Self Repair","floor":14.0},{"not_picked":["Thunder Strike","Amplify"],"picked":"Echo Form","floor":16.0},{"not_picked":["Ball Lightning","Steam Power"],"picked":"Loop","floor":18.0},{"not_picked":["Rebound","Beam Cell"],"picked":"Ball Lightning","floor":21.0},{"not_picked":["Sweeping Beam","Meteor Strike","Hologram"],"picked":"SKIP","floor":22.0},{"not_picked":["Beam Cell","Barrage","Sunder+1"],"picked":"SKIP","floor":27.0},{"not_picked":["Hologram","Recycle"],"picked":"Storm+1","floor":28.0},{"not_picked":["Cold Snap+1","Rebound","Streamline+1"],"picked":"SKIP","floor":30.0}],"player_experience":1350367,"relics_obtained":[{"floor":9.0,"key":"Potion Belt"},{"floor":11.0,"key":"Odd Mushroom"},{"floor":12.0,"key":"Orichalcum"},{"floor":14.0,"key":"Bottled Tornado"},{"floor":24.0,"key":"Meat on the Bone"},{"floor":26.0,"key":"Girya"}],"event_choices":[{"cards_removed":["Ball Lightning"],"damage_healed":0.0,"max_hp_gain":0.0,"max_hp_loss":0.0,"gold_gain":0.0,"event_name":"WeMeetAgain","player_choice":"Gave Card","floor":2.0,"gold_loss":0.0,"damage_taken":0.0,"relics_obtained":["Anchor"]},{"damage_healed":0.0,"max_hp_gain":0.0,"max_hp_loss":0.0,"gold_gain":0.0,"event_name":"Mushrooms","player_choice":"Fought Mushrooms","floor":11.0,"gold_loss":0.0,"damage_taken":0.0},{"damage_healed":0.0,"max_hp_gain":0.0,"max_hp_loss":0.0,"gold_gain":0.0,"event_name":"Cursed Tome","player_choice":"Stopped","floor":19.0,"gold_loss":0.0,"damage_taken":9.0},{"damage_healed":0.0,"max_hp_gain":0.0,"max_hp_loss":0.0,"gold_gain":0.0,"cards_transformed":["Strike_B"],"event_name":"Transmorgrifier","player_choice":"Transformed","floor":20.0,"gold_loss":0.0,"damage_taken":0.0,"cards_obtained":["Multi-Cast"]}],"is_beta":false,"boss_relics":[{"not_picked":["Coffee Dripper","Fusion Hammer"],"picked":"SacredBark"}],"items_purged_floors":[25,29],"is_endless":false,"potions_floor_spawned":[1,3,4,11,21,27,30],"killed_by":"Collector","ascension_level":16}}