{"host":"wuernuywc9gl215o","time":1612274932,"event":{"mods":["AchievementEnabler","BaseMod","Block Reminder","Highlight Path","Key Reminder","Minty Spire (QoL Compilation)","Permanent Neow","Potion Indicator Mod","Quick Restart","Relic Stats"],"gold_per_floor":[111,126,126,145,145,171,29,29,29,29,43,61,81,81,81,156,156,172,189,202,216,234,234,246,0,25,25,37,37,49,65,65,65,65],"floor_reached":33,"language":"ENG","playtime":2183,"items_purged":[],"score":424,"play_id":"e5fb865f-0528-4b43-8377-9995ca92670f","local_time":"20210202140852","is_ascension_mode":true,"campfire_choices":[{"floor":8.0,"key":"REST"},{"data":"Blade Dance","floor":10.0,"key":"SMITH"},{"data":"Night Terror","floor":15.0,"key":"SMITH"},{"floor":23.0,"key":"REST"},{"floor":27.0,"key":"REST"},{"floor":32,"key":"REST"}],"circlet_count":0,"master_deck":["AscendersBane","Strike_G","Strike_G","Strike_G","Defend_G","Defend_G","Defend_G","Defend_G","Defend_G","Survivor","Neutralize","Terror","Blade Dance+1","Flying Knee","Cloak And Dagger","After Image","Finisher","Tactician","Masterful Stab","Night Terror+1","Storm of Steel","Slice","Predator","Infinite Blades","Crippling Poison","Choke","Adrenaline","Acrobatics","Bane","Well Laid Plans","Acrobatics"],"relics":["Ring of the Snake","Incense Burner","Ice Cream","Du-Vu Doll","SlaversCollar","Shuriken","Bag of Marbles"],"acts_visited":["Exordium","TheCity"],"potions_floor_usage":[],"damage_taken":[{"damage":0.0,"enemies":"Cultist","floor":1.0,"turns":5.0},{"damage":4.0,"enemies":"Jaw Worm","floor":2.0,"turns":5.0},{"damage":0.0,"enemies":"2 Louse","floor":4.0,"turns":2.0},{"damage":0.0,"enemies":"Large Slime","floor":5.0,"turns":2.0},{"damage":10.0,"enemies":"3 Sentries","floor":6.0,"turns":10.0},{"damage":5.0,"enemies":"Looter","floor":11.0,"turns":2.0},{"damage":11.0,"enemies":"3 Louse","floor":12.0,"turns":3.0},{"damage":2.0,"enemies":"Exordium Thugs","floor":13.0,"turns":4.0},{"damage":10.0,"enemies":"The Guardian","floor":16.0,"turns":8.0},{"damage":14.0,"enemies":"Shell Parasite","floor":18.0,"turns":3.0},{"damage":0.0,"enemies":"3 Byrds","floor":19.0,"turns":6.0},{"damage":18.0,"enemies":"Snecko","floor":20.0,"turns":3.0},{"damage":24.0,"enemies":"Snake Plant","floor":21.0,"turns":5.0},{"damage":0.0,"enemies":"Centurion and Healer","floor":22.0,"turns":5.0},{"damage":5.0,"enemies":"Cultist and Chosen","floor":24.0,"turns":6.0},{"damage":11.0,"enemies":"Shelled Parasite and Fungi","floor":28.0,"turns":4.0},{"damage":0.0,"enemies":"Centurion and Healer","floor":30.0,"turns":4.0},{"damage":17,"enemies":"Sentry and Sphere","floor":31,"turns":4},{"damage":53,"enemies":"Automaton","floor":33,"turns":6}],"seed_played":"-3075581647018716700","potions_obtained":[{"floor":1.0,"key":"SmokeBomb"},{"floor":2.0,"key":"Strength Potion"},{"floor":11.0,"key":"DuplicationPotion"},{"floor":14.0,"key":"Block Potion"},{"floor":18.0,"key":"Dexterity Potion"},{"floor":19.0,"key":"Poison Potion"},{"floor":24.0,"key":"Poison Potion"}],"is_trial":false,"path_per_floor":["M","M","?","M","M","E","$","R","T","R","M","M","M","?","R","B",null,"M","M","M","M","M","R","M","$","T","R","M","?","M","M","R","B"],"character_chosen":"THE_SILENT","items_purchased":["After Image","Finisher","Shuriken"],"campfire_rested":4,"item_purchase_floors":[7,7,25],"current_hp_per_floor":[45,41,41,41,41,31,31,52,52,52,47,36,34,34,34,24,59,45,45,27,3,3,24,19,19,19,40,29,29,29,12,33,0,0],"gold":65,"neow_bonus":"ONE_RARE_RELIC","is_daily":false,"chose_seed":false,"campfire_upgraded":2,"win_rate":0.0,"timestamp":1612274932,"path_taken":["M","M","?","M","M","E","?","R","T","R","M","?","M","?","R","BOSS","M","M","M","M","M","R","M","$","T","R","M","?","?","M","R","BOSS"],"items_purchased_type":["Card","Card","Relic"],"build_version":"2020-12-22","purchased_purges":0,"victory":false,"max_hp_per_floor":[70,70,70,70,70,70,70,70,70,70,70,70,70,70,70,70,70,70,70,70,70,70,70,70,70,70,70,70,70,70,70,70,70,70],"relic_stats":{"counters":[19,87],"Shuriken":[18],"obtain_stats":[{"Ice Cream":6,"Du-Vu Doll":9,"SlaversCollar":17,"Shuriken":25,"Incense Burner":0,"Bag of Marbles":26,"Ring of the Snake":0},{"Ice Cream":5,"Du-Vu Doll":5,"SlaversCollar":9,"Shuriken":15,"Incense Burner":0,"Bag of Marbles":15,"Ring of the Snake":0},{"Ice Cream":24,"Du-Vu Doll":24,"SlaversCollar":41,"Shuriken":69,"Incense Burner":0,"Bag of Marbles":69,"Ring of the Snake":0}],"Ring of the Snake":[38]},"card_choices":[{"not_picked":["Acrobatics","Flying Knee"],"picked":"Terror","floor":1.0},{"not_picked":["Prepared","Backflip"],"picked":"Blade Dance","floor":2.0},{"not_picked":["Dodge and Roll","Flechettes"],"picked":"Flying Knee","floor":4.0},{"not_picked":["Deflect","Noxious Fumes"],"picked":"Cloak And Dagger","floor":6.0},{"not_picked":["Dagger Throw","Acrobatics"],"picked":"Tactician","floor":11.0},{"not_picked":["Tactician","Deadly Poison"],"picked":"Masterful Stab","floor":12.0},{"not_picked":["Backflip","Eviscerate"],"picked":"Night Terror","floor":13.0},{"not_picked":["Tools of the Trade","Adrenaline"],"picked":"Storm of Steel","floor":16.0},{"not_picked":["All Out Attack","Poisoned Stab"],"picked":"Slice","floor":18.0},{"not_picked":["Sucker Punch","Underhanded Strike"],"picked":"Predator","floor":19.0},{"not_picked":["Acrobatics","Distraction"],"picked":"Infinite Blades","floor":20.0},{"not_picked":["Flying Knee+1","Bane+1"],"picked":"Crippling Poison","floor":21.0},{"not_picked":["Quick Slash","Slice"],"picked":"Choke","floor":22.0},{"not_picked":["Prepared","Dagger Throw"],"picked":"Adrenaline","floor":24.0},{"not_picked":["Poisoned Stab","Flechettes"],"picked":"Acrobatics","floor":28.0},{"not_picked":["Outmaneuver","Underhanded Strike"],"picked":"Well Laid Plans","floor":30.0},{"not_picked":["Caltrops+1","Endless Agony"],"picked":"Acrobatics","floor":31}],"player_experience":770099,"relics_obtained":[{"floor":6.0,"key":"Ice Cream"},{"floor":9.0,"key":"Du-Vu Doll"},{"floor":26.0,"key":"Bag of Marbles"}],"event_choices":[{"cards_removed":["Strike_G"],"damage_healed":0.0,"max_hp_gain":0.0,"max_hp_loss":0.0,"gold_gain":0.0,"event_name":"Bonfire Elementals","player_choice":"Offered Basic","floor":3.0,"gold_loss":0.0,"damage_taken":0.0},{"damage_healed":0.0,"max_hp_gain":0.0,"max_hp_loss":0.0,"gold_gain":0.0,"event_name":"Lab","player_choice":"Got Potions","floor":14.0,"gold_loss":0.0,"damage_taken":0.0},{"damage_healed":0.0,"max_hp_gain":0.0,"max_hp_loss":0.0,"gold_gain":0.0,"cards_transformed":["Strike_G"],"event_name":"Transmorgrifier","player_choice":"Transformed","floor":29.0,"gold_loss":0.0,"damage_taken":0.0,"cards_obtained":["Bane"]}],"is_beta":false,"boss_relics":[{"not_picked":["Velvet Choker","Ectoplasm"],"picked":"SlaversCollar"}],"items_purged_floors":[],"is_endless":false,"potions_floor_spawned":[1,2,5,11,18,19,24],"killed_by":"Automaton","ascension_level":13}}