{"host":"oehe2dxjvdgux73m","time":1612276154,"event":{"mods":["AchievementEnabler","BaseMod","Colored Map","Colored Powertips","DeckTracker","Keyboard Shortcuts","Minty Spire (QoL Compilation)","Permanent Neow","Quick Restart","StSLib","SuperFastMode"],"gold_per_floor":[112,122,134,134,134,134,154,154,154,166,166,166,180,194,194,269,269,281,281,281,18,18,18,44,44,44,40,40,40,52,52,52],"floor_reached":31,"language":"KOR","playtime":682,"items_purged":[],"score":490,"play_id":"2c3e7946-deea-4c10-9e8d-08e4b19ce8bd","local_time":"20210202232914","is_ascension_mode":true,"campfire_choices":[{"data":"Poisoned Stab","floor":6.0,"key":"SMITH"},{"floor":8.0,"key":"REST"},{"data":"Neutralize","floor":11.0,"key":"SMITH"},{"data":"Bouncing Flask","floor":15.0,"key":"SMITH"},{"data":"Crippling Poison","floor":23.0,"key":"SMITH"},{"floor":25,"key":"REST"},{"data":"Bane","floor":28,"key":"SMITH"},{"data":"Night Terror","floor":29,"key":"SMITH"}],"circlet_count":0,"master_deck":["AscendersBane","Strike_G","Defend_G","Defend_G","Defend_G","Defend_G","Defend_G","Survivor","Neutralize+1","Deadly Poison","Poisoned Stab+1","Backflip","Bouncing Flask+1","Crippling Poison+1","Night Terror+1","PiercingWail","PiercingWail","Bane+1"],"relics":["Velvet Choker","Matryoshka","Empty Cage","Toy Ornithopter","WingedGreaves","Pantograph","Blood Vial","Bag of Marbles","Paper Crane"],"acts_visited":["Exordium","TheCity"],"potions_floor_usage":[],"damage_taken":[{"damage":0.0,"enemies":"Cultist","floor":1.0,"turns":4.0},{"damage":2.0,"enemies":"2 Louse","floor":2.0,"turns":3.0},{"damage":7.0,"enemies":"Small Slimes","floor":3.0,"turns":4.0},{"damage":18.0,"enemies":"Exordium Wildlife","floor":7.0,"turns":5.0},{"damage":4.0,"enemies":"Blue Slaver","floor":10.0,"turns":3.0},{"damage":0.0,"enemies":"3 Louse","floor":13.0,"turns":4.0},{"damage":1.0,"enemies":"Looter","floor":14.0,"turns":3.0},{"damage":5.0,"enemies":"The Guardian","floor":16.0,"turns":8.0},{"damage":13.0,"enemies":"Shell Parasite","floor":18.0,"turns":4.0},{"damage":22,"enemies":"Gremlin Leader","floor":24,"turns":7},{"damage":13,"enemies":"2 Thieves","floor":27,"turns":5},{"damage":18,"enemies":"Shelled Parasite and Fungi","floor":30,"turns":5},{"damage":28,"enemies":"Snake Plant","floor":31,"turns":2}],"seed_played":"593411663362729112","potions_obtained":[{"floor":7.0,"key":"SteroidPotion"},{"floor":10.0,"key":"CunningPotion"},{"floor":24,"key":"CultistPotion"}],"is_trial":false,"path_per_floor":["M","M","M","?","?","R","M","R","T","M","R","?","M","M","R","B",null,"M","?","T","$","?","R","E","R","T","M","R","R","M","M"],"character_chosen":"THE_SILENT","items_purchased":["Pantograph"],"campfire_rested":2,"item_purchase_floors":[21],"current_hp_per_floor":[59,57,50,43,43,43,25,44,44,40,40,45,45,44,44,39,63,50,50,50,50,50,50,28,49,49,38,38,38,22,0,0],"gold":52,"neow_bonus":"BOSS_RELIC","is_daily":false,"chose_seed":false,"campfire_upgraded":6,"win_rate":0.0,"timestamp":1612276154,"path_taken":["M","M","M","?","?","R","M","R","T","M","R","?","M","M","R","BOSS","M","?","?","$","?","R","E","R","T","M","R","R","M","M"],"items_purchased_type":["Relic"],"build_version":"2020-12-22","purchased_purges":0,"victory":false,"max_hp_per_floor":[66,66,66,66,66,66,66,66,66,66,66,71,71,71,71,71,71,71,71,71,71,71,71,71,71,71,71,71,71,71,71,71],"card_choices":[{"not_picked":["Slice","Terror"],"picked":"Deadly Poison","floor":1.0},{"not_picked":["Flying Knee","Sucker Punch"],"picked":"Poisoned Stab","floor":2.0},{"not_picked":["Dodge and Roll","Flechettes"],"picked":"Backflip","floor":3.0},{"not_picked":["Deflect","Tactician"],"picked":"Bouncing Flask","floor":7.0},{"not_picked":["Dagger Throw","Prepared","Underhanded Strike"],"picked":"SKIP","floor":10.0},{"not_picked":["Backflip","Quick Slash"],"picked":"Crippling Poison","floor":13.0},{"not_picked":["Poisoned Stab","Dagger Spray","Backflip"],"picked":"SKIP","floor":14.0},{"not_picked":["Adrenaline","A Thousand Cuts"],"picked":"Night Terror","floor":16.0},{"not_picked":["Choke","Bane"],"picked":"PiercingWail","floor":18.0},{"not_picked":["Accuracy","Skewer","Storm of Steel"],"picked":"SKIP","floor":24},{"not_picked":["Acrobatics","Sucker Punch"],"picked":"Bane","floor":27},{"not_picked":["Tactician","Dagger Spray+1","Dagger Throw+1"],"picked":"SKIP","floor":30}],"player_experience":355665,"relics_obtained":[{"floor":9.0,"key":"Matryoshka"},{"floor":20.0,"key":"Toy Ornithopter"},{"floor":20.0,"key":"WingedGreaves"},{"floor":24,"key":"Blood Vial"},{"floor":26,"key":"Bag of Marbles"},{"floor":26,"key":"Paper Crane"}],"event_choices":[{"cards_removed":["Strike_G"],"damage_healed":0.0,"max_hp_gain":0.0,"max_hp_loss":0.0,"gold_gain":0.0,"event_name":"Golden Wing","player_choice":"Card Removal","floor":4.0,"gold_loss":0.0,"damage_taken":7.0},{"damage_healed":0.0,"max_hp_gain":0.0,"max_hp_loss":0.0,"gold_gain":0.0,"event_name":"Liars Game","player_choice":"Ignored","floor":5.0,"gold_loss":0.0,"damage_taken":0.0},{"damage_healed":0.0,"max_hp_gain":5.0,"max_hp_loss":0.0,"gold_gain":0.0,"event_name":"Big Fish","player_choice":"Donut","floor":12.0,"gold_loss":0.0,"damage_taken":0.0},{"cards_removed":["Strike_G"],"damage_healed":0.0,"max_hp_gain":0.0,"max_hp_loss":0.0,"gold_gain":0.0,"event_name":"Back to Basics","player_choice":"Elegance","floor":19.0,"gold_loss":0.0,"damage_taken":0.0},{"damage_healed":0.0,"max_hp_gain":0.0,"max_hp_loss":0.0,"gold_gain":0.0,"event_name":"The Library","player_choice":"Read","floor":22.0,"gold_loss":0.0,"damage_taken":0.0,"cards_obtained":["PiercingWail"]}],"is_beta":false,"boss_relics":[{"not_picked":["Pandora\u0027s Box","Coffee Dripper"],"picked":"Empty Cage"}],"items_purged_floors":[],"is_endless":false,"potions_floor_spawned":[7,10,14,16,24],"killed_by":"Snake Plant","ascension_level":20}}