{"host":"d5i1qeb9dejicw1z","time":1612237140,"event":{"mods":["AchievementEnabler","BaseMod","Better Note","BetterRewards","Evolution","Gold Saver","Minty Spire (QoL Compilation)","Permanent Neow","Relic Filter Mod","Reliquary","StSLib"],"gold_per_floor":[704,723,723,723,739,739,770,780,850,850,879,879,899,919,919,998,998,1009,1009,1022,1022,550,550,575,575,654,686,706,721,492,502,502,579,579,592,413,413,426,451,451,250,59,59,59,59,39,39,53,53,53,53,53],"floor_reached":51,"language":"ENG","playtime":2082,"items_purged":["Dark Shackles"],"score":1836,"play_id":"3af4b723-9e84-4210-ae4f-56944bb67a17","local_time":"20210201193900","is_ascension_mode":true,"campfire_choices":[{"data":"Zap","floor":6,"key":"SMITH"},{"data":"Dualcast","floor":10,"key":"SMITH"},{"data":"Defragment","floor":12,"key":"SMITH"},{"floor":15,"key":"REST"},{"data":"Echo Form","floor":23,"key":"SMITH"},{"floor":32,"key":"REST"},{"data":"Mayhem","floor":40,"key":"SMITH"},{"data":"Capacitor","floor":47,"key":"SMITH"},{"floor":49,"key":"REST"}],"circlet_count":0,"master_deck":["AscendersBane","Ball Lightning","Ball Lightning","Ball Lightning","Ball Lightning","Leap","Leap","Leap","Leap","Zap+1","Dualcast+1","Electrodynamics","Defragment+1","Echo Form+1","Echo Form+1","Mayhem+1","Cold Snap","Capacitor+1"],"relics":["Cracked Core","EVO:Axolotl","StoneCalendar","reliquary:Knoch","Bird Faced Urn","Du-Vu Doll","Ginger","Singing Bowl","reliquary:Boomerang","SacredBark","Membership Card","Calipers","Pen Nib","Pantograph","Blue Candle","Art of War","Unceasing Top","Nuclear Battery","reliquary:Stiletto","WingedGreaves","Lee\u0027s Waffle","Bag of Marbles","Mango","Darkstone Periapt"],"acts_visited":["Exordium","TheCity","TheBeyond"],"potions_floor_usage":[11,11,16,20,24,24,27,28,31,33,33,38,41,46,50],"damage_taken":[{"damage":9,"enemies":"Jaw Worm","floor":1,"turns":2},{"damage":0,"enemies":"Cultist","floor":2,"turns":2},{"damage":0,"enemies":"2 Louse","floor":5,"turns":1},{"damage":6,"enemies":"Gremlin Nob","floor":7,"turns":3},{"damage":0,"enemies":"Blue Slaver","floor":8,"turns":2},{"damage":0,"enemies":"Lagavulin","floor":11,"turns":4},{"damage":10,"enemies":"Red Slaver","floor":13,"turns":2},{"damage":2,"enemies":"Looter","floor":14,"turns":2},{"damage":14,"enemies":"Hexaghost","floor":16,"turns":7},{"damage":2,"enemies":"2 Thieves","floor":18,"turns":3},{"damage":0,"enemies":"Spheric Guardian","floor":20,"turns":3},{"damage":7,"enemies":"Gremlin Leader","floor":24,"turns":5},{"damage":28,"enemies":"Slavers","floor":27,"turns":3},{"damage":9,"enemies":"Centurion and Healer","floor":28,"turns":3},{"damage":24,"enemies":"Snake Plant","floor":29,"turns":4},{"damage":18,"enemies":"Chosen and Byrds","floor":31,"turns":3},{"damage":23,"enemies":"Collector","floor":33,"turns":6},{"damage":22,"enemies":"3 Shapes","floor":35,"turns":3},{"damage":32,"enemies":"3 Darklings","floor":38,"turns":3},{"damage":0,"enemies":"Mind Bloom Boss Battle","floor":39,"turns":4},{"damage":27,"enemies":"Transient","floor":48,"turns":6},{"damage":63,"enemies":"Donu and Deca","floor":50,"turns":5},{"damage":136,"enemies":"Time Eater","floor":51,"turns":9}],"seed_played":"5185004648734262201","potions_obtained":[{"floor":1,"key":"Energy Potion"},{"floor":7,"key":"PowerPotion"},{"floor":13,"key":"Weak Potion"},{"floor":18,"key":"AttackPotion"},{"floor":24,"key":"ColorlessPotion"},{"floor":27,"key":"AttackPotion"},{"floor":31,"key":"Weak Potion"},{"floor":35,"key":"Energy Potion"},{"floor":39,"key":"Fruit Juice"},{"floor":46,"key":"Fruit Juice"}],"is_trial":false,"path_per_floor":["M","M","?","?","M","R","E","M","T","R","E","R","M","M","R","B",null,"M","?","M","?","$","R","E","?","T","E","M","M","$","M","R","B",null,"M","$","?","M","?","R","$","$","T","?","?","?","R","M","R","B","B"],"character_chosen":"DEFECT","items_purchased":["reliquary:Knoch","Bird Faced Urn","Electrodynamics","Membership Card","Calipers","Pen Nib","EntropicBrew","Unceasing Top","Strength Potion","reliquary:Stiletto","Mayhem","Capacitor","Lee\u0027s Waffle","Bag of Marbles","Mango","Explosive Potion"],"campfire_rested":3,"item_purchase_floors":[0,0,0,22,22,22,22,30,30,36,36,41,41,41,42,42],"current_hp_per_floor":[69,73,73,73,75,75,71,73,73,73,81,81,75,77,89,77,86,88,88,93,93,93,93,92,92,92,70,71,57,57,49,79,86,100,84,84,84,62,97,97,126,140,140,142,135,145,145,125,147,94,0,0],"gold":53,"neow_bonus":"","is_daily":false,"chose_seed":false,"campfire_upgraded":6,"win_rate":0.0,"timestamp":1612237140,"path_taken":["M","M","?","?","?","R","E","M","T","R","E","R","M","M","R","BOSS","M","?","M","?","$","R","E","?","T","E","M","M","$","M","R","BOSS","M","$","?","M","?","R","$","$","T","?","?","?","R","?","R","BOSS","BOSS"],"items_purchased_type":["Relic","Relic","Card","Relic","Relic","Relic","Potion","Relic","Potion","Relic","Card","Card","Relic","Relic","Relic","Potion"],"build_version":"2020-12-22","purchased_purges":1,"victory":false,"max_hp_per_floor":[83,83,83,83,83,83,83,83,83,83,85,85,87,89,89,89,89,91,91,93,93,93,93,95,95,95,97,99,101,101,103,103,105,105,107,107,107,107,109,109,126,140,140,142,135,145,145,147,147,147,147,147],"card_choices":[{"not_picked":["Turbo","Redo","Aggregate"],"picked":"SKIP","floor":1},{"not_picked":["Compile Driver","Undo","Steam"],"picked":"SKIP","floor":2},{"not_picked":["Compile Driver","Undo","Steam"],"picked":"SKIP","floor":2},{"not_picked":["Coolheaded","Gash","Cold Snap"],"picked":"SKIP","floor":5},{"not_picked":["Stack","All For One"],"picked":"Defragment","floor":7},{"not_picked":["Turbo","Redo","Gash"],"picked":"SKIP","floor":8},{"not_picked":["Lockon","Force Field","Genetic Algorithm"],"picked":"Singing Bowl","floor":11},{"not_picked":["Doom and Gloom","Steam Power","Hologram"],"picked":"Singing Bowl","floor":13},{"not_picked":["Hologram","Chaos","Conserve Battery"],"picked":"Singing Bowl","floor":14},{"not_picked":["Machine Learning","Electrodynamics"],"picked":"Echo Form","floor":16},{"not_picked":["Steam+1","Coolheaded+1","Heatsinks"],"picked":"Singing Bowl","floor":18},{"not_picked":["Conserve Battery","Gash","Stack"],"picked":"Singing Bowl","floor":20},{"not_picked":["Streamline","Creative AI","Hello World"],"picked":"Singing Bowl","floor":24},{"not_picked":["Fusion","Ball Lightning","Doom and Gloom"],"picked":"Singing Bowl","floor":27},{"not_picked":["Compile Driver","Hologram","Conserve Battery"],"picked":"Singing Bowl","floor":28},{"not_picked":["Conserve Battery","Recycle","BootSequence+1"],"picked":"Singing Bowl","floor":29},{"not_picked":["Conserve Battery","Stack","Go for the Eyes"],"picked":"Singing Bowl","floor":31},{"not_picked":["Biased Cognition","Creative AI","All For One"],"picked":"Singing Bowl","floor":33},{"not_picked":["Steam Power","Rebound","Sweeping Beam"],"picked":"Singing Bowl","floor":35},{"not_picked":["Conserve Battery","Loop"],"picked":"Cold Snap","floor":38},{"not_picked":["Sweeping Beam","Genetic Algorithm","Conserve Battery"],"picked":"Singing Bowl","floor":39},{"not_picked":["Thinking Ahead","Panacea","Secret Weapon"],"picked":"Singing Bowl","floor":44},{"not_picked":["White Noise","Rebound+1","FTL+1"],"picked":"Singing Bowl","floor":48}],"player_experience":1232179,"relics_obtained":[{"floor":7,"key":"Ginger"},{"floor":9,"key":"Singing Bowl"},{"floor":11,"key":"reliquary:Boomerang"},{"floor":24,"key":"Pantograph"},{"floor":26,"key":"Blue Candle"},{"floor":27,"key":"Art of War"},{"floor":39,"key":"WingedGreaves"},{"floor":43,"key":"Darkstone Periapt"}],"event_choices":[{"damage_healed":0,"gold_gain":0,"player_choice":"Ignored","damage_taken":0,"max_hp_gain":0,"max_hp_loss":0,"event_name":"Liars Game","floor":3,"gold_loss":0},{"cards_removed":["Sadistic Nature"],"damage_healed":0,"gold_gain":0,"player_choice":"Purged","damage_taken":0,"max_hp_gain":0,"max_hp_loss":0,"event_name":"Purifier","floor":4,"gold_loss":0},{"damage_healed":0,"gold_gain":0,"player_choice":"Ignored","damage_taken":0,"max_hp_gain":0,"max_hp_loss":0,"event_name":"betterNote:BetterNote","floor":19,"gold_loss":0,"cards_obtained":["Echo Form"]},{"damage_healed":0,"gold_gain":0,"player_choice":"Ignored","damage_taken":0,"max_hp_gain":0,"max_hp_loss":0,"event_name":"Vampires","floor":21,"gold_loss":0},{"damage_healed":0,"gold_gain":0,"player_choice":"Copied","damage_taken":0,"max_hp_gain":0,"max_hp_loss":0,"event_name":"Duplicator","floor":25,"gold_loss":0,"cards_obtained":["Echo Form"]},{"damage_healed":0,"gold_gain":0,"player_choice":"Ignored","damage_taken":0,"max_hp_gain":0,"max_hp_loss":0,"event_name":"Tomb of Lord Red Mask","floor":37,"gold_loss":0},{"damage_healed":0,"gold_gain":0,"player_choice":"Fight","damage_taken":0,"max_hp_gain":0,"max_hp_loss":0,"event_name":"MindBloom","floor":39,"gold_loss":0},{"damage_healed":0,"gold_gain":0,"player_choice":"Memory 1","damage_taken":0,"max_hp_gain":0,"max_hp_loss":0,"event_name":"SensoryStone","floor":44,"gold_loss":0},{"damage_healed":0,"gold_gain":0,"player_choice":"Max HP","damage_taken":0,"max_hp_gain":0,"max_hp_loss":7,"event_name":"Winding Halls","floor":45,"gold_loss":0},{"damage_healed":0,"gold_gain":0,"player_choice":"Bought 1 Potion","damage_taken":0,"max_hp_gain":0,"max_hp_loss":0,"event_name":"The Woman in Blue","floor":46,"gold_loss":0}],"is_beta":false,"boss_relics":[{"not_picked":["reliquary:WritOfMandamus","reliquary:Craggleroot"],"picked":"SacredBark"},{"not_picked":["Inserter","Coffee Dripper"],"picked":"Nuclear Battery"}],"items_purged_floors":[30],"is_endless":false,"potions_floor_spawned":[1,7,13,18,24,27,31,35,39],"killed_by":"Time Eater","ascension_level":20}}