{"host":"fzjysjq26ryju8gm","time":1612229634,"event":{"mods":["BaseMod","BetterRewards","CapriCore","Downfall","Koishi","Minty Spire (QoL Compilation)","Replay The Spire","Shop Mod","StSLib","The Immortal","Waifu the Spire","Yakumo Yukari mod","[IsaacMod]以撒尖塔","noobMod","篝火指南"],"gold_per_floor":[160,172,185,22,42,142,168,195,210,210,235,245,145,177,196,299,299,299,319,319,598,133,133,133,133,160,160,195,23,23,42,54,151,151,151,162,212,229,229,245,270,287,302,336,228,248,248,304,316,316],"floor_reached":51,"language":"ZHS","playtime":3936,"items_purged":["Delirium"],"score":875,"play_id":"ef9d302f-16cf-46d1-a99b-3e0f846fea8b","local_time":"20210202093354","is_ascension_mode":true,"campfire_choices":[{"data":"bronze:Replicate","floor":1,"key":"SMITH"},{"data":"bronze:Break","floor":13,"key":"SMITH"},{"data":"bronze:ClassDefault","floor":18,"key":"SMITH"},{"data":"Mayhem","floor":25,"key":"SMITH"},{"data":"bronze:CleanCode","floor":27,"key":"SMITH"},{"data":"bronze:SpaghettiCode","floor":30,"key":"SMITH"},{"data":"bronze:CleanCode","floor":35,"key":"SMITH"},{"data":"expansioncontent:StudyTheSpire","floor":47,"key":"SMITH"}],"circlet_count":0,"master_deck":["bronze:Replicate+1","bronze:Goto","bronze:Break","bronze:FineTuning","bronze:WhirlingStrike","bronze:ChildClass","bronze:SpaghettiCode+1","bronze:Terminator","bronze:Break+1","bronze:ClassDefault+1","bronze:Boost","bronze:ShipIt","bronze:WhirlingStrike","bronze:CleanCode+1","bronze:Frontload","bronze:NullPointer","bronze:Optimize","Mayhem+1","bronze:AlphaBuild","bronze:GetLatest","bronze:CleanCode+1","bronze:Shield","bronze:AlphaBuild","bronze:Terminator","bronze:FineTuning+1","bronze:ChildClass+1","bronze:RecursiveStrike","bronze:Separator+1","bronze:Allocate+1","expansioncontent:StudyTheSpire+1","bronze:BugBarrage","bronze:BronzeArmor","bronze:Break"],"relics":["HushsDoor","ice","BloodDonationMachine","SacredBark","Strange Spoon","Vajra","Replay:PocketPolymizer","NineVolt","downfall:HeartBlessingGreen","Lizard Tail","Philosopher\u0027s Stone","GuppysPaw","Replay:Rubber Ducky","Orichalcum","Bottled Lightning","BelialBook","Mummified Hand","Coffee Dripper","ForgetMeNow","bronze:SilverBullet","Calipers","ReplayTheSpireMod:CursedCoin","Question Card"],"acts_visited":["Exordium","TheCity","TheBeyond"],"potions_floor_usage":[11,33,37,50,50,50],"damage_taken":[{"damage":1,"enemies":"Cultist","floor":2,"turns":3},{"damage":0,"enemies":"2 Louse","floor":3,"turns":1},{"damage":2,"enemies":"downfall:FleeingMerchant","floor":4,"turns":4},{"damage":6,"enemies":"Jaw Worm","floor":5,"turns":2},{"damage":12,"enemies":"3 Sentries","floor":8,"turns":6},{"damage":9,"enemies":"Blue Slaver","floor":9,"turns":2},{"damage":16,"enemies":"Gremlin Nob","floor":11,"turns":3},{"damage":0,"enemies":"Large Slime","floor":12,"turns":3},{"damage":23,"enemies":"3 Sentries","floor":14,"turns":7},{"damage":5,"enemies":"Exordium Thugs","floor":15,"turns":3},{"damage":32,"enemies":"WA_ARCHETYPE_RETAIN","floor":16,"turns":7},{"damage":0,"enemies":"Shell Parasite","floor":19,"turns":2},{"damage":0,"enemies":"downfall:FleeingMerchant","floor":21,"turns":4},{"damage":4,"enemies":"Book of Stabbing","floor":26,"turns":2},{"damage":6,"enemies":"Slavers","floor":28,"turns":2},{"damage":0,"enemies":"3 Cultists","floor":31,"turns":3},{"damage":0,"enemies":"Centurion and Healer","floor":32,"turns":2},{"damage":0,"enemies":"SI_MIRROR_ARCHETYPE","floor":33,"turns":4},{"damage":0,"enemies":"3 Darklings","floor":36,"turns":3},{"damage":0,"enemies":"2 Orb Walkers","floor":37,"turns":3},{"damage":0,"enemies":"Orb Walker","floor":38,"turns":2},{"damage":0,"enemies":"Jaw Worm Horde","floor":40,"turns":1},{"damage":15,"enemies":"4 Shapes","floor":42,"turns":1},{"damage":0,"enemies":"Maw","floor":43,"turns":3},{"damage":0,"enemies":"Nemesis","floor":44,"turns":3},{"damage":0,"enemies":"Spire Growth","floor":46,"turns":2},{"damage":0,"enemies":"Writhing Mass","floor":49,"turns":2},{"damage":36,"enemies":"DF_ARCHETYPE_ORBS","floor":50,"turns":3}],"seed_played":"-2381461618462213844","potions_obtained":[{"floor":3,"key":"BlessingOfTheForge"},{"floor":9,"key":"ColorlessPotion"},{"floor":14,"key":"Languid Potion"},{"floor":15,"key":"LiquidBronze"},{"floor":20,"key":"CultistPotion"},{"floor":33,"key":"ColorlessPotion"},{"floor":40,"key":"BlessingOfTheForge"}],"is_trial":false,"path_per_floor":["R","M","M","$","M","?","T","E","M","?","E","M","R","E","M","B",null,"R","M","?","$","$","?","T","R","E","R","E","$","R","M","M","B",null,"R","M","?","M","?","M","T","M","M","E","$","M","R","?","M","B",null],"character_chosen":"THE_AUTOMATON","items_purchased":["Strange Spoon","bronze:Optimize","GuppysPaw","Mayhem","Mummified Hand","expansioncontent:StudyTheSpire","ReplayTheSpireMod:CursedCoin"],"campfire_rested":0,"item_purchase_floors":[4,21,22,22,29,45,45],"current_hp_per_floor":[62,61,61,59,53,53,53,41,32,32,16,16,16,56,51,79,79,79,79,79,79,79,64,64,64,60,60,54,46,46,46,46,46,95,95,95,95,95,95,95,95,80,80,80,80,80,80,80,80,44],"gold":316,"neow_bonus":"BOSS_RELIC","is_daily":false,"chose_seed":false,"campfire_upgraded":8,"win_rate":0.0,"timestamp":1612229634,"path_taken":["R","M","?","$","M","?","T","E","M","?","E","M","R","E","M","BOSS","R","M","?","?","$","?","T","R","E","R","E","$","R","M","M","BOSS","R","M","?","M","?","M","T","M","?","E","?","M","R","?","M","BOSS"],"items_purchased_type":["Relic","Card","Relic","Card","Relic","Card","Relic"],"build_version":"2020-12-22","purchased_purges":1,"victory":true,"max_hp_per_floor":[70,70,70,70,70,70,70,70,70,70,70,70,70,72,74,79,79,79,80,80,85,85,85,85,85,87,87,89,89,89,90,91,95,95,95,98,100,101,101,101,101,106,107,110,110,110,110,110,111,116],"card_choices":[{"not_picked":["bronze:BugBarrage","bronze:Iterate"],"picked":"bronze:Break","floor":2},{"not_picked":["bronze:Turbo","bronze:BitShift"],"picked":"bronze:FineTuning","floor":3},{"not_picked":["bronze:Frontload","bronze:BitShift"],"picked":"bronze:WhirlingStrike","floor":4},{"not_picked":["bronze:CloningBeam","bronze:BitShift"],"picked":"bronze:ChildClass","floor":5},{"not_picked":["bronze:CloningBeam","bronze:Return"],"picked":"bronze:SpaghettiCode","floor":8},{"not_picked":["bronze:WildBeam","bronze:DelayedSlice"],"picked":"bronze:Terminator","floor":9},{"not_picked":["bronze:ChildClass","bronze:Return","bronze:WildBeam"],"picked":"SKIP","floor":11},{"not_picked":["bronze:Separator","bronze:Deprecate"],"picked":"bronze:ClassDefault","floor":12},{"not_picked":["bronze:BuggyMess","bronze:Separator"],"picked":"bronze:ShipIt","floor":14},{"not_picked":["bronze:WildBeam","bronze:BitShift"],"picked":"bronze:WhirlingStrike","floor":15},{"not_picked":["bronze:ShipIt","bronze:HardenedForm"],"picked":"bronze:CleanCode","floor":16},{"not_picked":["bronze:Separator","bronze:BitShift+1"],"picked":"bronze:NullPointer","floor":19},{"not_picked":["bronze:FollowUp","bronze:Separator","bronze:Frontload+1"],"picked":"SKIP","floor":21},{"not_picked":["bronze:BitShift+1","bronze:Safeguard","bronze:DelayedGuard"],"picked":"SKIP","floor":26},{"not_picked":["bronze:Branch","bronze:ItsAFeature+1"],"picked":"bronze:CleanCode","floor":28},{"not_picked":["bronze:BitShift","bronze:Separator","bronze:Deprecate"],"picked":"SKIP","floor":31},{"not_picked":["bronze:ForceShield","bronze:Repulsor+1","bronze:Turbo"],"picked":"SKIP","floor":32},{"not_picked":["bronze:Break","bronze:Format"],"picked":"bronze:AlphaBuild","floor":33},{"not_picked":["bronze:BitShift+1","bronze:Turbo+1"],"picked":"bronze:FineTuning+1","floor":36},{"not_picked":["bronze:Invalidate+1","bronze:Overload"],"picked":"bronze:ChildClass+1","floor":38},{"not_picked":["bronze:BitShift","bronze:DelayedGuard+1"],"picked":"bronze:RecursiveStrike","floor":40},{"not_picked":["bronze:OilSpill","bronze:BugBarrage+1","bronze:Invalidate+1"],"picked":"SKIP","floor":42},{"not_picked":["bronze:FineTuning","bronze:ClassDefault"],"picked":"bronze:Separator+1","floor":43},{"not_picked":["bronze:WildBeam+1","bronze:CleanCode"],"picked":"bronze:Allocate+1","floor":44},{"not_picked":["bronze:DelayedSlice+1","bronze:DelayedGuard+1","bronze:Branch+1"],"picked":"SKIP","floor":46},{"not_picked":["bronze:FineTuning+1","bronze:WhirlingStrike+1"],"picked":"bronze:BronzeArmor","floor":48},{"not_picked":["bronze:DigitalCarnage+1","bronze:OilSpill+1","bronze:Branch+1"],"picked":"bronze:Break","floor":49}],"player_experience":763790,"relics_obtained":[{"floor":7,"key":"Vajra"},{"floor":8,"key":"Replay:PocketPolymizer"},{"floor":11,"key":"NineVolt"},{"floor":14,"key":"Lizard Tail"},{"floor":24,"key":"Orichalcum"},{"floor":26,"key":"Bottled Lightning"},{"floor":28,"key":"BelialBook"},{"floor":37,"key":"ForgetMeNow"},{"floor":41,"key":"bronze:SilverBullet"},{"floor":44,"key":"Calipers"},{"floor":48,"key":"Question Card"}],"event_choices":[{"damage_healed":0,"gold_gain":0,"player_choice":"Fight","damage_taken":0,"max_hp_gain":0,"max_hp_loss":0,"event_name":"Mysterious Sphere","floor":37,"gold_loss":0}],"is_beta":false,"boss_relics":[{"not_picked":["Busted Crown","Runic Dome"],"picked":"Philosopher\u0027s Stone"},{"not_picked":[]},{"not_picked":["Snecko Eye","MagicMushroom"],"picked":"Coffee Dripper"},{"not_picked":[]}],"items_purged_floors":[45],"is_endless":false,"potions_floor_spawned":[3,9,14,15,16,28,32,33,36,40,42,44,46],"ascension_level":1}}