{"host":"bg0cyinkrjnqf173","time":1612240009,"event":{"mods":["2.2 Compatiblity","Aspiration","BaseMod","Beaked The Cultist","Better Third Choice","BetterRewards","Colored Map","Conspire","Curses Come First","Defuse TimeMaze Blight","Displayed Cursed Tome","Googly Eyes","Halation","Hubris","Infinite Spire","Jedi Mod","Minty Spire (QoL Compilation)","Permanent Neow","Quick Restart","Rare Cards Sparkle","Relic Sorter","Replay The Spire","Shop Mod","Spicy Shops","Spikes Relics","StSLib","The Bladedancer","The Construct","The Valiant"],"gold_per_floor":[117,49,60,79,179,179,191,191,191,225,237,237,252,262,262,361,461,479,479,479,260,274,274,274,274],"floor_reached":24,"language":"ENG","playtime":1533,"items_purged":["Decay"],"score":260,"play_id":"828b35d4-759a-48f6-b1bb-c4af2a1bd520","local_time":"20210201232649","is_ascension_mode":true,"campfire_choices":[{"data":"Accuracy","floor":6.0,"key":"SMITH"},{"data":"jedi:poisonivy","floor":8.0,"key":"SMITH"},{"floor":12.0,"key":"REST"},{"floor":15.0,"key":"REST"},{"floor":23,"key":"REST"}],"circlet_count":0,"master_deck":["Strike_G","Strike_G","Strike_G","Strike_G","Strike_G","Defend_G","Defend_G","Defend_G","Defend_G","Defend_G","Survivor","Neutralize","Accuracy+1","Backflip","jedi:poisonivy+1","Blade Dance","Dagger Spray","Burst","Poisoned Stab","Prepared","Poisoned Stab","A Thousand Cuts","Poisoned Stab","Accuracy+1","Leg Sweep+1"],"relics":["Ring of the Snake","Basket Of Snakes","Shuriken","Replay:Wanted Poster","DollysMirror"],"acts_visited":["Exordium","TheCity"],"potions_floor_usage":[24],"damage_taken":[{"damage":2.0,"enemies":"Jaw Worm","floor":1.0,"turns":5.0},{"damage":6.0,"enemies":"Cultist","floor":3.0,"turns":4.0},{"damage":0.0,"enemies":"2 Louse","floor":4.0,"turns":2.0},{"damage":4.0,"enemies":"Blue Slaver","floor":7.0,"turns":3.0},{"damage":28.0,"enemies":"Gremlin Nob","floor":10.0,"turns":5.0},{"damage":3.0,"enemies":"Exordium Thugs","floor":11.0,"turns":4.0},{"damage":2.0,"enemies":"Looter","floor":13.0,"turns":2.0},{"damage":8.0,"enemies":"Large Slime","floor":14.0,"turns":4.0},{"damage":0.0,"enemies":"Slime Boss","floor":16.0,"turns":3.0},{"damage":36,"enemies":"conspire:FuzzyDice","floor":18,"turns":4},{"damage":14,"enemies":"Shell Parasite","floor":22,"turns":6},{"damage":41,"enemies":"Replay:Snechameleon","floor":24,"turns":3}],"seed_played":"4103113406615281736","potions_obtained":[{"floor":1.0,"key":"Weak Potion"},{"floor":10.0,"key":"Fire Potion"},{"floor":11.0,"key":"construct:ShiftPotion"},{"floor":16.0,"key":"Venom Potion"},{"floor":22,"key":"Toxic Potion"}],"is_trial":false,"path_per_floor":["M","$","M","M","?","R","M","R","T","E","M","R","M","M","R","B",null,"M","?","?","$","M","R","E"],"character_chosen":"THE_SILENT","items_purchased":["jedi:poisonivy","DollysMirror"],"campfire_rested":3,"item_purchase_floors":[2,21],"current_hp_per_floor":[68,68,62,62,62,62,58,58,58,30,27,48,46,38,59,59,70,34,34,34,34,20,41,0,0],"gold":274,"neow_bonus":"THREE_CARDS","is_daily":false,"chose_seed":false,"campfire_upgraded":2,"win_rate":0.0,"timestamp":1612240009,"path_taken":["M","$","M","M","?","R","?","R","T","E","?","R","M","M","R","BOSS","M","?","?","?","M","R","E"],"items_purchased_type":["Card","Relic"],"build_version":"2020-12-22","purchased_purges":1,"victory":false,"max_hp_per_floor":[70,70,70,70,70,70,70,70,70,70,70,70,70,70,70,70,70,70,70,70,70,70,70,70,70],"card_choices":[{"not_picked":["Prepared","Acrobatics"],"picked":"Accuracy","floor":0.0},{"not_picked":["Bane","Poisoned Stab"],"picked":"Backflip","floor":1.0},{"not_picked":["Cloak And Dagger","Slice"],"picked":"Blade Dance","floor":3.0},{"not_picked":["Skewer","Outmaneuver","Slice"],"picked":"SKIP","floor":4.0},{"not_picked":["Bane","Caltrops"],"picked":"Dagger Spray","floor":7.0},{"not_picked":["Flying Knee","hubris:SlightOfHand"],"picked":"Burst","floor":10.0},{"not_picked":["Bane","Dagger Spray"],"picked":"Poisoned Stab","floor":11.0},{"not_picked":["PiercingWail","Slice"],"picked":"Prepared","floor":13.0},{"not_picked":["PiercingWail","Acrobatics"],"picked":"Poisoned Stab","floor":14.0},{"not_picked":["jedi:brewingpoison","Venomology"],"picked":"A Thousand Cuts","floor":16.0},{"not_picked":["hubris:SlightOfHand","Outmaneuver"],"picked":"Poisoned Stab","floor":18},{"not_picked":["Bane+1","Noxious Fumes"],"picked":"Leg Sweep+1","floor":22}],"player_experience":757192,"relics_obtained":[{"floor":9.0,"key":"Basket Of Snakes"},{"floor":10.0,"key":"Shuriken"}],"event_choices":[{"damage_healed":0.0,"max_hp_gain":0.0,"max_hp_loss":0.0,"gold_gain":100.0,"event_name":"Wheel of Change","player_choice":"Gold","floor":5.0,"gold_loss":0.0,"damage_taken":0.0},{"damage_healed":0,"gold_gain":0,"player_choice":"Smashed Altar","damage_taken":0,"max_hp_gain":0,"max_hp_loss":0,"event_name":"Forgotten Altar","floor":19,"gold_loss":0,"cards_obtained":["Decay"]},{"damage_healed":0,"gold_gain":0,"player_choice":"Ignored","damage_taken":0,"max_hp_gain":0,"max_hp_loss":0,"event_name":"Cursed Tome","floor":20,"gold_loss":0}],"is_beta":false,"boss_relics":[{"not_picked":["aspiration:DefectSkillbook","jedi:battlestandard"],"picked":"Replay:Wanted Poster"}],"items_purged_floors":[21],"is_endless":false,"potions_floor_spawned":[1,10,11,16,22],"killed_by":"Replay:Snechameleon","ascension_level":1}}