{"host":"pgm1p3lvdjflie30","time":1612258928,"event":{"mods":["ATMod(阿瑾Mod)","AchievementEnabler","Aspiration","BaseMod","Colored Map","Colored Powertips","Conspire","Dark Map","Dota2Spire","Energized Spire","Highlight Path","Minty Spire (QoL Compilation)","MostiFishMod","Nova Terra(?娃·泰拉)","Quarter Circle Forward PUNCH!","Quick Restart","Replay The Spire","Spicy Shops","StSLib","TestMod","The IronCluck","The Jungle","Waifu the Spire","【?物卡牌】REMEMod","篝火指南"],"gold_per_floor":[113,113,113,129,148,148,182,199,199,234,248,248,258,10,10,111,111,124,151,169,169,22,55,19,19,73,139,139,139,139,196,196,401,401,494,494,639,2,402,402,506,506,579,579,579,639,639,639,720,757,757,837,837,837,-1396,-1311,-1256],"floor_reached":58,"language":"ZHS","playtime":2510,"items_purged":[],"score":1614,"play_id":"179213b4-0c0c-4bfd-bdb5-2d4a0e6e93d8","local_time":"20210202174208","is_ascension_mode":false,"campfire_choices":[{"floor":6.0,"key":"RECALL"},{"data":"NovaMod:SabotageDrone","floor":12.0,"key":"SMITH"},{"data":"NovaMod:PenetratingBlast","floor":15.0,"key":"SMITH"},{"data":"NovaMod:Missile","floor":25.0,"key":"SMITH"},{"data":"NovaMod:MonomolecularBlade","floor":29.0,"key":"SMITH"},{"data":"NovaMod:ScienceVessel","floor":40.0,"key":"SMITH"},{"data":"RitualDagger","floor":42.0,"key":"SMITH"},{"data":"NovaMod:InfernalIgniter","floor":47,"key":"SMITH"},{"data":"NovaMod:RadiationWarrior","floor":54,"key":"SMITH"}],"circlet_count":1,"master_deck":["NovaMod:Basic_Strike_Nova","NovaMod:Basic_Strike_Nova","NovaMod:Basic_Strike_Nova","NovaMod:Basic_Strike_Nova","NovaMod:Basic_Defend_Nova","NovaMod:Basic_Defend_Nova","NovaMod:Basic_Defend_Nova","NovaMod:Basic_Defend_Nova","NovaMod:Snipe","NovaMod:PenetratingBlast","Madness+1","AT_FamilyPortrait","NovaMod:MonomolecularBlade+1","NovaMod:SwiftChop","NovaMod:RadiationShooting","NovaMod:SabotageDrone+1","NovaMod:TripleTap","NovaMod:Pollution","NovaMod:PenetratingBlast+1","NovaMod:Detonation","NovaMod:Missile+1","NovaMod:AirDrop","NovaMod:MonomolecularBlade+1","NovaMod:JetAssault","NovaMod:RadiationWarrior+1","NovaMod:QuickResponse+1","RitualDagger+1","NovaMod:RaidArtillery","NovaMod:ScienceVessel+1","NovaMod:MechanicalArmor","NovaMod:InfernalIgniter+1","NovaMod:RadiationShooting","NovaMod:SuperStimPack+1","Dark Shackles","testmod-Collector","conspire:Banana","NovaMod:Thor","NovaMod:Pollution+1","NovaMod:Detonation+1"],"relics":["NovaMod:GhostSuit","AT_ATBox","REME_ComplimentaryCards","DaveBox","testmod-TestBox","ShadowXiaoBlade","testmod-NegativeEmotionEnhancer","SynthV:TestCard","ReplayTheSpireMod:Ring of Sloth","Ring of Searing","testmod-LifeArmor","ReplayTheSpireMod:TigerMarble","qcfpunch:Handcuffs","Circlet","GreenFoldingFan","Red Mask","MutagenicStrength","Membership Card","Happy Flower","SynthV","AT_MibuBalloonWealth","Potion Belt","Chameleon Ring","testmod-Nine","Lee\u0027s Waffle","Replay:Baseball","MetatronsCube","Pet Ghost","InkBottle","Dota2Spire:HandOfMidas","Dota2Spire:Desolator","BirthdayGift-Tetrahedron","AT_DeathDance","AT_SilvercatRing","SynthV:MejaisSoulstealer","aspiration:FrozenJewel"],"acts_visited":["Exordium","TheCity","TheBeyond","TheEnding"],"potions_floor_usage":[46,49,57,57],"damage_taken":[{"damage":0.0,"enemies":"Jaw Worm","floor":1.0,"turns":1.0},{"damage":0.0,"enemies":"2 Louse","floor":4.0,"turns":1.0},{"damage":0.0,"enemies":"Cultist","floor":5.0,"turns":1.0},{"damage":25.0,"enemies":"Lagavulin","floor":7.0,"turns":3.0},{"damage":5.0,"enemies":"Gremlin Gang","floor":8.0,"turns":2.0},{"damage":14.0,"enemies":"3 Sentries","floor":10.0,"turns":3.0},{"damage":5.0,"enemies":"Blue Slaver","floor":11.0,"turns":2.0},{"damage":0.0,"enemies":"2 Fungi Beasts","floor":13.0,"turns":2.0},{"damage":14.0,"enemies":"Fading Forest","floor":16.0,"turns":9.0},{"damage":9.0,"enemies":"Spheric Guardian","floor":18.0,"turns":2.0},{"damage":9.0,"enemies":"Masked Bandits","floor":19.0,"turns":2.0},{"damage":16.0,"enemies":"3 Byrds","floor":20.0,"turns":3.0},{"damage":16.0,"enemies":"conspire:Head Lice","floor":23.0,"turns":3.0},{"damage":16.0,"enemies":"Shelled Parasite and Fungi","floor":27.0,"turns":3.0},{"damage":2.0,"enemies":"Replay:Snechameleon","floor":31.0,"turns":1.0},{"damage":18.0,"enemies":"Pondfish","floor":33.0,"turns":3.0},{"damage":15.0,"enemies":"3 Shapes","floor":35.0,"turns":2.0},{"damage":23.0,"enemies":"3 Darklings","floor":37.0,"turns":4.0},{"damage":19.0,"enemies":"HollowMod:StalkingDevout","floor":41.0,"turns":3.0},{"damage":23,"enemies":"Giant Head","floor":46,"turns":4},{"damage":6,"enemies":"R_Hoarder","floor":49,"turns":3},{"damage":9,"enemies":"Maw","floor":50,"turns":2},{"damage":36,"enemies":"Donu and Deca","floor":52,"turns":4},{"damage":11,"enemies":"Shield and Spear","floor":56,"turns":2},{"damage":29,"enemies":"The Heart","floor":57,"turns":4}],"seed_played":"6591379341546407870","potions_obtained":[{"floor":1.0,"key":"Dota2Spire:HealingSalve"},{"floor":4.0,"key":"Doom Potion"},{"floor":8.0,"key":"PowerPotion"},{"floor":11.0,"key":"PowerPotion"},{"floor":18.0,"key":"Regen Potion"},{"floor":31.0,"key":"DistilledChaos"},{"floor":32.0,"key":"Adrenaline Potion"},{"floor":32.0,"key":"Reflective Coating"},{"floor":33.0,"key":"Strength Potion"},{"floor":37.0,"key":"Adrenaline Potion"},{"floor":46,"key":"Energy Potion"},{"floor":49,"key":"testmod-EscapePotion"}],"is_trial":false,"path_per_floor":["M","?","?","M","M","R","E","M","T","E","M","R","M","$","R","B",null,"M","?","M","?","$","E","$","R","T","M","?","R","?","E","R","B",null,"M","?","M","$","?","R","E","R","T","PTL","PTL","E","R","?","E","M","R_BF","B",null,"R","$","E","B",null],"character_chosen":"NOVA","items_purchased":["HollowMod:PaleOreRelic","Fruit Juice","Membership Card","SynthV","Lee\u0027s Waffle","Fruit Juice","Replay:Baseball","MetatronsCube","Pet Ghost","BirthdayGift-Tetrahedron","AT_DeathDance","AT_SilvercatRing","Block Potion","SynthV:MejaisSoulstealer"],"campfire_rested":0,"item_purchase_floors":[14,14,22,24,38,38,38,38,38,55,55,55,55,55],"current_hp_per_floor":[81,81,81,82,83,83,65,70,70,65,62,62,65,70,70,64,94,95,96,94,94,94,98,98,98,98,95,95,95,89,99,99,96,101,100,100,95,117,117,117,112,112,112,112,112,101,101,91,97,101,122,99,123,123,123,124,108],"gold":-1256,"neow_bonus":"THREE_ENEMY_KILL","is_daily":false,"chose_seed":false,"campfire_upgraded":8,"win_rate":0.0,"timestamp":1612258928,"path_taken":["M","?","?","M","M","R","E","M","T","E","?","R","?","$","R","BOSS","M","?","M","?","$","E","?","R","T","?","?","R","?","E","R","BOSS","M","?","?","$","?","R","E","R","T","PTL","PTL","E","R","?","E","M","R_BF","BOSS","R","$","E","BOSS"],"items_purchased_type":["Undefined","Potion","Relic","Relic","Relic","Potion","Relic","Relic","Relic","Relic","Relic","Relic","Potion","Relic"],"build_version":"2020-12-22","purchased_purges":0,"victory":true,"max_hp_per_floor":[81,81,81,82,83,83,84,85,85,86,87,87,88,93,93,94,94,95,96,97,97,97,98,98,98,98,99,99,99,99,100,100,101,101,102,102,103,117,117,117,118,118,118,118,118,119,119,119,120,122,122,123,123,123,123,124,126],"card_choices":[{"not_picked":["NovaMod:Blink","NovaMod:TechLab"],"picked":"NovaMod:MonomolecularBlade","floor":1.0},{"not_picked":["NovaMod:PulseGrenade","NovaMod:StimPack","NovaMod:Bioaugmentation","NovaMod:Blink"],"picked":"NovaMod:SwiftChop","floor":4.0},{"not_picked":["NovaMod:StimPack","NovaMod:WidowMine","NovaMod:Mediatation","NovaMod:Detonation"],"picked":"NovaMod:RadiationShooting","floor":5.0},{"not_picked":["NovaMod:PrecsionAssembly","NovaMod:SecondaryDamage","NovaMod:TripleTap","NovaMod:MagrailMunitions"],"picked":"NovaMod:SabotageDrone","floor":7.0},{"not_picked":["NovaMod:PulseGrenade","NovaMod:NuclearInterference","NovaMod:SwiftChop","NovaMod:PrecsionAssembly"],"picked":"NovaMod:TripleTap","floor":8.0},{"not_picked":["NovaMod:HoloDecoy","NovaMod:Standby","NovaMod:NuclearInterference","NovaMod:SmartServos"],"picked":"NovaMod:Pollution","floor":10.0},{"not_picked":["NovaMod:Thor","NovaMod:AirDrop","NovaMod:ExtremeReovery","NovaMod:Standby"],"picked":"NovaMod:PenetratingBlast","floor":11.0},{"not_picked":["NovaMod:WidowMine","NovaMod:PrecsionAssembly","NovaMod:Snipe","NovaMod:TechLab"],"picked":"NovaMod:Detonation","floor":13.0},{"not_picked":["NovaMod:ExtremeReovery","NovaMod:RadioactiveSource","NovaMod:SecondaryDamage","NovaMod:SabotageDrone"],"picked":"NovaMod:Missile","floor":16.0},{"not_picked":["NovaMod:TripleTap","NovaMod:StimPack+1","NovaMod:FastGuidance","NovaMod:Lurk"],"picked":"NovaMod:AirDrop","floor":18.0},{"not_picked":["NovaMod:Pollution","NovaMod:Upgrade","NovaMod:HoloDecoy+1","NovaMod:SuppressionShells+1"],"picked":"NovaMod:MonomolecularBlade+1","floor":19.0},{"not_picked":["NovaMod:MechanicalArmor+1","NovaMod:Lurk+1","NovaMod:PenetratingBlast+1","NovaMod:AssaultMode"],"picked":"NovaMod:JetAssault","floor":20.0},{"not_picked":["NovaMod:Mediatation","NovaMod:PsychicShield+1","NovaMod:PrecsionAssembly+1","NovaMod:Chaos"],"picked":"NovaMod:RadiationWarrior","floor":23.0},{"not_picked":["NovaMod:MultilayerArmor","NovaMod:SwiftChop","NovaMod:NuclearInterference","NovaMod:PenetratingBlast+1"],"picked":"NovaMod:QuickResponse","floor":27.0},{"not_picked":["NovaMod:CovertOps+1","NovaMod:Pollution+1","NovaMod:SwiftChop+1","NovaMod:BarrageShooting"],"picked":"NovaMod:RaidArtillery","floor":31.0},{"not_picked":["NovaMod:DefensiveDrone","NovaMod:NuclearRefining","NovaMod:SabotageDrone","NovaMod:InfernalIgniter"],"picked":"NovaMod:ScienceVessel","floor":33.0},{"not_picked":["NovaMod:JetAssault","NovaMod:SuppressionShells","NovaMod:WaitingGame+1","NovaMod:SmartServos+1"],"picked":"NovaMod:MechanicalArmor","floor":35.0},{"not_picked":["NovaMod:MultilayerArmor+1","NovaMod:JetAssault+1","NovaMod:Bioaugmentation","NovaMod:Snipe+1"],"picked":"NovaMod:InfernalIgniter","floor":37.0},{"not_picked":["NovaMod:Standby","NovaMod:JetAssault","NovaMod:Thor+1","NovaMod:StimPack"],"picked":"NovaMod:RadiationShooting","floor":41.0},{"not_picked":["NovaMod:QuickResponse+1","NovaMod:NuclearFactory+","NovaMod:Bioaugmentation","NovaMod:FastGuidance+1"],"picked":"NovaMod:SuperStimPack+1","floor":46},{"not_picked":["Chrysalis","Purity","testmod-SunMoon","Trip"],"picked":"Dark Shackles","floor":48},{"not_picked":["testmod-ChaoticCore","Madness","testmod-RabbitOfFibonacci","testmod-Provocation"],"picked":"testmod-Collector","floor":48},{"not_picked":["Forethought","Deep Breath","Specialist","Enlightenment"],"picked":"conspire:Banana","floor":48},{"not_picked":["NovaMod:SwiftChop+1","NovaMod:RadiationShield","NovaMod:GhostAcademy+1","NovaMod:AssaultMode"],"picked":"NovaMod:Thor","floor":49},{"not_picked":["NovaMod:TripleTap+1","NovaMod:AssaultMode+1","NovaMod:ExtremeReovery","NovaMod:HoloDecoy"],"picked":"NovaMod:Pollution+1","floor":50},{"not_picked":["NovaMod:JetAssault","NovaMod:MultilayerArmor","NovaMod:MagrailMunitions+1","NovaMod:SuperStimPack+1"],"picked":"NovaMod:Detonation+1","floor":56}],"player_experience":234171,"relics_obtained":[{"floor":1.0,"key":"SynthV:TestCard"},{"floor":2.0,"key":"ReplayTheSpireMod:Ring of Sloth"},{"floor":2.0,"key":"Ring of Searing"},{"floor":7.0,"key":"testmod-LifeArmor"},{"floor":10.0,"key":"qcfpunch:Handcuffs"},{"floor":19.0,"key":"Red Mask"},{"floor":23.0,"key":"Happy Flower"},{"floor":26.0,"key":"AT_MibuBalloonWealth"},{"floor":31.0,"key":"Chameleon Ring"},{"floor":41.0,"key":"InkBottle"},{"floor":43.0,"key":"Runesmith:Nanobots"},{"floor":46,"key":"Dota2Spire:HandOfMidas"},{"floor":49,"key":"Dota2Spire:Desolator"},{"floor":56,"key":"aspiration:FrozenJewel"}],"event_choices":[{"damage_healed":0.0,"max_hp_gain":0.0,"max_hp_loss":0.0,"gold_gain":0.0,"event_name":"Accursed Blacksmith","player_choice":"Forge","floor":3.0,"gold_loss":0.0,"damage_taken":0.0,"cards_upgraded":["Runesmith:GrandSlam"]},{"damage_healed":0.0,"max_hp_gain":0.0,"max_hp_loss":0.0,"gold_gain":0.0,"event_name":"Masked Bandits","player_choice":"Fought Bandits","floor":19.0,"gold_loss":0.0,"damage_taken":0.0},{"damage_healed":0.0,"max_hp_gain":0.0,"max_hp_loss":0.0,"gold_gain":0.0,"event_name":"Drug Dealer","player_choice":"Inject Mutagens","floor":21.0,"gold_loss":0.0,"damage_taken":0.0,"relics_obtained":["MutagenicStrength"]},{"damage_healed":0.0,"max_hp_gain":0.0,"max_hp_loss":0.0,"gold_gain":0.0,"event_name":"Nest","player_choice":"Joined the Cult","floor":30.0,"gold_loss":0.0,"damage_taken":6.0,"cards_obtained":["RitualDagger"]},{"cards_removed":["Normality"],"damage_healed":0.0,"max_hp_gain":0.0,"max_hp_loss":0.0,"gold_gain":0.0,"event_name":"Purifier","player_choice":"Purged","floor":36.0,"gold_loss":0.0,"damage_taken":0.0},{"damage_healed":0.0,"max_hp_gain":0.0,"max_hp_loss":0.0,"gold_gain":400.0,"event_name":"恩洛斯的?子","player_choice":"Sell","floor":39.0,"relics_lost":["NeowsBlessing"],"gold_loss":0.0,"damage_taken":0.0},{"damage_healed":0,"gold_gain":0,"player_choice":"Memory 3","damage_taken":10,"max_hp_gain":0,"max_hp_loss":0,"event_name":"SensoryStone","floor":48,"gold_loss":0}],"is_beta":false,"boss_relics":[{"not_picked":["energizedSpire:EnergizedDie","REME_DuelDisc"],"picked":"GreenFoldingFan"},{"not_picked":["Runic Pyramid","aspiration:BardSkillbook"],"picked":"testmod-Nine"}],"items_purged_floors":[],"is_endless":false,"potions_floor_spawned":[1,4,8,11,18,31,33,37,46,49],"ascension_level":0}}