{"host":"e4udrxcgdvpx3wcj","time":1612298429,"event":{"mods":["Act Like it!","Aspiration","Astrologer","BaseMod","Gensokyo","Highlight Path","Infinite Spire","Koishi","Marisa????????","Minty Spire (QoL Compilation)","Replay The Spire","StSLib","SuperFastMode","The Bug Knight","The Construct","The Jungle","The Runesmith","The Servant 0.9.4","TheBandit"],"gold_per_floor":[119,119,17,17,17,17,49,361,361,361,25,41,12,46,46,46,46],"floor_reached":16,"language":"ENG","playtime":556,"items_purged":[],"score":204,"play_id":"a30f0e34-ace2-4b9b-a3ba-84f8c5435e1b","local_time":"20210202154029","is_ascension_mode":true,"campfire_choices":[{"data":"Defend_B","floor":6.0,"key":"SMITH"},{"floor":10,"key":"REST"},{"data":"Pain","floor":15,"key":"PURGE"}],"circlet_count":0,"master_deck":["AscendersBane","Strike_B","Strike_B","Strike_B","Strike_B","Defend_B","Defend_B","Defend_B","Defend_B+1","Zap","Dualcast","Redo","Chaos+1","Core Surge","Panic Button","Cold Snap","FIFO Queue","Cold Snap","Core Surge"],"relics":["Cracked Core","Gensokyo:LunaticRedEyes","Snack Pack","Strawberry","aspiration:HummingbirdHeart","Tiny Chest","Bottled Flame"],"acts_visited":["Gensokyo:Gensokyo"],"potions_floor_usage":[],"damage_taken":[{"damage":3.0,"enemies":"Gensokyo:3_Fairies","floor":1.0,"turns":4.0},{"damage":63,"enemies":"Gensokyo:Cirno","floor":7,"turns":9},{"damage":2,"enemies":"Gensokyo:Gryphon","floor":8,"turns":4},{"damage":3,"enemies":"Gensokyo:2_Kodama","floor":12,"turns":2},{"damage":24,"enemies":"Gensokyo:Aya","floor":14,"turns":5},{"damage":50,"enemies":"Gensokyo:Yukari","floor":16,"turns":5}],"seed_played":"164893508466537272","potions_obtained":[{"floor":14,"key":"FairyPotion"}],"is_trial":false,"path_per_floor":["M","?","COS","?","?","R","E","M","T","R","$","M","$","E","R","B"],"character_chosen":"DEFECT","items_purchased":["Cold Snap","aspiration:HummingbirdHeart","Cold Snap"],"campfire_rested":1,"item_purchase_floors":[11,11,13],"current_hp_per_floor":[68,68,68,68,75,75,12,17,17,44,44,41,41,17,17,0,0],"gold":46,"neow_bonus":"TEN_PERCENT_HP_BONUS","is_daily":false,"chose_seed":false,"campfire_upgraded":1,"win_rate":0.0,"timestamp":1612298429,"path_taken":["M","?","COS","?","?","R","E","M","T","R","?","M","?","E","R","BOSS"],"items_purchased_type":["Card","Relic","Card"],"build_version":"2020-12-22","purchased_purges":0,"victory":false,"max_hp_per_floor":[78,78,78,78,85,85,85,92,92,92,92,92,92,92,92,92,92],"card_choices":[{"not_picked":["Fusion","Panic Button"],"picked":"Redo","floor":1.0},{"not_picked":["Steam","Recycle"],"picked":"Core Surge","floor":7},{"not_picked":["ReplayTheSpireMod:Reroute Power","Streamline"],"picked":"Panic Button","floor":8},{"not_picked":["Sweeping Beam","Hologram"],"picked":"FIFO Queue","floor":12},{"not_picked":["Rebound","Leap"],"picked":"Core Surge","floor":14}],"player_experience":2365247,"relics_obtained":[{"floor":7,"key":"Snack Pack"},{"floor":14,"key":"Bottled Flame"}],"event_choices":[],"is_beta":false,"boss_relics":[],"items_purged_floors":[],"is_endless":false,"potions_floor_spawned":[14],"killed_by":"Gensokyo:Yukari","ascension_level":17}}