{"host":"85sjp5lsubt86171","time":1612258037,"event":{"mods":["Act Like it!","BaseMod","BetterRewards","CapriCore","Colored Map","Gensokyo","Hallownest","Library of Ruina","Library of Ruina Extra","Minty Spire (QoL Compilation)","Quick Restart","Relic Stats","Shop Mod","Spicy Shops","StSLib","SuperFastMode","The Immortal","Waifu the Spire"],"gold_per_floor":[119,44,44,9,29,29,29,69,69,89,103,121,131,271,271,370,370,384,294,157,157,157,157,188,188,241,241,69,99,61,89,89,192,192,206,92,111,111,129,154,81,93,132,161,187,533,545,574,586,598,610,622,634,44,74,74],"floor_reached":57,"language":"ZHS","playtime":2708,"items_purged":["MokouMod:Defend","MokouMod:Defend","MokouMod:Strike"],"score":1625,"play_id":"009b2483-cbed-4535-93cb-724bf3f143c7","local_time":"20210202172717","is_ascension_mode":true,"campfire_choices":[{"data":"MokouMod:FujiyamaVolcano","floor":6.0,"key":"SMITH"},{"data":"MokouMod:SubterraneanCore","floor":15.0,"key":"SMITH"},{"data":"MokouMod:BurningDraft","floor":23.0,"key":"SMITH"},{"data":"MokouMod:Refresh","floor":27.0,"key":"SMITH"},{"data":"Discovery","floor":32.0,"key":"SMITH"},{"floor":42.0,"key":"RECALL"},{"data":"MokouMod:HouraiForge","floor":47.0,"key":"SMITH"},{"data":"Quickness","floor":49.0,"key":"SMITH"},{"data":"MokouMod:PhoenixFeathers","floor":53,"key":"SMITH"}],"circlet_count":0,"master_deck":["MokouMod:Strike","MokouMod:Defend","MokouMod:HeatSpark","MokouMod:TemporalFireSeal+1","MokouMod:ControlledCombustion+1","MokouMod:Refresh+1","MokouMod:PhoenixFeathers+1","MokouMod:FujiyamaVolcano+1","MokouMod:BurningDraft+1","MokouMod:Afterburner","MokouMod:SubterraneanCore+1","MokouMod:Singe","MokouMod:HouraiForge+1","Discovery+1","MokouMod:BurningDraft","Panacea+1","Gensokyo:BrilliantDragonBullet","Gensokyo:LifeSpringInfinity","Hallownest:skillKingdomsEdgeMap","SilentMist+1","FervidEmotions+1","Quickness+1","Master of Strategy"],"relics":["Astrolabe","Hallownest:BankAccountRelic","Nunchaku","Coffee Dripper","Hallownest:StagBellRelic1","Frozen Eye","PageOfSpiderBud","PageOfTodaysShyLook","Oddly Smooth Stone","PrismaticShard","Singing Bowl","TheAbacus","Pantograph","SlaversCollar","Bird Faced Urn","OrangePellets","PageOfHappyTeddyBear","MawBank","Bag of Preparation","Old Coin","Strawberry","PageOfTheKnightOfDespair","Membership Card","PageOfScorchedGirl","Bottled Lightning","Blood Vial","Art of War","HandDrill","PageOfTheQueenOfHatred"],"acts_visited":["Exordium","Hallownest:Greenpath","Hallownest:CityofTears","TheEnding"],"potions_floor_usage":[],"damage_taken":[{"damage":10.0,"enemies":"Hallownest:2_Baldur","floor":1.0,"turns":6.0},{"damage":1.0,"enemies":"Hallownest:2_MossCreeps","floor":5.0,"turns":3.0},{"damage":12.0,"enemies":"Hallownest:monsterHuskWarrior","floor":10.0,"turns":2.0},{"damage":5.0,"enemies":"Hallownest:Wandering_and_Horned","floor":11.0,"turns":2.0},{"damage":0.0,"enemies":"Hallownest:monsterAspidMother","floor":12.0,"turns":3.0},{"damage":0.0,"enemies":"Hallownest:1_Ooma_and_2_Uuma","floor":13.0,"turns":1.0},{"damage":2.0,"enemies":"Hallownest:BossBrokenVessel","floor":16.0,"turns":5.0},{"damage":7.0,"enemies":"Hallownest:3_Youths","floor":18.0,"turns":3.0},{"damage":16.0,"enemies":"Hallownest:eliteSoulWarrior","floor":24.0,"turns":2.0},{"damage":5.0,"enemies":"Hallownest:Nosk","floor":29.0,"turns":4.0},{"damage":0.0,"enemies":"Hallownest:eliteSoulWarrior","floor":31.0,"turns":3.0},{"damage":38.0,"enemies":"Hallownest:BossSoulMaster","floor":33.0,"turns":5.0},{"damage":0.0,"enemies":"Hallownest:Shield_Heavy","floor":35.0,"turns":1.0},{"damage":1.0,"enemies":"Hallownest:2_Littles","floor":37.0,"turns":3.0},{"damage":12.0,"enemies":"Hallownest:monsterPrimalAspid","floor":39.0,"turns":2.0},{"damage":35.0,"enemies":"Hallownest:eliteCollector","floor":40.0,"turns":5.0},{"damage":0.0,"enemies":"Hallownest:Shield_Sturdy","floor":44.0,"turns":3.0},{"damage":0.0,"enemies":"Hallownest:2_Soldiers_and_1_Guardian","floor":45.0,"turns":2.0},{"damage":0.0,"enemies":"Hallownest:StalkingDevout","floor":46.0,"turns":2.0},{"damage":6.0,"enemies":"Hallownest:2_Great","floor":48.0,"turns":6.0},{"damage":0,"enemies":"Hallownest:BossHollowKnight","floor":50,"turns":2},{"damage":0,"enemies":"Shield and Spear","floor":55,"turns":2},{"damage":10,"enemies":"The Heart","floor":56,"turns":1}],"seed_played":"7639114008565444631","potions_obtained":[{"floor":1.0,"key":"DistilledChaos"},{"floor":11.0,"key":"AttackPotion"},{"floor":16.0,"key":"SteroidPotion"},{"floor":31.0,"key":"LiquidBronze"},{"floor":35.0,"key":"GamblersBrew"},{"floor":37.0,"key":"Explosive Potion"},{"floor":45.0,"key":"Block Potion"},{"floor":46.0,"key":"DuplicationPotion"}],"is_trial":false,"path_per_floor":["M","?","?","$","M","R","?","$","T","M","M","M","M","?","R","B",null,"M","?","$","T","?","R","E","?","T","R","$","E","$","E","R","B",null,"M","$","M","?","M","E","?","R","T","M","M","E","R","M","R","B",null,null,"R","$","E","B",null],"character_chosen":"MKU","items_purchased":["Frozen Eye","PrismaticShard","Discovery","MokouMod:BurningDraft","TheAbacus","OrangePellets","PageOfScorchedGirl","Bottled Lightning","Master of Strategy","Blood Vial","Art of War","HandDrill"],"campfire_rested":0,"item_purchase_floors":[20,28,28,28,30,36,54,54,54,54,54,54],"current_hp_per_floor":[65,65,65,65,64,64,64,64,64,52,47,47,47,47,47,45,75,68,68,68,68,75,75,59,59,59,59,59,56,56,56,56,41,79,81,81,81,81,71,40,40,40,40,44,52,61,61,59,59,92,92,92,92,92,94,87],"gold":74,"neow_bonus":"BOSS_RELIC","is_daily":false,"chose_seed":false,"campfire_upgraded":8,"win_rate":0.0,"timestamp":1612258037,"path_taken":["M","?","?","$","M","R","?","?","T","M","M","?","?","?","R","BOSS","M","?","?","?","?","R","E","?","T","R","$","E","?","E","R","BOSS","M","$","M","?","M","E","?","R","T","M","M","E","R","M","R","BOSS","R","$","E","BOSS"],"items_purchased_type":["Relic","Relic","Card","Card","Relic","Relic","Relic","Relic","Card","Relic","Relic","Relic"],"build_version":"2020-12-22","purchased_purges":3,"victory":true,"max_hp_per_floor":[75,75,75,75,75,75,75,75,75,75,75,75,75,75,75,75,75,75,75,75,75,75,75,75,75,75,75,75,77,77,77,77,79,79,81,81,81,81,83,83,83,83,83,85,85,92,92,92,92,92,92,92,92,92,94,94],"relic_stats":{"Singing Bowl":12,"counters":[23,68],"Astrolabe":["MokouMod:HeatFactory","MokouMod:TemporalFireSeal","MokouMod:ControlledCombustion"],"Bag of Preparation":[14],"MawBank":168,"Blood Vial":0,"OrangePellets":[1],"Nunchaku":[23],"TheAbacus":[438],"Pantograph":46,"Bird Faced Urn":[32],"Art of War":[0],"HandDrill":[0],"obtain_stats":[{"PageOfTheQueenOfHatred":55,"Hallownest:StagBellRelic1":19,"Singing Bowl":29,"Bag of Preparation":43,"PrismaticShard":28,"PageOfSpiderBud":24,"Old Coin":46,"Blood Vial":54,"Frozen Eye":20,"Nunchaku":9,"TheAbacus":30,"Pantograph":31,"Strawberry":46,"PageOfTheKnightOfDespair":48,"HandDrill":54,"PageOfTodaysShyLook":25,"Astrolabe":0,"Oddly Smooth Stone":26,"MawBank":40,"SlaversCollar":34,"OrangePellets":36,"PageOfHappyTeddyBear":37,"Hallownest:BankAccountRelic":2,"Bird Faced Urn":35,"MokouMod:PhoenixFeather":0,"PageOfScorchedGirl":54,"Coffee Dripper":17,"Art of War":54,"Membership Card":48,"Bottled Lightning":54},{"PageOfTheQueenOfHatred":22,"Hallownest:StagBellRelic1":8,"Singing Bowl":10,"Bag of Preparation":16,"PrismaticShard":9,"PageOfSpiderBud":9,"Old Coin":19,"Blood Vial":21,"Frozen Eye":8,"Nunchaku":2,"TheAbacus":10,"Pantograph":11,"Strawberry":19,"PageOfTheKnightOfDespair":20,"HandDrill":21,"PageOfTodaysShyLook":9,"Astrolabe":0,"Oddly Smooth Stone":9,"MawBank":16,"SlaversCollar":12,"OrangePellets":13,"PageOfHappyTeddyBear":14,"Hallownest:BankAccountRelic":1,"Bird Faced Urn":13,"MokouMod:PhoenixFeather":0,"PageOfScorchedGirl":21,"Coffee Dripper":7,"Art of War":21,"Membership Card":20,"Bottled Lightning":21},{"PageOfTheQueenOfHatred":67,"Hallownest:StagBellRelic1":25,"Singing Bowl":31,"Bag of Preparation":50,"PrismaticShard":27,"PageOfSpiderBud":27,"Old Coin":57,"Blood Vial":65,"Frozen Eye":25,"Nunchaku":9,"TheAbacus":31,"Pantograph":34,"Strawberry":57,"PageOfTheKnightOfDespair":63,"HandDrill":65,"PageOfTodaysShyLook":27,"Astrolabe":0,"Oddly Smooth Stone":27,"MawBank":50,"SlaversCollar":39,"OrangePellets":40,"PageOfHappyTeddyBear":43,"Hallownest:BankAccountRelic":6,"Bird Faced Urn":40,"MokouMod:PhoenixFeather":0,"PageOfScorchedGirl":65,"Coffee Dripper":22,"Art of War":65,"Membership Card":63,"Bottled Lightning":65}]},"card_choices":[{"not_picked":["MokouMod:Stoke","MokouMod:ScorchedEarth"],"picked":"MokouMod:Refresh","floor":1.0},{"not_picked":["MokouMod:RoaringFlare","MokouMod:ShiftIgnition"],"picked":"MokouMod:FujiyamaVolcano","floor":5.0},{"not_picked":["MokouMod:DanceofFlames","MokouMod:ResoluteFlare"],"picked":"MokouMod:BurningDraft","floor":10.0},{"not_picked":["MokouMod:Trailblazer","MokouMod:SearingShot"],"picked":"MokouMod:Afterburner","floor":11.0},{"not_picked":["MokouMod:ResoluteFlare","MokouMod:Sear"],"picked":"MokouMod:SubterraneanCore","floor":12.0},{"not_picked":["MokouMod:Scorch","MokouMod:ScorchingColumn","MokouMod:Singe"],"picked":"SKIP","floor":13.0},{"not_picked":["MokouMod:Scorch","MokouMod:ScorchingColumn"],"picked":"MokouMod:Singe","floor":13.0},{"not_picked":["MokouMod:SpontaneousHumanCombustion","MokouMod:SacredFire"],"picked":"MokouMod:HouraiForge","floor":16.0},{"not_picked":["MokouMod:RoaringFlare","MokouMod:TemporalFireSeal","MokouMod:Fireball+1"],"picked":"SKIP","floor":18.0},{"not_picked":["MokouMod:RoaringFlare","MokouMod:Ember","MokouMod:InfernalWave+1"],"picked":"SKIP","floor":24.0},{"not_picked":["FierceCharge","ShockingBlow+1","CrushJoints"],"picked":"Singing Bowl","floor":29.0},{"not_picked":["MokouMod:FlamingFireTalons+1","Force Field"],"picked":"Panacea+1","floor":31.0},{"not_picked":["Transpierce","Unload","Ragnarok"],"picked":"Singing Bowl","floor":33.0},{"not_picked":["Deflect+1","FeatherShield","Wireheading+1"],"picked":"Singing Bowl","floor":35.0},{"not_picked":["Body Slam","MokouMod:UncontrollableSolarReaction+1"],"picked":"Gensokyo:BrilliantDragonBullet","floor":37.0},{"not_picked":["Outmaneuver+1","MokouMod:Wildfire+1","FendThisOffIfYouCan+1"],"picked":"Singing Bowl","floor":39.0},{"not_picked":["StructuralAnalysis","Standoff+1"],"picked":"Gensokyo:LifeSpringInfinity","floor":40.0},{"not_picked":["FleetEdge+1","Dramatic Entrance+1","InkOver+1"],"picked":"Singing Bowl","floor":44.0},{"not_picked":["FollowUp+1","Flechettes"],"picked":"SilentMist+1","floor":45.0},{"not_picked":["Gensokyo:DreamlikeParadise","Clothesline"],"picked":"FervidEmotions+1","floor":46.0},{"not_picked":["MokouMod:FujiyamaVolcano","Deflect"],"picked":"Quickness","floor":48.0},{"not_picked":["MokouMod:IcarusDive+1","Slice","CumulusWall"],"picked":"Singing Bowl","floor":55}],"player_experience":1463124,"relics_obtained":[{"floor":9.0,"key":"Nunchaku"},{"floor":24.0,"key":"PageOfSpiderBud"},{"floor":26.0,"key":"Oddly Smooth Stone"},{"floor":29.0,"key":"Singing Bowl"},{"floor":31.0,"key":"Pantograph"},{"floor":35.0,"key":"Bird Faced Urn"},{"floor":37.0,"key":"PageOfHappyTeddyBear"},{"floor":40.0,"key":"MawBank"},{"floor":43.0,"key":"Bag of Preparation"},{"floor":46.0,"key":"Old Coin"},{"floor":46.0,"key":"Strawberry"},{"floor":48.0,"key":"PageOfTheKnightOfDespair"},{"floor":48.0,"key":"Membership Card"},{"floor":55,"key":"PageOfTheQueenOfHatred"}],"event_choices":[],"is_beta":false,"boss_relics":[{"not_picked":["Black Star","PageOfBlackSwan"],"picked":"Coffee Dripper"},{"not_picked":["Snecko Eye","Velvet Choker"],"picked":"SlaversCollar"}],"items_purged_floors":[4,20,54],"is_endless":false,"potions_floor_spawned":[1,11,16,31,35,37,45,46],"ascension_level":3}}