{"host":"v0xbo920qxoewo3e","time":1612304699,"event":{"mods":["Act Like it!","Aspiration","Astrologer","BaseMod","Conspire","Downfall","Friendly Minions","GifTheSpireLib","Halation","Hermit","Hubris","Infinite Spire","Jedi Mod","Jorbs\u0027s Wanderer Trilogy","Koishi","Marisa????????","Minty Spire (QoL Compilation)","Potionbrewer","Rare Cards Sparkle","Reimu??????","Remilia??????","Replay The Spire","StSLib","Stuff the Spire","The Animator","The Blackbeard","The Bladedancer","The Bug Knight","The Construct","The Cursed","The Disciple","The Gatherer","The Jungle","The Problem Sleuth","The Runesmith","The Servant 0.9.4","TheBandit","Unceasing Turn Reminder"],"gold_per_floor":[111,111,122,139,152,152,177,177,177,177,177,177,169,16,16,34,34,110,110,126,126,126,143,164,214,240,265,312,355,355,355,396,416,416,502,502,523,550,336,361,361,388,430,475,475,508,535,565,565,585],"floor_reached":53,"language":"ENG","playtime":3882,"items_purged":["Poor:ReiMu"],"score":1295,"play_id":"fbbaff1d-48e3-463d-8a31-2c762fc90d8f","local_time":"20210203002459","is_ascension_mode":true,"campfire_choices":[{"data":"Sever Soul","floor":6,"key":"SMITH"},{"data":"Bash","floor":8,"key":"SMITH"},{"data":"Wild Strike","floor":17,"key":"SMITH"},{"data":"Disarm","floor":30,"key":"SMITH"}],"circlet_count":0,"master_deck":["AscendersBane","Strike_R+1","Strike_R+2","Strike_R+1","Strike_R+1","Defend_R+2","Defend_R+1","Defend_R+1","Defend_R+1","Bash+1","Headbutt+1","Sever Soul+1","Rage+1","Metallicize","Metallicize+1","Ghostly Armor+1","Wild Strike+1","jedi:bloodyhammer","Headbutt+1","StuffTheSpire:CuriosityCurse","Intimidate","StuffTheSpire:Slingshot","Disarm+1","Abandon+1","Havoc","Shrug It Off","Wild Strike","Clash","Fire Breathing","The Bomb","Deep Breath","jedi:LeechingStrike","Pommel Strike","Immolate","infinitespire:Collect","Clash+1"],"relics":["Burning Blood","hubris:Teleporter","YidongShenshe:ReiMu","infinitespire:Bottled Soul","jedi:battlestandard","Replay:Bandana","Whetstone","aspiration:ChemicalBlood","jedi:archwizardhat","aspiration:ArtOfWarUpgrade","conspire:RunicOctahedron","ReplayTheSpireMod:ShopPack","ReplayTheSpireMod:Ninjato","Simple Rune","halation:Thesaurus","jedi:bottledfury","hubris:Towel"],"acts_visited":["Exordium","TheCity","TheBeyond"],"potions_floor_usage":[7,25,29,35,37,41,44,50,52,52],"damage_taken":[{"damage":0,"enemies":"conspire:RoseBush","floor":1,"turns":5},{"damage":1,"enemies":"Cultist","floor":3,"turns":3},{"damage":2,"enemies":"Jaw Worm","floor":4,"turns":3},{"damage":9,"enemies":"Large Slime","floor":5,"turns":6},{"damage":20,"enemies":"Gremlin Nob","floor":7,"turns":4},{"damage":9,"enemies":"conspire:2 RoseBushes","floor":13,"turns":6},{"damage":6,"enemies":"Exordium Thugs","floor":16,"turns":3},{"damage":35,"enemies":"Fading Forest","floor":18,"turns":11},{"damage":12,"enemies":"Chosen","floor":20,"turns":4},{"damage":43,"enemies":"conspire:FuzzyDice","floor":23,"turns":6},{"damage":16,"enemies":"Shelled Parasite and Fungi","floor":24,"turns":4},{"damage":14,"enemies":"Slavers","floor":25,"turns":6},{"damage":6,"enemies":"Cultist and Chosen","floor":26,"turns":6},{"damage":10,"enemies":"Centurion and Healer","floor":27,"turns":5},{"damage":10,"enemies":"Book of Stabbing","floor":29,"turns":3},{"damage":6,"enemies":"Replay:Snechameleon","floor":32,"turns":8},{"damage":9,"enemies":"Snecko","floor":33,"turns":4},{"damage":27,"enemies":"hubris:MusketHawk","floor":35,"turns":11},{"damage":20,"enemies":"3 Shapes","floor":37,"turns":9},{"damage":0,"enemies":"Orb Walker","floor":38,"turns":2},{"damage":29,"enemies":"3 Darklings","floor":41,"turns":7},{"damage":30,"enemies":"Transient","floor":43,"turns":5},{"damage":41,"enemies":"Nemesis","floor":44,"turns":8},{"damage":5,"enemies":"Maw","floor":48,"turns":7},{"damage":2,"enemies":"Writhing Mass","floor":49,"turns":4},{"damage":16,"enemies":"4 Shapes","floor":50,"turns":5},{"damage":33,"enemies":"Awakened One","floor":52,"turns":11}],"seed_played":"-6896856073276557520","potions_obtained":[{"floor":1,"key":"Block Potion"},{"floor":16,"key":"potionbrewer:MidasPotion"},{"floor":18,"key":"potionbrewer:FreezingPotion"},{"floor":26,"key":"GrandPatriotsElixir:ReiMu"},{"floor":27,"key":"SkillPotion"},{"floor":32,"key":"Explosive Potion"},{"floor":37,"key":"SpeedPotion"},{"floor":41,"key":"Energy Potion"},{"floor":44,"key":"infinitespire:BlackPotion"},{"floor":44,"key":"BloodPotion"},{"floor":50,"key":"jedi:StrikingPotion"}],"is_trial":false,"path_per_floor":["M","?","M","M","M","R","E","R","T","PTL","PTL","?","M","$","T","M","R","B",null,"M","?","?","M","M","E","M","M","T","E","R","?","E","M","R","B",null,"M","M","$","M","R","M","E","T","AVR","M","M","M","R","B",null],"character_chosen":"IRONCLAD","items_purchased":["Ghostly Armor","Clash","Fire Breathing","ReplayTheSpireMod:ShopPack"],"campfire_rested":0,"item_purchase_floors":[14,39,39,39],"current_hp_per_floor":[74,74,75,75,72,72,61,61,61,61,61,64,64,67,67,70,70,52,83,80,83,83,46,39,34,37,33,33,32,32,35,35,35,35,14,91,77,86,89,75,75,63,31,31,34,41,45,68,68,49],"gold":585,"neow_bonus":"RANDOM_EVENT","is_daily":false,"chose_seed":false,"campfire_upgraded":4,"win_rate":0.0,"timestamp":1612304699,"path_taken":["M","?","?","M","M","R","E","R","T","PTL","PTL","?","M","$","?","M","R","BOSS","M","?","?","M","?","E","M","M","T","E","R","?","E","M","R","BOSS","M","M","$","M","R","M","E","T","AVR","M","M","?","R","BOSS"],"items_purchased_type":["Card","Card","Card","Relic"],"build_version":"2020-12-22","purchased_purges":1,"victory":true,"max_hp_per_floor":[75,75,75,75,75,75,78,78,78,78,78,81,84,87,87,90,90,93,93,96,99,99,99,102,105,108,108,108,111,111,114,114,117,117,117,117,117,120,123,126,126,126,129,129,132,132,132,132,132,132],"card_choices":[{"not_picked":["Sword Boomerang","Body Slam"],"picked":"Headbutt","floor":1},{"not_picked":["Anger","jedi:fear"],"picked":"Sever Soul","floor":3},{"not_picked":["Dropkick","Body Slam"],"picked":"Rage","floor":4},{"not_picked":["Infernal Blade","Havoc","Anger"],"picked":"SKIP","floor":5},{"not_picked":["Twin Strike","Flex"],"picked":"Metallicize","floor":7},{"not_picked":["jedi:suffering","Anger"],"picked":"Metallicize","floor":13},{"not_picked":["Bloodletting","Defy Death"],"picked":"Wild Strike","floor":16},{"not_picked":["Hemogenesis","Limit Break"],"picked":"jedi:bloodyhammer","floor":18},{"not_picked":["StuffTheSpire:Incineration","ReplayTheSpireMod:Strike From Hell"],"picked":"Headbutt","floor":20},{"not_picked":["Bloodletting","Heavy Blade","Cleave"],"picked":"SKIP","floor":23},{"not_picked":["Rage","Massacre"],"picked":"Intimidate","floor":24},{"not_picked":["Body Slam","Massacre"],"picked":"StuffTheSpire:Slingshot","floor":25},{"not_picked":["Replay:Many Hands","Heavy Blade"],"picked":"Disarm","floor":26},{"not_picked":["Heavy Blade","Perfected Strike","Clothesline"],"picked":"SKIP","floor":27},{"not_picked":["Dropkick","jedi:fear"],"picked":"Abandon+1","floor":29},{"not_picked":["Iron Wave","Havoc+1","jedi:fear"],"picked":"SKIP","floor":32},{"not_picked":["jedi:fear","Headbutt"],"picked":"Shrug It Off","floor":33},{"not_picked":["Heavy Blade","Twin Strike","Armaments"],"picked":"SKIP","floor":37},{"not_picked":["Run Through","ReplayTheSpireMod:Strike From Hell"],"picked":"Wild Strike","floor":38},{"not_picked":["Crow Ritual","jedi:RedIncense"],"picked":"The Bomb","floor":39},{"not_picked":["Crow Ritual","jedi:RedIncense"],"picked":"Deep Breath","floor":39},{"not_picked":["Replay:Sssssssssshield","ReplayTheSpireMod:Trickstab"],"picked":"jedi:LeechingStrike","floor":39},{"not_picked":["jedi:hate","Perfected Strike"],"picked":"Pommel Strike","floor":41},{"not_picked":["Perfected Strike+1","Headbutt","Flex"],"picked":"SKIP","floor":43},{"not_picked":["Feed","Carnage"],"picked":"Immolate","floor":44},{"not_picked":["Replay:Undeath\u0027s Touch","StuffTheSpire:Resist","Body Slam"],"picked":"SKIP","floor":48},{"not_picked":["Body Slam","Iron Wave","Carnage"],"picked":"SKIP","floor":49},{"not_picked":["Warcry+1","StuffTheSpire:Pyroclast"],"picked":"Clash+1","floor":50}],"player_experience":1461966,"relics_obtained":[{"floor":7,"key":"Replay:Ringing Soul"},{"floor":9,"key":"hubris:Teleporter"},{"floor":15,"key":"infinitespire:Bottled Soul"},{"floor":25,"key":"Whetstone"},{"floor":28,"key":"aspiration:ChemicalBlood"},{"floor":29,"key":"jedi:archwizardhat"},{"floor":32,"key":"Art of War"},{"floor":44,"key":"ReplayTheSpireMod:Ninjato"},{"floor":45,"key":"Simple Rune"}],"event_choices":[{"damage_healed":0,"gold_gain":0,"player_choice":"Upgraded","damage_taken":0,"max_hp_gain":0,"max_hp_loss":0,"event_name":"Upgrade Shrine","floor":2,"gold_loss":0,"cards_upgraded":["Headbutt"]},{"damage_healed":0,"gold_gain":0,"player_choice":"Take Tiny Shrine away","damage_taken":0,"relics_obtained":["YidongShenshe:ReiMu"],"max_hp_gain":0,"max_hp_loss":0,"event_name":"yidonshenshe","floor":12,"gold_loss":0,"cards_obtained":["Poor:ReiMu"]},{"damage_healed":0,"gold_gain":0,"player_choice":"Simplicity","damage_taken":0,"max_hp_gain":0,"max_hp_loss":0,"event_name":"Back to Basics","floor":22,"gold_loss":0,"cards_upgraded":["Strike_R","Strike_R","Strike_R","Strike_R","Defend_R","Defend_R","Defend_R"]},{"damage_healed":0,"gold_gain":0,"cards_transformed":["Strike_R"],"player_choice":"Transformed","damage_taken":0,"max_hp_gain":0,"max_hp_loss":0,"event_name":"Transmorgrifier","floor":31,"gold_loss":0,"cards_obtained":["Havoc"]}],"is_beta":false,"boss_relics":[{"not_picked":["Painkiller Herb","potionbrewer:BhaskarasWheel"],"picked":"jedi:battlestandard"},{"not_picked":["StuffTheSpire:RunicHypercube","construct:WeddingRing"],"picked":"conspire:RunicOctahedron"}],"items_purged_floors":[14],"is_endless":false,"potions_floor_spawned":[1,16,18,20,26,27,32,33,43,44,48],"ascension_level":14}}