{"host":"w2kjv12xyhtt0cv2","time":1612281821,"event":{"mods":["100% Spire Juice","Act Like it!","BaseMod","Colored Map","Friendly Minions","Gensokyo","GifTheSpireLib","Highlight Path","Hubris","Marisa（F雨　魔理沙）","Minty Spire (QoL Compilation)","Prisma Mod","Quick Restart","Reimu（博丽灵梦）","Relic Stats","Reliquary","Replay The Spire","Robot Space Explorer","RumiaBox-露米娅的神秘盒子","Shop Mod","Spicy Shops","StSLib","The Bug Knight","The Cursed","The Dragon Tamer","The Servant 0.9.4","UnlockEverythingMod","Waifu the Spire","[功能]功能增强和修复MOD","【功能Mod】Neow奖励","【遗物卡牌】REMEMod","没有小屋子和绿帽子啦"],"gold_per_floor":[117,117,8,20,120,148,163,388,388,415,427,469,59,71,71,142,142,154,154,23,33,12,40,51,377,377,407,407,433,433,480,480,538,538,553,601,614,614,118,149,174,207,231,258,0,29,47,73,73,73,73,73,318,333,333],"floor_reached":56,"language":"ZHS","playtime":3475,"items_purged":["TheCursedMod:Defend_TheCursed"],"score":2758,"play_id":"a5b896c6-bdf2-43a8-8d4a-d5eb1c798e2f","local_time":"20210203000341","is_ascension_mode":true,"campfire_choices":[{"data":"TheCursedMod:LuckyCharm","floor":15.0,"key":"SMITH"},{"data":"RobotSpaceExplorer:DroneSwarm","floor":32.0,"key":"SMITH"},{"floor":49,"key":"RECALL"},{"floor":52,"key":"DIG"}],"circlet_count":0,"master_deck":["AscendersBane","TheCursedMod:Strike_TheCursed","TheCursedMod:Strike_TheCursed","TheCursedMod:Strike_TheCursed","TheCursedMod:Strike_TheCursed","TheCursedMod:Defend_TheCursed","TheCursedMod:Defend_TheCursed","TheCursedMod:Defend_TheCursed","TheCursedMod:CursedWand","TheCursedMod:CleanUpWorkshop","TheCursedMod:Dregs","RobotSpaceExplorer:DroneSwarm+1","TheCursedMod:Hemoplague","TheCursedMod:CollectTribute","TheCursedMod:Torture+1","TheCursedMod:AbyssShockwave","TheCursedMod:LuckyCharm+1","Parasite","TheCursedMod:Neurasthenia+1","TheCursedMod:CursedAmulet+1","TheCursedMod:SaltUponWound+1","TheCursedMod:CircleOfAbyss+1","TheCursedMod:SpitefulPlan+1","TheCursedMod:HellfireBreathing","TheCursedMod:VoidForm+1","TheCursedMod:StingEye","CommonCold","TheCursedMod:CollectTribute","TheCursedMod:DemonSword","TheCursedMod:CursedMace+1","TheCursedMod:CursedRelics","RobotSpaceExplorer:DroneSwarm+1","TheCursedMod:LuckyCharm+1","ReplayTheSpireMod:Private Reserves+1","REME_PuzzleBox+1","TheCursedMod:NeowsMight+1","TheCursedMod:RapidMovement+1","TheCursedMod:SaltUponWound+1","TheCursedMod:SurpriseAttack+1","TheCursedMod:WearCloak+1","TheCursedMod:NeowsMight+1","TheCursedMod:VoidForm","Poisoned Strike","TheCursedMod:WearCloak+1"],"relics":["REME_ComplimentaryCards","Painkiller Herb","TheCursedMod:DemonicMark","Akabeko","Toxic Egg 2","PureWhite:ReiMu","MawBank","Mango","RuthlessExorcism:ReiMu","Replay:Rubber Ducky","ReplayTheSpireMod:TigerMarble","Coffee Dripper","Gensokyo:SongOfSouls","reliquary:BrokenClock","reliquary:BallBearing","REME_PuzzleBoxRelic","Question Card","Replay:Ringing Soul","Blood Vial","Ring of Fury","AddBug","Painkiller Herb","Thread and Needle","hubris:Towel","DollysMirror","Ice Cream","Shovel","Strawberry","reliquary:IridiumChain","Red Mask","ReplayFunnel","The Courier","hubris:TinFlute","hubris:NiceRug","reliquary:Stiletto","PlanX","TheAbacus","Bag of Marbles","reliquary:JackalopeAntler","ClockworkSouvenir","ReplayFunnel","reliquary:ExpiredCoupon"],"acts_visited":["Gensokyo:Gensokyo","Gensokyo:Gensokyoer","TheBeyond","TheEnding"],"potions_floor_usage":[36,55,55,55],"damage_taken":[{"damage":4.0,"enemies":"Gensokyo:Python","floor":1.0,"turns":4.0},{"damage":1.0,"enemies":"Gensokyo:Gryphon","floor":4.0,"turns":4.0},{"damage":4.0,"enemies":"Gensokyo:Mamizou","floor":6.0,"turns":9.0},{"damage":0.0,"enemies":"Gensokyo:3_Fairies","floor":7.0,"turns":3.0},{"damage":17.0,"enemies":"Gensokyo:Cirno","floor":8.0,"turns":6.0},{"damage":2.0,"enemies":"Gensokyo:Mamizou","floor":10.0,"turns":5.0},{"damage":0.0,"enemies":"Gensokyo:Cirno","floor":12.0,"turns":5.0},{"damage":0.0,"enemies":"Gensokyo:2_Rabbits","floor":14.0,"turns":2.0},{"damage":0.0,"enemies":"Gensokyo:Yukari","floor":16.0,"turns":7.0},{"damage":20.0,"enemies":"Gensokyo:3_Dogs","floor":18.0,"turns":4.0},{"damage":0.0,"enemies":"Gensokyo:Chomper","floor":21.0,"turns":4.0},{"damage":8.0,"enemies":"Gensokyo:Tenshi","floor":23.0,"turns":2.0},{"damage":8.0,"enemies":"Gensokyo:Slime_Group","floor":24.0,"turns":3.0},{"damage":4.0,"enemies":"Gensokyo:Koishi","floor":25.0,"turns":6.0},{"damage":0.0,"enemies":"Gensokyo:Reisen","floor":27.0,"turns":3.0},{"damage":0.0,"enemies":"Gensokyo:Tenshi","floor":29.0,"turns":2.0},{"damage":0.0,"enemies":"Gensokyo:Chomper_and_Gloop","floor":31.0,"turns":3.0},{"damage":64.0,"enemies":"Gensokyo:Eternal_Rivals","floor":33.0,"turns":8.0},{"damage":0.0,"enemies":"Orb Walker","floor":35.0,"turns":3.0},{"damage":0,"enemies":"2 Orb Walkers","floor":36,"turns":1},{"damage":0,"enemies":"3 Shapes","floor":37,"turns":1},{"damage":0,"enemies":"HollowMod:StalkingDevout","floor":40,"turns":4},{"damage":13,"enemies":"Mind Bloom Boss Battle","floor":41,"turns":4},{"damage":0,"enemies":"Giant Head","floor":42,"turns":7},{"damage":0,"enemies":"HollowMod:StalkingDevout","floor":44,"turns":3},{"damage":0,"enemies":"Reptomancer","floor":46,"turns":3},{"damage":0,"enemies":"3 Darklings","floor":47,"turns":2},{"damage":0,"enemies":"HollowMod:StalkingDevout","floor":48,"turns":4},{"damage":34,"enemies":"Donu and Deca","floor":50,"turns":7},{"damage":0,"enemies":"hubris:Merchant","floor":53,"turns":3},{"damage":0,"enemies":"Shield and Spear","floor":54,"turns":2},{"damage":7,"enemies":"The Heart","floor":55,"turns":6}],"seed_played":"4491418260799964402","potions_obtained":[{"floor":6.0,"key":"FearPotion"},{"floor":8.0,"key":"AttackPotion"},{"floor":10.0,"key":"FearPotion"},{"floor":12.0,"key":"EssenceOfSteel"},{"floor":21.0,"key":"SkillPotion"},{"floor":24.0,"key":"BlessingOfTheForge"},{"floor":25.0,"key":"Elixir"},{"floor":27.0,"key":"Reflective Coating"},{"floor":29.0,"key":"REME_GoldPotion"},{"floor":33.0,"key":"TheCursedMod:DregsPotion"},{"floor":36,"key":"Strength Potion"},{"floor":53,"key":"CultistPotion"},{"floor":53,"key":"Adrenaline Potion"}],"is_trial":false,"path_per_floor":["?","?","COS","?","?","E","?","E","T","E","?","E","T","?","T","B",null,"?","?","T","?","COS","E","?","E","T","E","?","E","?","?","T","B",null,"?","?","?","?","T","E","?","E","T","E","?","E","?","E","T","B",null,"T","T","E","B",null],"character_chosen":"THE_CURSED","items_purchased":["TheCursedMod:AbyssShockwave","TheCursedMod:LuckyCharm","Replay:Rubber Ducky","ReplayTheSpireMod:TigerMarble","reliquary:BrokenClock","DollysMirror","TheCursedMod:LuckyCharm+1","ReplayTheSpireMod:Private Reserves+1","REME_PuzzleBox+1","TheCursedMod:NeowsMight+1"],"campfire_rested":0,"item_purchase_floors":[13,13,13,13,20,39,39,39,39,53],"current_hp_per_floor":[60,60,60,59,59,55,55,38,38,36,29,29,29,29,29,29,71,65,65,65,65,65,57,49,49,49,52,55,58,61,66,66,7,79,84,89,91,91,94,98,92,104,104,124,124,129,134,138,138,104,130,130,141,144,137],"gold":333,"neow_bonus":"BOSS_RELIC","is_daily":false,"chose_seed":false,"campfire_upgraded":2,"win_rate":0.0,"timestamp":1612281821,"path_taken":["?","?","COS","?","?","E","?","E","T","E","?","E","T","?","T","BOSS","?","?","T","?","COS","E","?","E","T","E","?","E","?","?","T","BOSS","?","?","?","?","?","E","?","E","T","E","?","E","?","E","T","BOSS","T","T","E","BOSS"],"items_purchased_type":["Card","Card","Relic","Relic","Relic","Relic","Card","Card","Card","Card"],"build_version":"2020-12-22","purchased_purges":1,"victory":true,"max_hp_per_floor":[71,71,71,71,71,71,71,71,71,71,85,85,85,85,85,85,85,85,85,85,85,85,85,85,85,85,88,91,94,97,100,100,103,103,106,109,109,109,112,114,119,129,129,129,129,132,135,138,138,138,138,138,141,144,144],"relic_stats":{"Blood Vial":25,"Shovel":1,"TheAbacus":[0],"counters":[32,129],"MawBank":36,"Question Card":47,"obtain_stats":[{"Ice Cream":40,"ReplayFunnel":46,"Painkiller Herb":0,"Mango":11,"TheCursedMod:DemonicMark":6,"Replay:Rubber Ducky":13,"ClockworkSouvenir":53,"Blood Vial":29,"Frozen Eye":25,"Replay:Ringing Soul":27,"Shovel":41,"TheAbacus":53,"DollysMirror":39,"Strawberry":42,"Red Mask":45,"Toxic Egg 2":9,"hubris:TinFlute":52,"Gensokyo:SongOfSouls":19,"TheCursedMod:BlackMagic101":0,"Thread and Needle":36,"AddBug":34,"The Courier":48,"hubris:Towel":38,"MawBank":10,"Question Card":26,"Akabeko":8,"reliquary:IridiumChain":44,"reliquary:JackalopeAntler":53,"reliquary:ExpiredCoupon":54,"PureWhite:ReiMu":10,"PlanX":53,"Ring of Fury":30,"reliquary:BallBearing":23,"reliquary:Stiletto":53,"ReplayTheSpireMod:TigerMarble":13,"Coffee Dripper":17,"reliquary:BrokenClock":20,"Bag of Marbles":53,"REME_PuzzleBoxRelic":25,"REME_ComplimentaryCards":0,"RuthlessExorcism:ReiMu":12,"hubris:NiceRug":53},{"Ice Cream":22,"ReplayFunnel":26,"Painkiller Herb":0,"Mango":6,"TheCursedMod:DemonicMark":3,"Replay:Rubber Ducky":7,"ClockworkSouvenir":30,"Blood Vial":16,"Frozen Eye":13,"Replay:Ringing Soul":15,"Shovel":23,"TheAbacus":30,"DollysMirror":21,"Strawberry":24,"Red Mask":25,"Toxic Egg 2":5,"hubris:TinFlute":29,"Gensokyo:SongOfSouls":10,"TheCursedMod:BlackMagic101":0,"Thread and Needle":20,"AddBug":18,"The Courier":28,"hubris:Towel":21,"MawBank":6,"Question Card":14,"Akabeko":5,"reliquary:IridiumChain":25,"reliquary:JackalopeAntler":30,"reliquary:ExpiredCoupon":31,"PureWhite:ReiMu":6,"PlanX":30,"Ring of Fury":16,"reliquary:BallBearing":12,"reliquary:Stiletto":30,"ReplayTheSpireMod:TigerMarble":7,"Coffee Dripper":9,"reliquary:BrokenClock":10,"Bag of Marbles":30,"REME_PuzzleBoxRelic":14,"REME_ComplimentaryCards":0,"RuthlessExorcism:ReiMu":7,"hubris:NiceRug":30},{"Ice Cream":88,"ReplayFunnel":105,"Painkiller Herb":0,"Mango":31,"TheCursedMod:DemonicMark":17,"Replay:Rubber Ducky":36,"ClockworkSouvenir":121,"Blood Vial":69,"Frozen Eye":58,"Replay:Ringing Soul":67,"Shovel":92,"TheAbacus":121,"DollysMirror":84,"Strawberry":99,"Red Mask":102,"Toxic Egg 2":26,"hubris:TinFlute":118,"Gensokyo:SongOfSouls":49,"TheCursedMod:BlackMagic101":0,"Thread and Needle":83,"AddBug":79,"The Courier":111,"hubris:Towel":84,"MawBank":31,"Question Card":64,"Akabeko":26,"reliquary:IridiumChain":102,"reliquary:JackalopeAntler":121,"reliquary:ExpiredCoupon":123,"PureWhite:ReiMu":30,"PlanX":121,"Ring of Fury":69,"reliquary:BallBearing":55,"reliquary:Stiletto":121,"ReplayTheSpireMod:TigerMarble":36,"Coffee Dripper":45,"reliquary:BrokenClock":49,"Bag of Marbles":121,"REME_PuzzleBoxRelic":64,"REME_ComplimentaryCards":0,"RuthlessExorcism:ReiMu":36,"hubris:NiceRug":121}]},"card_choices":[{"not_picked":["TheCursedMod:SpreadPlague","TheCursedMod:PrepareRite"],"picked":"TheCursedMod:Hemoplague","floor":1.0},{"not_picked":["TheCursedMod:SmokeScreen","TheCursedMod:RavingStaff","TheCursedMod:StingEye"],"picked":"SKIP","floor":4.0},{"not_picked":["TheCursedMod:HellsGateOpen","TheCursedMod:EmpowerCircles"],"picked":"TheCursedMod:CollectTribute","floor":6.0},{"not_picked":["TheCursedMod:CircleOfFocus","TheCursedMod:Stretching","TheCursedMod:CircleOfAmplification"],"picked":"SKIP","floor":7.0},{"not_picked":["TheCursedMod:CursedShiv","TheCursedMod:ForbiddenAlchemy","TheCursedMod:CursedAmulet"],"picked":"SKIP","floor":8.0},{"not_picked":["TheCursedMod:Evocation+1","TheCursedMod:FleshFromBone+1"],"picked":"TheCursedMod:Torture+1","floor":10.0},{"not_picked":["TheCursedMod:CursedBlade","TheCursedMod:ManaCirculation","TheCursedMod:FleshFromBone+1"],"picked":"SKIP","floor":12.0},{"not_picked":["TheCursedMod:FleshFromBone+1","TheCursedMod:Mangle","TheCursedMod:SmokeScreen+1"],"picked":"SKIP","floor":14.0},{"not_picked":["TheCursedMod:ForbiddenAlchemy+1","TheCursedMod:CircleOfAbyss+1"],"picked":"TheCursedMod:Neurasthenia+1","floor":16.0},{"not_picked":["TheCursedMod:ReleasedKnowledge+1","TheCursedMod:FleshFromBone+1"],"picked":"TheCursedMod:CursedAmulet+1","floor":18.0},{"not_picked":["TheCursedMod:CursedMace+1","TheCursedMod:SpitefulStrike"],"picked":"TheCursedMod:SaltUponWound+1","floor":21.0},{"not_picked":["TheCursedMod:PrepareRite+1","TheCursedMod:BloodBarrier+1"],"picked":"TheCursedMod:CircleOfAbyss+1","floor":23.0},{"not_picked":["TheCursedMod:CircleOfFlame+1","TheCursedMod:Stigma"],"picked":"TheCursedMod:SpitefulPlan+1","floor":24.0},{"not_picked":["TheCursedMod:CursedMace","TheCursedMod:Stretching+1","TheCursedMod:CursedBlade+1"],"picked":"SKIP","floor":25.0},{"not_picked":["TheCursedMod:Grudge+1","TheCursedMod:PrepareRite+1","TheCursedMod:Stretching+1"],"picked":"TheCursedMod:HellfireBreathing","floor":27.0},{"not_picked":["TheCursedMod:CursedArmor+1","TheCursedMod:CursedBlade","TheCursedMod:RavingStaff"],"picked":"TheCursedMod:StingEye","floor":29.0},{"not_picked":["TheCursedMod:Evocation+1","TheCursedMod:VitalStrike","TheCursedMod:Wield"],"picked":"TheCursedMod:CollectTribute","floor":31.0},{"not_picked":["TheCursedMod:StunningStrike","TheCursedMod:CursedRelics","TheCursedMod:NeowsMight+1"],"picked":"TheCursedMod:DemonSword","floor":33.0},{"not_picked":["TheCursedMod:RavingStaff","TheCursedMod:CursedAmulet+1","TheCursedMod:FleshFromBone+1"],"picked":"TheCursedMod:CursedMace+1","floor":35.0},{"not_picked":["TheCursedMod:SpitefulStrike","TheCursedMod:WearCloak+1","TheCursedMod:HellsGateOpen"],"picked":"TheCursedMod:CursedRelics","floor":36},{"not_picked":["TheCursedMod:SurpriseAttack","TheCursedMod:FleshFromBone+1","TheCursedMod:ReleasedKnowledge+1","TheCursedMod:SpitefulPlan"],"picked":"SKIP","floor":37},{"not_picked":["TheCursedMod:Evocation+1","TheCursedMod:TroublousMinions+1","TheCursedMod:FuryStrike","TheCursedMod:CircleOfAmplification+1"],"picked":"SKIP","floor":40},{"not_picked":["TheCursedMod:FleshFromBone+1","TheCursedMod:PrepareRite+1","TheCursedMod:Obscuration+1"],"picked":"TheCursedMod:NeowsMight+1","floor":41},{"not_picked":["TheCursedMod:Grudge+1","TheCursedMod:CursedShiv","TheCursedMod:CursedBoomerang"],"picked":"TheCursedMod:RapidMovement+1","floor":42},{"not_picked":["TheCursedMod:SmokeScreen+1","TheCursedMod:ManaCirculation","TheCursedMod:CircleOfFlame+1","TheCursedMod:ReleasedKnowledge+1"],"picked":"SKIP","floor":44},{"not_picked":["TheCursedMod:CursedBlade","TheCursedMod:SurpriseAttack","TheCursedMod:CircleOfWindfury+1"],"picked":"TheCursedMod:SaltUponWound+1","floor":46},{"not_picked":["TheCursedMod:VitalStrike","TheCursedMod:Obscuration+1","TheCursedMod:SpreadPlague+1"],"picked":"TheCursedMod:SurpriseAttack+1","floor":47},{"not_picked":["TheCursedMod:ManaCirculation","TheCursedMod:SmokeScreen+1","TheCursedMod:Obscuration+1"],"picked":"TheCursedMod:WearCloak+1","floor":48},{"not_picked":[],"picked":"TheCursedMod:VoidForm","floor":53},{"not_picked":[],"picked":"Poisoned Strike","floor":53},{"not_picked":["TheCursedMod:CursedShiv"],"picked":"SKIP","floor":53},{"not_picked":["TheCursedMod:TacticalStrike"],"picked":"SKIP","floor":53},{"not_picked":["TheCursedMod:Obscuration+1"],"picked":"SKIP","floor":53},{"not_picked":["TheCursedMod:ReleasedStrength+1"],"picked":"SKIP","floor":53},{"not_picked":["Trip+1"],"picked":"SKIP","floor":53},{"not_picked":["TheCursedMod:CircleOfFlame+1","TheCursedMod:SpitefulPlan","TheCursedMod:RavingStaff"],"picked":"TheCursedMod:WearCloak+1","floor":54}],"player_experience":185428,"relics_obtained":[{"floor":6.0,"key":"TheCursedMod:DemonicMark"},{"floor":8.0,"key":"Akabeko"},{"floor":9.0,"key":"Toxic Egg 2"},{"floor":10.0,"key":"MawBank"},{"floor":12.0,"key":"RuthlessExorcism:ReiMu"},{"floor":23.0,"key":"reliquary:BallBearing"},{"floor":25.0,"key":"REME_PuzzleBoxRelic"},{"floor":26.0,"key":"Question Card"},{"floor":27.0,"key":"Replay:Ringing Soul"},{"floor":29.0,"key":"Blood Vial"},{"floor":30.0,"key":"Ring of Fury"},{"floor":35.0,"key":"Painkiller Herb"},{"floor":36,"key":"Thread and Needle"},{"floor":40,"key":"Ice Cream"},{"floor":41,"key":"Shovel"},{"floor":42,"key":"Strawberry"},{"floor":44,"key":"reliquary:IridiumChain"},{"floor":46,"key":"ReplayFunnel"},{"floor":48,"key":"The Courier"},{"floor":52,"key":"hubris:TinFlute"},{"floor":53,"key":"reliquary:Stiletto"},{"floor":53,"key":"PlanX"},{"floor":53,"key":"TheAbacus"},{"floor":53,"key":"Bag of Marbles"},{"floor":53,"key":"reliquary:JackalopeAntler"},{"floor":53,"key":"ClockworkSouvenir"},{"floor":53,"key":"ReplayFunnel"},{"floor":54,"key":"reliquary:ExpiredCoupon"}],"event_choices":[{"damage_healed":0,"gold_gain":0,"player_choice":"Fight","damage_taken":0,"max_hp_gain":0,"max_hp_loss":0,"event_name":"Mysterious Sphere","floor":36,"gold_loss":0},{"damage_healed":0,"gold_gain":0,"player_choice":"Fight","damage_taken":0,"max_hp_gain":0,"max_hp_loss":0,"event_name":"MindBloom","floor":41,"gold_loss":0},{"damage_healed":0,"gold_gain":0,"player_choice":"Paid","damage_taken":0,"relics_obtained":["Red Mask"],"max_hp_gain":0,"max_hp_loss":0,"event_name":"Tomb of Lord Red Mask","floor":45,"gold_loss":258}],"is_beta":false,"boss_relics":[{"not_picked":["hubris:Stopwatch","Kintsugi"],"picked":"Coffee Dripper"},{"not_picked":["reliquary:RedCape","Fusion Hammer"],"picked":"AddBug"}],"items_purged_floors":[39],"is_endless":false,"potions_floor_spawned":[6,8,10,12,14,21,24,25,27,29,33,36,37,40,44,46,47],"ascension_level":14}}