{"host":"5471ir90dlnrorkp","time":1612241893,"event":{"mods":["Aspiration","BaseMod","Beaked The Cultist","Colored Map","Colored Powertips","Displayed Cursed Tome","Hermit","Minty Spire (QoL Compilation)","Random Character Button","Replay The Spire","Shop Mod","StSLib","The Cursed","The Druid","The Marked","The Runesmith","The Witch","TheBandit","thorton"],"gold_per_floor":[19,37,37,37,48,48,66,78,78,3,49,77,89,101,101,206,206,221,237,162,162,177,177,177],"floor_reached":23,"language":"ENG","playtime":1126,"items_purged":["Strike_B"],"score":220,"play_id":"f1208ef4-d13c-4c4e-8a0b-42ec23cd8de7","local_time":"20210201235813","is_ascension_mode":false,"campfire_choices":[{"data":"Zap","floor":6.0,"key":"SMITH"},{"floor":15.0,"key":"REST"}],"circlet_count":0,"master_deck":["Strike_B","Strike_B","Defend_B","Defend_B","Defend_B","Defend_B","Zap+1","Dualcast","Gash","Go for the Eyes"],"relics":["Cracked Core","Bird Faced Urn","Unceasing Top","Frozen Egg 2","Pear","SlaversCollar"],"acts_visited":[],"potions_floor_usage":[],"damage_taken":[{"damage":1.0,"enemies":"Jaw Worm","floor":1.0,"turns":4.0},{"damage":0.0,"enemies":"Small Slimes","floor":2.0,"turns":2.0},{"damage":6.0,"enemies":"2 Louse","floor":5.0,"turns":2.0},{"damage":0.0,"enemies":"Looter","floor":7.0,"turns":3.0},{"damage":4.0,"enemies":"Blue Slaver","floor":8.0,"turns":3.0},{"damage":12.0,"enemies":"Lagavulin","floor":12.0,"turns":7.0},{"damage":4.0,"enemies":"2 Fungi Beasts","floor":13.0,"turns":3.0},{"damage":14.0,"enemies":"Lots of Slimes","floor":14.0,"turns":3.0},{"damage":25.0,"enemies":"Slime Boss","floor":16.0,"turns":5.0},{"damage":24.0,"enemies":"Spheric Guardian","floor":18.0,"turns":5.0},{"damage":11.0,"enemies":"Chosen","floor":19.0,"turns":6.0},{"damage":15.0,"enemies":"Snake Plant","floor":22.0,"turns":3.0},{"damage":0,"enemies":"Sentry and Sphere","floor":23,"turns":1}],"seed_played":"2402277477874515813","potions_obtained":[{"floor":1.0,"key":"AttackPotion"},{"floor":2.0,"key":"EssenceOfDarkness"},{"floor":8.0,"key":"AttackPotion"},{"floor":12.0,"key":"Weak Potion"},{"floor":16.0,"key":"Weak Potion"},{"floor":19.0,"key":"Dexterity Potion"},{"floor":22.0,"key":"SkillPotion"}],"is_trial":false,"path_per_floor":["M","M","?","?","M","R","M","M","T","$","T","E","M","M","R","B",null,"M","M","?","?","M","M"],"character_chosen":"DEFECT","items_purchased":[],"campfire_rested":1,"item_purchase_floors":[],"current_hp_per_floor":[74,74,79,72,66,66,66,62,62,62,62,60,56,42,69,44,90,66,55,55,37,22,22,22],"gold":177,"neow_bonus":"ONE_RARE_RELIC","is_daily":false,"chose_seed":false,"campfire_upgraded":1,"win_rate":0.0,"timestamp":1612241893,"path_taken":["M","M","?","?","M","R","M","M","T","$","?","E","M","M","R","BOSS","M","M","?","?","M","M"],"items_purchased_type":[],"build_version":"2020-12-22","purchased_purges":1,"victory":false,"max_hp_per_floor":[75,75,80,80,80,80,80,80,80,80,80,90,90,90,90,90,90,90,90,90,95,95,95,95],"card_choices":[{"not_picked":["Scrape","Steam Power","Streamline"],"picked":"SKIP","floor":1.0},{"not_picked":["Storm","Stack"],"picked":"Gash","floor":2.0},{"not_picked":["Gash","Turbo","Reinforced Body"],"picked":"SKIP","floor":5.0},{"not_picked":["Undo","Loop","Barrage"],"picked":"SKIP","floor":7.0},{"not_picked":["Leap","Stack","Melter"],"picked":"SKIP","floor":8.0},{"not_picked":["Double Energy","Steam","Hologram"],"picked":"SKIP","floor":12.0},{"not_picked":["Conserve Battery","Coolheaded"],"picked":"Go for the Eyes","floor":13.0},{"not_picked":["Rebound","Darkness","Core Surge"],"picked":"SKIP","floor":14.0},{"not_picked":["Self Repair+1","Ball Lightning","Sweeping Beam+1"],"picked":"SKIP","floor":18.0},{"not_picked":["Streamline+1","Beam Cell","Leap+1"],"picked":"SKIP","floor":19.0},{"not_picked":["Barrage","Gash","Lockon+1"],"picked":"SKIP","floor":22.0}],"player_experience":1699910,"relics_obtained":[{"floor":9.0,"key":"Frozen Egg 2"},{"floor":12.0,"key":"Pear"}],"event_choices":[{"damage_healed":0.0,"max_hp_gain":5.0,"max_hp_loss":0.0,"gold_gain":0.0,"event_name":"Big Fish","player_choice":"Donut","floor":3.0,"gold_loss":0.0,"damage_taken":0.0},{"damage_healed":0.0,"max_hp_gain":0.0,"max_hp_loss":0.0,"gold_gain":0.0,"event_name":"Scrap Ooze","player_choice":"Success","floor":4.0,"gold_loss":0.0,"damage_taken":7.0,"relics_obtained":["Unceasing Top"]},{"cards_removed":["Strike_B"],"damage_healed":0.0,"max_hp_gain":0.0,"max_hp_loss":0.0,"gold_gain":0.0,"event_name":"Beggar","player_choice":"Gave Gold","floor":20.0,"gold_loss":75.0,"damage_taken":0.0},{"damage_healed":0.0,"max_hp_gain":5.0,"max_hp_loss":0.0,"gold_gain":0.0,"event_name":"Forgotten Altar","player_choice":"Shed Blood","floor":21.0,"gold_loss":0.0,"damage_taken":23.0}],"is_beta":false,"boss_relics":[{"not_picked":["Tiny House","Calling Bell"],"picked":"SlaversCollar"}],"items_purged_floors":[10],"is_endless":false,"potions_floor_spawned":[1,2,8,12,13,16,19,22],"killed_by":"Sentry and Sphere","ascension_level":0}}