{"host":"nsc6ozq3atyrdr3m","time":1612289549,"event":{"mods":["BaseMod","Colored Map","Minty Spire (QoL Compilation)"],"gold_per_floor":[114,114,214,225,241,241,276,286,286,46,46,77,91,91,91,191,191,210,210,210,125,125,125,158,158,158],"floor_reached":25,"language":"FRA","playtime":538,"items_purged":[],"score":318,"play_id":"f0457593-6e70-4407-be75-9fd6f19f7d15","local_time":"20210202191229","is_ascension_mode":true,"campfire_choices":[{"data":"Predator","floor":6,"key":"SMITH"},{"data":"Noxious Fumes","floor":11,"key":"SMITH"},{"data":"Bane","floor":15,"key":"SMITH"},{"floor":23,"key":"REST"}],"circlet_count":0,"master_deck":["Strike_G","Strike_G","Strike_G","Strike_G","Strike_G","Defend_G","Defend_G","Defend_G","Defend_G","Defend_G","Survivor","Neutralize","Predator+1","Noxious Fumes+1","Prepared","Die Die Die","Flying Knee","Bane+1","Wraith Form v2","Dark Shackles","Poisoned Stab+1"],"relics":["Ring of the Snake","NeowsBlessing","Unceasing Top","Darkstone Periapt","Bottled Tornado","HornCleat","Sozu","Omamori"],"acts_visited":["Exordium","TheCity"],"potions_floor_usage":[12,13,16],"damage_taken":[{"damage":0,"enemies":"Jaw Worm","floor":1,"turns":1},{"damage":0,"enemies":"Cultist","floor":4,"turns":1},{"damage":0,"enemies":"2 Louse","floor":5,"turns":1},{"damage":15,"enemies":"Gremlin Nob","floor":7,"turns":4},{"damage":4,"enemies":"2 Fungi Beasts","floor":8,"turns":3},{"damage":11,"enemies":"3 Sentries","floor":12,"turns":5},{"damage":4,"enemies":"Exordium Thugs","floor":13,"turns":4},{"damage":42,"enemies":"Hexaghost","floor":16,"turns":10},{"damage":19,"enemies":"Spheric Guardian","floor":18,"turns":4},{"damage":45,"enemies":"Book of Stabbing","floor":24,"turns":7},{"damage":12,"enemies":"Chosen","floor":25,"turns":3}],"seed_played":"1842742631743616397","potions_obtained":[{"floor":7,"key":"PowerPotion"},{"floor":8,"key":"BlessingOfTheForge"},{"floor":12,"key":"Ancient Potion"},{"floor":13,"key":"Swift Potion"}],"is_trial":false,"path_per_floor":["M","$","?","M","M","R","E","M","T","$","R","E","M","?","R","B",null,"M","?","?","$","?","R","E","M"],"character_chosen":"THE_SILENT","items_purchased":["Bottled Tornado","Dark Shackles"],"campfire_rested":1,"item_purchase_floors":[10,21],"current_hp_per_floor":[63,63,63,63,63,63,48,44,44,44,44,33,29,52,52,10,55,36,36,36,36,36,57,12,0,0],"gold":158,"neow_bonus":"THREE_ENEMY_KILL","is_daily":false,"chose_seed":false,"campfire_upgraded":3,"win_rate":0.0,"timestamp":1612289549,"path_taken":["M","$","?","M","M","R","E","?","T","$","R","E","M","?","R","BOSS","M","?","?","$","?","R","E","M"],"items_purchased_type":["Relic","Card"],"build_version":"2020-12-22","purchased_purges":0,"victory":false,"max_hp_per_floor":[70,70,70,70,70,70,70,70,70,70,70,70,70,70,70,70,70,70,70,70,70,70,70,70,70,70],"card_choices":[{"not_picked":["Dagger Throw","Deadly Poison"],"picked":"Predator","floor":1},{"not_picked":["Finisher","Concentrate"],"picked":"Noxious Fumes","floor":4},{"not_picked":["Finisher","Infinite Blades","Cloak And Dagger"],"picked":"SKIP","floor":5},{"not_picked":["Tactician","Blade Dance"],"picked":"Prepared","floor":7},{"not_picked":["Masterful Stab","Calculated Gamble"],"picked":"Die Die Die","floor":8},{"not_picked":["Deflect","Dagger Spray"],"picked":"Flying Knee","floor":12},{"not_picked":["Choke","Underhanded Strike"],"picked":"Bane","floor":13},{"not_picked":["Adrenaline","Burst"],"picked":"Wraith Form v2","floor":16},{"not_picked":["Tactician","Setup","Blade Dance+1"],"picked":"SKIP","floor":18},{"not_picked":["Slice","Flying Knee"],"picked":"Poisoned Stab+1","floor":24}],"player_experience":366668,"relics_obtained":[{"floor":7,"key":"Unceasing Top"},{"floor":9,"key":"Darkstone Periapt"},{"floor":12,"key":"HornCleat"},{"floor":24,"key":"Omamori"}],"event_choices":[{"damage_healed":0,"gold_gain":100,"player_choice":"Pray","damage_taken":0,"max_hp_gain":0,"max_hp_loss":0,"event_name":"Golden Shrine","floor":3,"gold_loss":0},{"damage_healed":23,"gold_gain":0,"player_choice":"Banana","damage_taken":0,"max_hp_gain":0,"max_hp_loss":0,"event_name":"Big Fish","floor":14,"gold_loss":0},{"damage_healed":0,"gold_gain":0,"player_choice":"Ignored","damage_taken":0,"max_hp_gain":0,"max_hp_loss":0,"event_name":"Vampires","floor":19,"gold_loss":0},{"damage_healed":0,"gold_gain":0,"player_choice":"Ignored","damage_taken":0,"max_hp_gain":0,"max_hp_loss":0,"event_name":"Ghosts","floor":20,"gold_loss":0},{"damage_healed":0,"gold_gain":0,"player_choice":"Got Potions","damage_taken":0,"max_hp_gain":0,"max_hp_loss":0,"event_name":"Lab","floor":22,"gold_loss":0}],"is_beta":false,"boss_relics":[{"not_picked":["Tiny House","Runic Pyramid"],"picked":"Sozu"}],"items_purged_floors":[],"is_endless":false,"potions_floor_spawned":[7,8,12,13,18],"killed_by":"Chosen","ascension_level":8}}