{"host":"rolltorest","time":1612255475,"event":{"mods":["BaseMod","Minty Spire (QoL Compilation)","Relic Stats","Slay the Relics Exporter","StSLib"],"gold_per_floor":[113,77,97,107,121,147,147,175,175,507,572,591,591,591],"floor_reached":13,"language":"ENG","playtime":450,"items_purged":[],"score":210,"play_id":"20f2d6f3-98f4-4069-8b9a-01402509adc3","local_time":"20210202004435","is_ascension_mode":true,"campfire_choices":[{"data":"Meditate","floor":7,"key":"SMITH"}],"circlet_count":0,"master_deck":["AscendersBane","Strike_P","Strike_P","Strike_P","Strike_P","Defend_P","Defend_P","Defend_P","Defend_P","Eruption","Vigilance","Meditate+1","Wallop","FlyingSleeves","BowlingBash","Protect","BowlingBash","ThirdEye","Conclude","EmptyMind"],"relics":["Velvet Choker","Boot","Yang","CaptainsWheel","Old Coin"],"acts_visited":["Exordium"],"potions_floor_usage":[6],"damage_taken":[{"damage":0,"enemies":"Cultist","floor":1,"turns":3},{"damage":2,"enemies":"Small Slimes","floor":3,"turns":3},{"damage":0,"enemies":"2 Louse","floor":4,"turns":3},{"damage":0,"enemies":"Looter","floor":5,"turns":3},{"damage":11,"enemies":"Gremlin Nob","floor":6,"turns":3},{"damage":20,"enemies":"3 Sentries","floor":8,"turns":6},{"damage":11,"enemies":"Gremlin Nob","floor":10,"turns":3},{"damage":0,"enemies":"Large Slime","floor":12,"turns":4},{"damage":15,"enemies":"Lagavulin","floor":13,"turns":11}],"seed_played":"8097569727017303270","potions_obtained":[{"floor":1,"key":"FearPotion"},{"floor":4,"key":"DuplicationPotion"},{"floor":6,"key":"Dexterity Potion"}],"is_trial":false,"path_per_floor":["M","$","M","M","M","E","R","E","T","E","?","M","E"],"character_chosen":"WATCHER","items_purchased":["Wallop"],"campfire_rested":0,"item_purchase_floors":[2],"current_hp_per_floor":[61,61,59,59,59,48,48,28,28,17,17,17,2,2],"gold":591,"neow_bonus":"BOSS_RELIC","is_daily":false,"chose_seed":false,"campfire_upgraded":1,"win_rate":0.0,"timestamp":1612255475,"path_taken":["M","$","M","?","M","E","R","E","T","E","?","M","E"],"items_purchased_type":["Card"],"build_version":"2020-12-18","purchased_purges":0,"victory":false,"max_hp_per_floor":[68,68,68,68,68,68,68,68,68,68,68,68,68,68],"relic_stats":{"counters":[9,39],"Yang":[32],"Boot":[13],"obtain_stats":[{"CaptainsWheel":9,"Velvet Choker":0,"Yang":8,"PureWater":0,"Boot":6,"Old Coin":10},{"CaptainsWheel":6,"Velvet Choker":0,"Yang":6,"PureWater":0,"Boot":5,"Old Coin":7},{"CaptainsWheel":21,"Velvet Choker":0,"Yang":21,"PureWater":0,"Boot":15,"Old Coin":24}]},"card_choices":[{"not_picked":["LikeWater","Prostrate"],"picked":"Meditate","floor":1},{"not_picked":["Crescendo","Prostrate"],"picked":"FlyingSleeves","floor":3},{"not_picked":["SashWhip","Crescendo"],"picked":"BowlingBash","floor":4},{"not_picked":["Crescendo","Consecrate"],"picked":"Protect","floor":5},{"not_picked":["FlurryOfBlows","Evaluate"],"picked":"BowlingBash","floor":6},{"not_picked":["Nirvana","PathToVictory"],"picked":"ThirdEye","floor":8},{"not_picked":["Prostrate","Fasting2"],"picked":"Conclude","floor":10},{"not_picked":["Protect","DeusExMachina"],"picked":"EmptyMind","floor":12}],"player_experience":1815357,"relics_obtained":[{"floor":6,"key":"Boot"},{"floor":8,"key":"Yang"},{"floor":9,"key":"CaptainsWheel"},{"floor":10,"key":"Old Coin"}],"event_choices":[{"damage_healed":0,"gold_gain":65,"player_choice":"Gained Gold","damage_taken":0,"max_hp_gain":0,"max_hp_loss":0,"event_name":"Golden Wing","floor":11,"gold_loss":0}],"is_beta":true,"boss_relics":[],"items_purged_floors":[],"is_endless":false,"potions_floor_spawned":[1,4,6],"killed_by":"Lagavulin","ascension_level":20}}