{"host":"cijga0v04gg9ih6p","time":1612273734,"event":{"mods":["Act Like it!","Arknights","BaseMod","Conspire","Dota2Spire","Luminous","Minty Spire (QoL Compilation)","Pale of the Ancients","Quarter Circle Forward PUNCH!","StSLib","SuperFastMode","UnlockEverythingMod","[IsaacMod]“‘»ˆº‚À˛","°æ“≈ŒÔø®≈∆°øREMEMod","≤–¡Ù÷ÆŒÔ"],"gold_per_floor":[110,210,210,210,210,210,210,210,210,210,243,243,259,292,292,421,421,440,440,63,63,114,114,114,114,114,114,114,128,143,163,163,292,292,310,310,343,368,368,399,399,399,422,422,13,57,57,390,390,492,492,504,520,165,234,234,253,253,52,52,52,52],"floor_reached":61,"language":"ZHS","playtime":3455,"items_purged":["PlaceholderMod:BaseDefend","PlaceholderMod:BaseDefend+1"],"score":991,"play_id":"e2ffbd20-1dc9-45ad-b18d-ff2971351ee4","local_time":"20210202214854","daily_mods":["Heirloom","Time Dilation","Flight"],"is_ascension_mode":false,"campfire_choices":[{"data":"Footwork","floor":6.0,"key":"SMITH"},{"data":"PlaceholderMod:StressReaction","floor":8.0,"key":"SMITH"},{"data":"PlaceholderMod:PoisonWhip","floor":10.0,"key":"SMITH"},{"data":"PlaceholderMod:CycleAttack","floor":12.0,"key":"SMITH"},{"data":"EpicFetus","floor":15.0,"key":"SMITH"},{"data":"PlaceholderMod:DiffusionPoison","floor":23.0,"key":"SMITH"},{"data":"PlaceholderMod:Crystal","floor":24.0,"key":"SMITH"},{"data":"PlaceholderMod:TriggerStrike","floor":28.0,"key":"SMITH"},{"floor":32.0,"key":"REST"},{"floor":41.0,"key":"REST"},{"floor":42.0,"key":"REST"},{"floor":47.0,"key":"REST"},{"data":"Madness","floor":49.0,"key":"SMITH"},{"data":"Madness","floor":56.0,"key":"SMITH"},{"data":"PlaceholderMod:QualitativeChange","floor":58.0,"key":"SMITH"}],"circlet_count":1,"master_deck":["PlaceholderMod:BaseStrike+1","PlaceholderMod:BaseStrike+1","PlaceholderMod:BaseStrike+1","PlaceholderMod:BaseStrike+1","PlaceholderMod:BaseDefend+1","PlaceholderMod:BaseDefend+1","PlaceholderMod:BaseDefend+1","PlaceholderMod:Crystal+1","PlaceholderMod:PoisonWhip+1","EpicFetus+1","Footwork+1","PlaceholderMod:RadicalHit+1","PlaceholderMod:StressReaction+1","PlaceholderMod:CycleAttack+1","PlaceholderMod:TriggerStrike+1","PlaceholderMod:DiffusionPoison+1","PlaceholderMod:SprayAttack+1","PlaceholderMod:AttackAsDefend","PlaceholderMod:HighConcentration","PlaceholderMod:HardStinger+1","PlaceholderMod:Eat","PlaceholderMod:HardStrike+1","Madness+1","Madness+1","PlaceholderMod:Crystallization","PlaceholderMod:PoisonAbsorb+1","PlaceholderMod:Activation","Flash of Steel+1","PlaceholderMod:HardStrike+1","PlaceholderMod:QualitativeChange+1","PlaceholderMod:ComplexForm+1","PlaceholderMod:StressReaction","PlaceholderMod:Crystallization","PlaceholderMod:Hard+1","PlaceholderMod:ThreeBenzyolStart"],"relics":["PlaceholderMod:Tancle","REME_ComplimentaryCards","HushsDoor","Leech","Ginger","Dota2Spire:Vanguard","Pear","Odd Mushroom","Dota2Spire:BladeMail","Ring of the Snake","Strawberry","Lee\u0027s Waffle","MutagenicStrength","conspire:BottledYoYo","Circlet","WristBlade","PlaceholderMod:EltdownShards","Molten Egg 2","Lantern","Dota2Spire:EchoSabre","BFFS","MagicMushroom","MyShadow","paleoftheancients:Timepiece","Ice Cream","Gremlin Horn","paleoftheancients:SoulOfTheGuardian","Dota2Spire:AssaultCuirass","PillsDrop"],"acts_visited":["Exordium","TheCity","TheBeyond","paleoftheancients:PaleOfTheAncients"],"potions_floor_usage":[61,61,61],"damage_taken":[{"damage":0.0,"enemies":"Jaw Worm","floor":1.0,"turns":4.0},{"damage":6.0,"enemies":"The Mushroom Lair","floor":11.0,"turns":3.0},{"damage":0.0,"enemies":"Cultist","floor":13.0,"turns":3.0},{"damage":15.0,"enemies":"3 Sentries","floor":14.0,"turns":4.0},{"damage":43.0,"enemies":"The Guardian","floor":16.0,"turns":5.0},{"damage":14.0,"enemies":"3 Byrds","floor":18.0,"turns":5.0},{"damage":0.0,"enemies":"Chosen","floor":22.0,"turns":3.0},{"damage":10.0,"enemies":"Sentry and Sphere","floor":29.0,"turns":3.0},{"damage":31.0,"enemies":"Shelled Parasite and Fungi","floor":30.0,"turns":4.0},{"damage":0.0,"enemies":"conspire:HollyBat","floor":31.0,"turns":5.0},{"damage":0.0,"enemies":"Champ","floor":33.0,"turns":6.0},{"damage":22.0,"enemies":"3 Darklings","floor":35.0,"turns":3.0},{"damage":24.0,"enemies":"conspire:MimicChest","floor":37.0,"turns":4.0},{"damage":19.0,"enemies":"3 Shapes","floor":38.0,"turns":3.0},{"damage":40.0,"enemies":"Reptomancer","floor":40.0,"turns":5.0},{"damage":0.0,"enemies":"Spire Growth","floor":46.0,"turns":2.0},{"damage":52.0,"enemies":"Time Eater","floor":50.0,"turns":9.0},{"damage":68.0,"enemies":"Time Eater","floor":52.0,"turns":5.0},{"damage":47.0,"enemies":"Time Eater","floor":53.0,"turns":7.0},{"damage":2.0,"enemies":"","floor":57.0,"turns":8.0},{"damage":203,"enemies":"paleoftheancients:N","floor":61,"turns":7}],"seed_played":"-5818681346217352741","potions_obtained":[{"floor":11.0,"key":"Regen Potion"},{"floor":14.0,"key":"Explosive Potion"},{"floor":18.0,"key":"REME_GoldPotion"},{"floor":30.0,"key":"AttackPotion"},{"floor":33.0,"key":"ColorlessPotion"},{"floor":40.0,"key":"REME_GoldPotion"},{"floor":50.0,"key":"Fire Potion"},{"floor":52.0,"key":"BlessingOfTheForge"},{"floor":57.0,"key":"PowerPotion"}],"is_trial":true,"path_per_floor":["M","?","?","?","$","R","?","R","T","R","?","R","M","E","R","B",null,"M","?","$","?","M","R","R","?","T","?","R","M","M","M","R","B",null,"M","?","?","M","?","E","R","R","T","?","$","M","R","?","R","B",null,"M","M","$","T","R","M","R","$","?","B"],"character_chosen":"THE_PLACEHOLDER","items_purchased":["Strawberry","Lee\u0027s Waffle","Dota2Spire:EchoSabre","BFFS","MyShadow","Dota2Spire:AssaultCuirass","PlaceholderMod:Crystallization","PlaceholderMod:ThreeBenzyolStart","EssenceOfSteel","PowerPotion"],"campfire_rested":4,"item_purchase_floors":[20,20,45,45,51,54,54,59,59,59],"current_hp_per_floor":[78,78,71,71,71,71,52,52,62,62,58,58,60,60,60,22,88,76,76,102,102,102,102,102,102,102,102,102,92,64,68,98,102,102,81,68,51,38,38,6,36,66,66,66,66,68,98,98,98,54,97,65,64,64,64,64,75,75,75,75,0,0],"gold":52,"neow_bonus":"","is_daily":false,"chose_seed":false,"campfire_upgraded":11,"win_rate":0.0,"timestamp":1612273734,"path_taken":["M","?","?","?","$","R","?","R","T","R","?","R","?","E","R","BOSS","M","?","$","?","?","R","R","?","T","?","R","?","M","M","R","BOSS","M","?","?","?","?","E","R","R","T","?","$","?","R","?","R","BOSS","M","M","?","T","R","M","R","$","?","BOSS"],"items_purchased_type":["Relic","Relic","Relic","Relic","Relic","Relic","Card","Card","Potion","Potion"],"build_version":"2020-12-22","purchased_purges":2,"victory":false,"max_hp_per_floor":[78,78,78,78,78,78,78,78,88,88,88,88,88,88,88,88,88,88,88,102,102,102,102,102,102,102,102,102,102,102,102,102,102,102,102,102,102,102,102,102,102,102,102,102,102,102,102,102,102,102,97,97,97,97,97,97,100,100,100,100,100,100],"card_choices":[{"not_picked":[],"picked":"EpicFetus","floor":0.0},{"not_picked":["PlaceholderMod:Sweep","PlaceholderMod:Corrosion"],"picked":"PlaceholderMod:RadicalHit","floor":1.0},{"not_picked":["PlaceholderMod:DirectingGroup","PlaceholderMod:Polyp"],"picked":"PlaceholderMod:StressReaction","floor":2.0},{"not_picked":["PlaceholderMod:Internalization","PlaceholderMod:ChainPoly"],"picked":"PlaceholderMod:CycleAttack","floor":11.0},{"not_picked":["PlaceholderMod:SeverePoisonStrike","PlaceholderMod:SpinBlade"],"picked":"Bomb","floor":13.0},{"not_picked":["PlaceholderMod:DissolvingSpikes","PlaceholderMod:ConsolidateHit"],"picked":"PlaceholderMod:TriggerStrike","floor":14.0},{"not_picked":["PlaceholderMod:MultiReaction","PlaceholderMod:SelfCoupling"],"picked":"PlaceholderMod:DiffusionPoison","floor":16.0},{"not_picked":["PlaceholderMod:PoisonAbsorb+1","PlaceholderMod:DissolvingSpikes"],"picked":"PlaceholderMod:SprayAttack+1","floor":18.0},{"not_picked":["PlaceholderMod:EvolutionSpray","PlaceholderMod:NearChange"],"picked":"PlaceholderMod:AttackAsDefend","floor":22.0},{"not_picked":["PlaceholderMod:ProliferateStrike","PlaceholderMod:InnerStable"],"picked":"PlaceholderMod:HighConcentration","floor":29.0},{"not_picked":["PlaceholderMod:AttackAsDefend","PlaceholderMod:EnergyAbsorb+1"],"picked":"PlaceholderMod:HardStinger+1","floor":30.0},{"not_picked":["PlaceholderMod:AngryAttack","PlaceholderMod:ConsolidateHit","PlaceholderMod:Internalization"],"picked":"SKIP","floor":31.0},{"not_picked":["PlaceholderMod:AbsorbTouch","PlaceholderMod:CorePoison"],"picked":"PlaceholderMod:Eat","floor":33.0},{"not_picked":["PlaceholderMod:ParasiteChange+1","PlaceholderMod:ConsolidateHit+1"],"picked":"PlaceholderMod:HardStrike+1","floor":35.0},{"not_picked":["PlaceholderMod:Polyp","PlaceholderMod:ContinueSpray"],"picked":"PlaceholderMod:Crystallization","floor":37.0},{"not_picked":["PlaceholderMod:Internalization+1","PlaceholderMod:MultipleOxi+1"],"picked":"PlaceholderMod:PoisonAbsorb+1","floor":38.0},{"not_picked":["PlaceholderMod:RadicalHit+1","PlaceholderMod:Polyp+1"],"picked":"PlaceholderMod:Activation","floor":40.0},{"not_picked":["Violence","Trip"],"picked":"Flash of Steel+1","floor":44.0},{"not_picked":["PlaceholderMod:StressReaction+1","PlaceholderMod:HardStinger"],"picked":"PlaceholderMod:HardStrike+1","floor":46.0},{"not_picked":["PlaceholderMod:InnerSoften","PlaceholderMod:Inner"],"picked":"PlaceholderMod:QualitativeChange","floor":50.0},{"not_picked":["PlaceholderMod:SpinBlade+1","PlaceholderMod:SevereHeat"],"picked":"PlaceholderMod:ComplexForm+1","floor":52.0},{"not_picked":["PlaceholderMod:HornyBlast+1","PlaceholderMod:ConsolidateHit+1"],"picked":"PlaceholderMod:StressReaction","floor":53.0},{"not_picked":["PlaceholderMod:SprayAttack+1","PlaceholderMod:FastReaction"],"picked":"PlaceholderMod:Hard+1","floor":57.0},{"not_picked":[],"picked":"Bomb","floor":0.0}],"player_experience":102538,"relics_obtained":[{"floor":9.0,"key":"Pear"},{"floor":11.0,"key":"Odd Mushroom"},{"floor":14.0,"key":"Dota2Spire:BladeMail"},{"floor":26.0,"key":"conspire:BottledYoYo"},{"floor":37.0,"key":"PlaceholderMod:EltdownShards"},{"floor":40.0,"key":"Molten Egg 2"},{"floor":43.0,"key":"Lantern"},{"floor":52.0,"key":"paleoftheancients:SoulOfTheGuardian"},{"floor":53.0,"key":"paleoftheancients:SoulOfTheWatcher"},{"floor":55.0,"key":"PillsDrop"},{"floor":57.0,"key":"paleoftheancients:SoulOfTheShrineMaiden"}],"event_choices":[{"damage_healed":0.0,"max_hp_gain":0.0,"max_hp_loss":0.0,"gold_gain":0.0,"event_name":"Scrap Ooze","player_choice":"Success","floor":3.0,"gold_loss":0.0,"damage_taken":7.0,"relics_obtained":["Dota2Spire:Vanguard"]},{"damage_healed":0.0,"max_hp_gain":0.0,"max_hp_loss":0.0,"gold_gain":0.0,"event_name":"Living Wall","player_choice":"Grow","floor":4.0,"gold_loss":0.0,"damage_taken":0.0,"cards_upgraded":["PlaceholderMod:RadicalHit"]},{"damage_healed":0.0,"max_hp_gain":0.0,"max_hp_loss":0.0,"gold_gain":0.0,"event_name":"Golden Idol","player_choice":"Take Damage","floor":7.0,"gold_loss":0.0,"damage_taken":19.0,"relics_obtained":["Golden Idol"]},{"damage_healed":0.0,"max_hp_gain":0.0,"max_hp_loss":0.0,"gold_gain":0.0,"event_name":"Mushrooms","player_choice":"Fought Mushrooms","floor":11.0,"gold_loss":0.0,"damage_taken":0.0},{"damage_healed":0.0,"max_hp_gain":0.0,"max_hp_loss":0.0,"gold_gain":0.0,"event_name":"Drug Dealer","player_choice":"Inject Mutagens","floor":21.0,"gold_loss":0.0,"damage_taken":0.0,"relics_obtained":["MutagenicStrength"]},{"damage_healed":0.0,"max_hp_gain":0.0,"max_hp_loss":0.0,"gold_gain":0.0,"event_name":"Back to Basics","player_choice":"Simplicity","floor":27.0,"gold_loss":0.0,"damage_taken":0.0,"cards_upgraded":["PlaceholderMod:BaseStrike","PlaceholderMod:BaseStrike","PlaceholderMod:BaseStrike","PlaceholderMod:BaseStrike","PlaceholderMod:BaseStrike","PlaceholderMod:BaseDefend","PlaceholderMod:BaseDefend","PlaceholderMod:BaseDefend","PlaceholderMod:BaseDefend"]},{"damage_healed":0.0,"max_hp_gain":0.0,"max_hp_loss":0.0,"gold_gain":0.0,"event_name":"Winding Halls","player_choice":"Embrace Madness","floor":36.0,"gold_loss":0.0,"damage_taken":13.0,"cards_obtained":["Madness","Madness"]},{"cards_removed":["PlaceholderMod:BaseStrike"],"damage_healed":0.0,"max_hp_gain":0.0,"max_hp_loss":0.0,"gold_gain":0.0,"event_name":"Falling","player_choice":"Removed Attack","floor":39.0,"gold_loss":0.0,"damage_taken":0.0},{"damage_healed":0.0,"max_hp_gain":0.0,"max_hp_loss":0.0,"gold_gain":0.0,"event_name":"SensoryStone","player_choice":"Memory 1","floor":44.0,"gold_loss":0.0,"damage_taken":0.0},{"damage_healed":0.0,"max_hp_gain":0.0,"max_hp_loss":0.0,"gold_gain":333.0,"event_name":"The Moai Head","player_choice":"Gave Idol","floor":48.0,"relics_lost":["Golden Idol"],"gold_loss":0.0,"damage_taken":0.0}],"is_beta":false,"boss_relics":[{"not_picked":["qcfpunch:Dark_Gi","vexMod:MegatonBomb","Coffee Dripper"]},{"not_picked":["Fusion Hammer","Dota2Spire:Bloodstone"],"picked":"vexMod:MysteryBossChallenge"},{"not_picked":[]},{"not_picked":["Astrolabe","Pandora\u0027s Box"],"picked":"MagicMushroom"},{"not_picked":[]}],"items_purged_floors":[20,45],"is_endless":true,"potions_floor_spawned":[11,14,18,30,33,40,50,52,57],"killed_by":"paleoftheancients:N","ascension_level":0}}