{"host":"sum4dy402bbv9y4o","time":1612301882,"event":{"mods":["Aspiration","BaseMod","Conspire","Highlight Path","Minty Spire (QoL Compilation)","StSLib"],"gold_per_floor":[114,114,25,37,53,80,80,111,165,193,193,193,15,15,15,93,93,108,108,119,131,166,166,166],"floor_reached":23,"language":"ENG","playtime":739,"items_purged":[],"score":439,"play_id":"9d6bc4cc-32c6-4bab-9421-24eebf5f52e1","local_time":"20210203003802","is_ascension_mode":true,"campfire_choices":[{"data":"TalkToTheHand","floor":7,"key":"SMITH"},{"floor":11,"key":"REST"},{"data":"Wallop","floor":15,"key":"SMITH"}],"circlet_count":0,"master_deck":["AscendersBane","Defend_P","Defend_P","Defend_P","Defend_P","Eruption","Vigilance","FlurryOfBlows","Wallop+1","Weave","FlurryOfBlows","TalkToTheHand+1","FearNoEvil+1","BowlingBash","LessonLearned","SashWhip+1","Bite","Bite","Bite","Bite+1","Bite","Conclude","Adaptation"],"relics":["PureWater","Regal Pillow","Omamori","Strawberry","PreservedInsect","Unceasing Top","conspire:DeflatedDodgeball","aspiration:SecretTechniqueScroll","Red Mask"],"acts_visited":["Exordium","TheCity"],"potions_floor_usage":[6,22],"damage_taken":[{"damage":0,"enemies":"Small Slimes","floor":1,"turns":2},{"damage":0,"enemies":"Cultist","floor":4,"turns":2},{"damage":2,"enemies":"Jaw Worm","floor":5,"turns":2},{"damage":16,"enemies":"Lagavulin","floor":6,"turns":5},{"damage":16,"enemies":"Gremlin Nob","floor":8,"turns":3},{"damage":14,"enemies":"3 Sentries","floor":10,"turns":4},{"damage":28,"enemies":"The Guardian","floor":16,"turns":10},{"damage":7,"enemies":"2 Thieves","floor":18,"turns":4},{"damage":0,"enemies":"Chosen","floor":20,"turns":5},{"damage":21,"enemies":"Snecko","floor":21,"turns":4},{"damage":14,"enemies":"Masked Bandits","floor":22,"turns":5},{"damage":56,"enemies":"Gremlin Leader","floor":23,"turns":5}],"seed_played":"-6028201314332052610","potions_obtained":[{"floor":5,"key":"Strength Potion"},{"floor":6,"key":"GamblersBrew"},{"floor":21,"key":"FearPotion"}],"is_trial":false,"path_per_floor":["M","?","$","M","M","E","R","E","T","E","R","?","$","$","R","B",null,"M","?","M","M","?","E"],"character_chosen":"WATCHER","items_purchased":["Wallop","LessonLearned"],"campfire_rested":1,"item_purchase_floors":[3,13],"current_hp_per_floor":[61,68,68,68,66,50,50,41,41,27,64,64,64,64,64,36,65,58,52,52,33,30,0,0],"gold":166,"neow_bonus":"RANDOM_COMMON_RELIC","is_daily":false,"chose_seed":false,"campfire_upgraded":2,"win_rate":0.0,"timestamp":1612301882,"path_taken":["M","?","$","?","M","E","R","E","T","E","R","?","?","$","R","BOSS","M","?","M","M","?","E"],"items_purchased_type":["Card","Card"],"build_version":"2020-12-22","purchased_purges":0,"victory":false,"max_hp_per_floor":[68,68,68,68,68,68,68,75,75,75,75,75,75,75,75,75,75,75,52,52,52,52,52,52],"card_choices":[{"not_picked":["BowlingBash","Swivel"],"picked":"FlurryOfBlows","floor":1},{"not_picked":["PathToVictory","Wallop"],"picked":"Weave","floor":4},{"not_picked":["Study","Wallop"],"picked":"FlurryOfBlows","floor":5},{"not_picked":["FlyingSleeves","EmptyBody"],"picked":"TalkToTheHand","floor":6},{"not_picked":["FlurryOfBlows","FlyingSleeves"],"picked":"FearNoEvil","floor":8},{"not_picked":["WaveOfTheHand","ClearTheMind"],"picked":"BowlingBash","floor":10},{"not_picked":["Vengeance","Prostrate"],"picked":"SashWhip","floor":18},{"not_picked":["ClearTheMind","FlyingSleeves","Prostrate"],"picked":"SKIP","floor":20},{"not_picked":["Consecrate","Prostrate"],"picked":"Conclude","floor":21},{"not_picked":["FearNoEvil+1","Pray"],"picked":"Adaptation","floor":22}],"player_experience":3037817,"relics_obtained":[{"floor":6,"key":"Omamori"},{"floor":8,"key":"Strawberry"},{"floor":9,"key":"PreservedInsect"},{"floor":10,"key":"Unceasing Top"},{"floor":22,"key":"Red Mask"}],"event_choices":[{"damage_healed":7,"gold_gain":0,"player_choice":"Full Heal","damage_taken":0,"max_hp_gain":0,"max_hp_loss":0,"event_name":"Wheel of Change","floor":2,"gold_loss":0},{"damage_healed":0,"gold_gain":0,"player_choice":"Searched \u00271\u0027 times","damage_taken":0,"relics_obtained":["conspire:DeflatedDodgeball"],"max_hp_gain":0,"max_hp_loss":0,"event_name":"Dead Adventurer","floor":12,"gold_loss":0},{"damage_healed":0,"gold_gain":0,"player_choice":"Became a vampire","damage_taken":0,"max_hp_gain":0,"max_hp_loss":23,"event_name":"Vampires","floor":19,"gold_loss":0,"cards_obtained":["Bite","Bite","Bite","Bite","Bite"]},{"damage_healed":0,"gold_gain":0,"player_choice":"Fought Bandits","damage_taken":0,"max_hp_gain":0,"max_hp_loss":0,"event_name":"Masked Bandits","floor":22,"gold_loss":0}],"is_beta":false,"boss_relics":[{"not_picked":["Tiny House","Ectoplasm"],"picked":"aspiration:SecretTechniqueScroll"}],"items_purged_floors":[],"is_endless":false,"potions_floor_spawned":[5,6,21],"killed_by":"Gremlin Leader","ascension_level":20}}