{"host":"25fn74ijs2305xd4","time":1612300393,"event":{"mods":["AchievementEnabler","BaseMod","Colored Map","Colored Powertips","Dark Map","Minty Spire (QoL Compilation)","Relic Stats","StSLib"],"gold_per_floor":[113,124,74,38,38,64,64,90,114,127,154,174,187,187,187,283,283,301,314,12,12,111,136,150,150,150,150,169,186,186,202,202,297,297,311,311,326,337,337,337,366,48,48,48,94,111,161,161,161],"floor_reached":48,"language":"POL","playtime":2208,"items_purged":["Defend_R"],"score":604,"play_id":"7da20cb5-b657-4619-be35-cd82cbc67805","local_time":"20210202221313","is_ascension_mode":true,"campfire_choices":[{"data":"Barricade","floor":7,"key":"SMITH"},{"floor":15,"key":"REST"},{"data":"Demon Form","floor":25,"key":"SMITH"},{"floor":27,"key":"REST"},{"floor":30,"key":"REST"},{"floor":32,"key":"REST"},{"data":"Shrug It Off","floor":40,"key":"SMITH"},{"floor":44,"key":"REST"}],"circlet_count":0,"master_deck":["Strike_R","Strike_R+1","Defend_R","Defend_R","Bash","Pummel+1","Rage","Burning Pact+1","Barricade+1","Infernal Blade","Fire Breathing","Disarm","Shrug It Off","Rage+1","Shrug It Off+1","Demon Form+1","Rampage","Anger+1","Limit Break","Seeing Red","Clothesline","Twin Strike+1","Ghostly Armor+1","Limit Break+1","Body Slam+1","Iron Wave+1","Spot Weakness","True Grit","Anger","Shrug It Off"],"relics":["Burning Blood","NeowsBlessing","FaceOfCleric","Potion Belt","Whetstone","Nunchaku","Dream Catcher","Lizard Tail","Busted Crown","Toolbox","MutagenicStrength","Omamori","Mummified Hand","Astrolabe","Red Skull","Ice Cream","War Paint","Charon\u0027s Ashes","Peace Pipe"],"acts_visited":["Exordium","TheCity","TheBeyond"],"potions_floor_usage":[8,8,11,31,31,45,47,48,48],"damage_taken":[{"damage":0,"enemies":"Jaw Worm","floor":1,"turns":1},{"damage":0,"enemies":"Cultist","floor":2,"turns":1},{"damage":0,"enemies":"Lagavulin","floor":6,"turns":1},{"damage":50,"enemies":"3 Sentries","floor":8,"turns":17},{"damage":7,"enemies":"2 Louse","floor":10,"turns":3},{"damage":36,"enemies":"Gremlin Nob","floor":11,"turns":5},{"damage":8,"enemies":"Exordium Wildlife","floor":12,"turns":5},{"damage":7,"enemies":"Blue Slaver","floor":13,"turns":6},{"damage":31,"enemies":"The Guardian","floor":16,"turns":25},{"damage":31,"enemies":"Spheric Guardian","floor":18,"turns":9},{"damage":27,"enemies":"Shell Parasite","floor":19,"turns":7},{"damage":44,"enemies":"Book of Stabbing","floor":23,"turns":5},{"damage":34,"enemies":"Snake Plant","floor":24,"turns":5},{"damage":9,"enemies":"Centurion and Healer","floor":28,"turns":4},{"damage":41,"enemies":"Cultist and Chosen","floor":29,"turns":7},{"damage":0,"enemies":"Sentry and Sphere","floor":31,"turns":3},{"damage":32,"enemies":"Automaton","floor":33,"turns":10},{"damage":45,"enemies":"3 Darklings","floor":35,"turns":6},{"damage":15,"enemies":"3 Shapes","floor":37,"turns":4},{"damage":39,"enemies":"Spire Growth","floor":38,"turns":5},{"damage":58,"enemies":"Nemesis","floor":41,"turns":9},{"damage":27,"enemies":"2 Orb Walkers","floor":45,"turns":3},{"damage":40,"enemies":"3 Darklings","floor":46,"turns":6},{"damage":11,"enemies":"Mind Bloom Boss Battle","floor":47,"turns":6},{"damage":22,"enemies":"Writhing Mass","floor":48,"turns":1}],"seed_played":"1129129183342705210","potions_obtained":[{"floor":1,"key":"Fire Potion"},{"floor":6,"key":"EssenceOfSteel"},{"floor":10,"key":"Block Potion"},{"floor":16,"key":"Dexterity Potion"},{"floor":19,"key":"LiquidMemories"},{"floor":24,"key":"AttackPotion"},{"floor":29,"key":"DuplicationPotion"},{"floor":33,"key":"Explosive Potion"},{"floor":37,"key":"SpeedPotion"},{"floor":41,"key":"DuplicationPotion"},{"floor":46,"key":"BloodPotion"}],"is_trial":false,"path_per_floor":["M","M","?","$","?","E","R","E","T","M","E","M","M","T","R","B",null,"M","M","$","?","?","E","M","R","T","R","M","M","R","M","R","B",null,"M","?","M","M","?","R","E","$","T","R","?","M","?","M"],"character_chosen":"IRONCLAD","items_purchased":["Burning Pact","Limit Break","Toolbox","Spot Weakness","True Grit","War Paint"],"campfire_rested":5,"item_purchase_floors":[4,20,20,42,42,42],"current_hp_per_floor":[80,80,80,80,80,81,81,38,38,38,9,8,8,8,33,9,87,63,43,43,43,43,51,24,24,24,51,49,15,42,49,77,52,95,57,57,49,17,86,86,35,35,35,61,41,8,21,0,0],"gold":161,"neow_bonus":"THREE_ENEMY_KILL","is_daily":false,"chose_seed":false,"campfire_upgraded":3,"win_rate":0.0,"timestamp":1612300393,"path_taken":["M","M","?","?","?","E","R","E","T","M","E","M","?","?","R","BOSS","M","M","$","?","?","E","M","R","T","R","M","M","R","M","R","BOSS","M","?","?","M","?","R","E","$","T","R","?","M","?","M"],"items_purchased_type":["Card","Card","Relic","Card","Card","Relic"],"build_version":"2020-12-22","purchased_purges":1,"victory":false,"max_hp_per_floor":[80,80,80,80,80,81,81,82,82,83,84,85,86,86,86,87,87,88,89,89,89,89,90,91,91,91,91,92,93,93,94,94,95,95,96,96,97,98,86,86,87,87,87,87,88,89,90,90,90],"relic_stats":{"counters":[25,154],"Astrolabe":["Twin Strike","Ghostly Armor","Limit Break"],"Charon\u0027s Ashes":[69],"Whetstone":["Strike_R","Pummel"],"War Paint":["Burning Pact","Rage"],"Burning Blood":126,"Peace Pipe":0,"Nunchaku":[22],"Dream Catcher":5,"Lizard Tail":44,"Busted Crown":38,"FaceOfCleric":22,"Mummified Hand":[29],"obtain_stats":[{"Potion Belt":6,"Ice Cream":41,"NeowsBlessing":0,"Astrolabe":34,"Charon\u0027s Ashes":45,"Omamori":23,"Whetstone":8,"War Paint":42,"Burning Blood":0,"Peace Pipe":47,"Nunchaku":9,"Dream Catcher":11,"Lizard Tail":14,"Busted Crown":17,"FaceOfCleric":5,"Mummified Hand":26,"MutagenicStrength":21,"Toolbox":20,"Red Skull":36},{"Potion Belt":3,"Ice Cream":21,"NeowsBlessing":0,"Astrolabe":17,"Charon\u0027s Ashes":22,"Omamori":12,"Whetstone":4,"War Paint":21,"Burning Blood":0,"Peace Pipe":24,"Nunchaku":4,"Dream Catcher":6,"Lizard Tail":8,"Busted Crown":9,"FaceOfCleric":2,"Mummified Hand":13,"MutagenicStrength":11,"Toolbox":11,"Red Skull":18},{"Potion Belt":3,"Ice Cream":138,"NeowsBlessing":0,"Astrolabe":114,"Charon\u0027s Ashes":141,"Omamori":85,"Whetstone":20,"War Paint":138,"Burning Blood":0,"Peace Pipe":153,"Nunchaku":20,"Dream Catcher":28,"Lizard Tail":39,"Busted Crown":64,"FaceOfCleric":2,"Mummified Hand":90,"MutagenicStrength":80,"Toolbox":80,"Red Skull":120}]},"card_choices":[{"not_picked":["Dropkick","Flex"],"picked":"Pummel","floor":1},{"not_picked":["Perfected Strike","Heavy Blade"],"picked":"Rage","floor":2},{"not_picked":["Whirlwind","Clash"],"picked":"Barricade","floor":6},{"not_picked":["Searing Blow","Combust"],"picked":"Infernal Blade","floor":8},{"not_picked":["Clothesline","Perfected Strike"],"picked":"Fire Breathing","floor":10},{"not_picked":["Twin Strike","Entrench"],"picked":"Disarm","floor":11},{"not_picked":["Reckless Charge","Cleave"],"picked":"Shrug It Off","floor":12},{"not_picked":["Combust","Cleave"],"picked":"Rage","floor":13},{"not_picked":["Heavy Blade","Dropkick"],"picked":"Shrug It Off","floor":15},{"not_picked":["Brutality","Reaper"],"picked":"Demon Form","floor":16},{"not_picked":[],"picked":"Rampage","floor":18},{"not_picked":[],"picked":"Anger+1","floor":19},{"not_picked":["Inflame"],"picked":"SKIP","floor":23},{"not_picked":[],"picked":"Seeing Red","floor":24},{"not_picked":[],"picked":"Flex","floor":27},{"not_picked":["Combust"],"picked":"SKIP","floor":28},{"not_picked":["Combust"],"picked":"SKIP","floor":29},{"not_picked":[],"picked":"Clothesline","floor":30},{"not_picked":["Thunderclap"],"picked":"SKIP","floor":31},{"not_picked":["Clothesline"],"picked":"SKIP","floor":35},{"not_picked":["Sever Soul+1"],"picked":"SKIP","floor":37},{"not_picked":[],"picked":"Body Slam+1","floor":38},{"not_picked":[],"picked":"Iron Wave+1","floor":41},{"not_picked":[],"picked":"Anger","floor":46},{"not_picked":[],"picked":"Shrug It Off","floor":47}],"player_experience":82151,"relics_obtained":[{"floor":6,"key":"Potion Belt"},{"floor":8,"key":"Whetstone"},{"floor":9,"key":"Nunchaku"},{"floor":11,"key":"Dream Catcher"},{"floor":14,"key":"Lizard Tail"},{"floor":23,"key":"Omamori"},{"floor":26,"key":"Mummified Hand"},{"floor":41,"key":"Ice Cream"},{"floor":45,"key":"Charon\u0027s Ashes"},{"floor":47,"key":"Peace Pipe"}],"event_choices":[{"cards_removed":["Strike_R"],"damage_healed":0,"gold_gain":0,"player_choice":"Card Removal","damage_taken":0,"max_hp_gain":0,"max_hp_loss":0,"event_name":"The Cleric","floor":3,"gold_loss":50},{"damage_healed":0,"gold_gain":0,"player_choice":"Trade","damage_taken":0,"relics_obtained":["FaceOfCleric"],"max_hp_gain":0,"max_hp_loss":0,"event_name":"FaceTrader","floor":5,"gold_loss":0},{"damage_healed":0,"gold_gain":0,"player_choice":"Inject Mutagens","damage_taken":0,"relics_obtained":["MutagenicStrength"],"max_hp_gain":0,"max_hp_loss":0,"event_name":"Drug Dealer","floor":21,"gold_loss":0},{"damage_healed":0,"gold_gain":99,"player_choice":"Stole From Cult","damage_taken":0,"max_hp_gain":0,"max_hp_loss":0,"event_name":"Nest","floor":22,"gold_loss":0},{"cards_removed":["Flex"],"damage_healed":0,"gold_gain":0,"player_choice":"Gave Card","damage_taken":0,"relics_obtained":["Red Skull"],"max_hp_gain":0,"max_hp_loss":0,"event_name":"WeMeetAgain","floor":36,"gold_loss":0},{"damage_healed":86,"gold_gain":0,"player_choice":"Heal","damage_taken":0,"max_hp_gain":0,"max_hp_loss":12,"event_name":"The Moai Head","floor":39,"gold_loss":0},{"damage_healed":0,"gold_gain":0,"player_choice":"Fight","damage_taken":0,"max_hp_gain":0,"max_hp_loss":0,"event_name":"Mysterious Sphere","floor":45,"gold_loss":0},{"damage_healed":0,"gold_gain":0,"player_choice":"Fight","damage_taken":0,"max_hp_gain":0,"max_hp_loss":0,"event_name":"MindBloom","floor":47,"gold_loss":0}],"is_beta":false,"boss_relics":[{"not_picked":["Empty Cage","Fusion Hammer"],"picked":"Busted Crown"},{"not_picked":["Black Star","Black Blood"],"picked":"Astrolabe"}],"items_purged_floors":[42],"is_endless":false,"potions_floor_spawned":[1,6,10,16,19,24,29,33,37,41,46],"killed_by":"Writhing Mass","ascension_level":3}}