{"host":"d61fcf2p3sjwe6yo","time":1612281381,"event":{"mods":["AchievementEnabler","BaseMod","Colored Map","Downfall","Minty Spire (QoL Compilation)","StSLib","SuperFastMode"],"gold_per_floor":[99,99,119,138,156,56,102,136,136,150,175,188,98,125,143,217,217,217,302,317,329,329,329,353,373,273,301,301,7,27,27,40,113,113,113,130,259,306,306,306,306,319,350,250,269,298,310,321,334,334,334,369,82,82,82,82],"floor_reached":57,"language":"ENG","playtime":2855,"items_purged":["bronze:Strike","bronze:Defend","Pain"],"score":2222,"play_id":"838e5c64-1de0-400e-8b89-70ce04246500","local_time":"20210202185621","is_ascension_mode":true,"campfire_choices":[{"floor":1.0,"key":"RECALL"},{"data":"bronze:Repair","floor":6.0,"key":"SMITH"},{"data":"bronze:HardenedForm","floor":18.0,"key":"SMITH"},{"data":"bronze:Defend","floor":23.0,"key":"SMITH"},{"data":"bronze:Defend","floor":26.0,"key":"SMITH"},{"floor":28.0,"key":"REST"},{"data":"bronze:FindAndReplace","floor":35.0,"key":"SMITH"},{"data":"bronze:Terminator","floor":40,"key":"SMITH"},{"floor":44,"key":"REST"},{"data":"bronze:CutThrough","floor":54,"key":"SMITH"}],"circlet_count":0,"master_deck":["AscendersBane","bronze:Strike+1","bronze:Strike+1","bronze:Defend+1","bronze:Defend+1","bronze:Replicate+1","bronze:Goto+1","bronze:Repair+1","bronze:HardenedForm+1","bronze:CloningBeam","bronze:CutThrough+1","bronze:Terminator+1","bronze:FindAndReplace+1"],"relics":["bronze:BronzeCore","downfall:HeartBlessingRed","Ancient Tea Set","Sundial","Bag of Preparation","Whetstone","Cursed Key","downfall:HeartBlessingBlue","Regal Pillow","Membership Card","Kunai","Busted Crown","Thread and Needle","Guardian:PocketSentry","downfall:TeleportStone","TungstenRod","downfall:HeartBlessingGreen","Omamori","Nunchaku","Lantern","Chemical X"],"acts_visited":["Exordium","TheCity","TheBeyond","TheEnding"],"potions_floor_usage":[56,56],"damage_taken":[{"damage":5.0,"enemies":"Small Slimes","floor":3.0,"turns":3.0},{"damage":4.0,"enemies":"Jaw Worm","floor":4.0,"turns":3.0},{"damage":2.0,"enemies":"Cultist","floor":5.0,"turns":3.0},{"damage":15.0,"enemies":"3 Sentries","floor":8.0,"turns":7.0},{"damage":9.0,"enemies":"3 Louse","floor":10.0,"turns":3.0},{"damage":7.0,"enemies":"Lagavulin","floor":11.0,"turns":5.0},{"damage":0.0,"enemies":"Blue Slaver","floor":12.0,"turns":3.0},{"damage":0.0,"enemies":"downfall:FleeingMerchant","floor":13.0,"turns":4.0},{"damage":10.0,"enemies":"Gremlin Nob","floor":14.0,"turns":3.0},{"damage":0.0,"enemies":"Lots of Slimes","floor":15.0,"turns":2.0},{"damage":0.0,"enemies":"WA_ARCHETYPE_RETAIN","floor":16.0,"turns":4.0},{"damage":0.0,"enemies":"Shell Parasite","floor":20.0,"turns":3.0},{"damage":0.0,"enemies":"3 Byrds","floor":21.0,"turns":5.0},{"damage":0.0,"enemies":"Cultist and Chosen","floor":25.0,"turns":4.0},{"damage":46.0,"enemies":"Gremlin Leader","floor":27.0,"turns":5.0},{"damage":0.0,"enemies":"downfall:FleeingMerchant","floor":29.0,"turns":4.0},{"damage":9.0,"enemies":"Centurion and Healer","floor":30.0,"turns":5.0},{"damage":0.0,"enemies":"Snake Plant","floor":32.0,"turns":3.0},{"damage":20.0,"enemies":"IC_MUSHROOM_ARCHETYPE","floor":33.0,"turns":6.0},{"damage":3.0,"enemies":"3 Darklings","floor":36.0,"turns":4.0},{"damage":0,"enemies":"downfall:FleeingMerchant","floor":37,"turns":2},{"damage":6,"enemies":"3 Shapes","floor":42,"turns":2},{"damage":49,"enemies":"Reptomancer","floor":43,"turns":3},{"damage":0,"enemies":"3 Darklings","floor":45,"turns":2},{"damage":0,"enemies":"Giant Head","floor":46,"turns":2},{"damage":19,"enemies":"4 Shapes","floor":47,"turns":3},{"damage":0,"enemies":"Writhing Mass","floor":48,"turns":3},{"damage":0,"enemies":"Transient","floor":49,"turns":5},{"damage":3,"enemies":"SI_POISON_ARCHETYPE","floor":50,"turns":2},{"damage":0,"enemies":"downfall:CharBossMerchant","floor":52,"turns":2},{"damage":7,"enemies":"downfall:NeowBoss","floor":55,"turns":5},{"damage":30,"enemies":"downfall:NeowBossFinal","floor":56,"turns":6}],"seed_played":"584951193723050348","potions_obtained":[{"floor":8.0,"key":"champ:CounterPotion"},{"floor":10.0,"key":"SteroidPotion"},{"floor":14.0,"key":"BlessingOfTheForge"},{"floor":15.0,"key":"Guardian:BlockOnCardUsePotion"},{"floor":16.0,"key":"ColorlessPotion"},{"floor":27.0,"key":"Fire Potion"},{"floor":30.0,"key":"Weak Potion"},{"floor":36.0,"key":"Strength Potion"},{"floor":42,"key":"Dexterity Potion"}],"is_trial":false,"path_per_floor":["R","?","M","M","M","R","T","E","?","M","E","M","$","E","M","B",null,"R","?","M","M","?","R","T","M","R","E","R","$","M","?","M","B",null,"R","M","$","?","?","R","T","M","E","R","M","E","M","M","M","B",null,"E","$","R","B","B",null],"character_chosen":"THE_AUTOMATON","items_purchased":["Membership Card","Kunai","Thread and Needle","Nunchaku","Lantern","Chemical X"],"campfire_rested":2,"item_purchase_floors":[29,29,37,53,53,53],"current_hp_per_floor":[45,45,40,43,48,48,48,43,43,44,47,57,67,60,70,70,70,70,56,66,70,70,70,70,70,80,44,80,80,80,77,77,67,75,75,74,74,74,74,74,74,68,29,67,77,77,68,77,77,74,76,77,77,77,77,47],"gold":82,"neow_bonus":"REMOVE_TWO","is_daily":false,"chose_seed":false,"campfire_upgraded":7,"win_rate":0.0,"timestamp":1612281381,"path_taken":["R","?","M","M","M","R","T","E","?","M","E","M","?","E","M","BOSS","R","?","M","M","?","R","T","?","R","E","R","$","M","?","M","BOSS","R","M","$","?","?","R","T","M","E","R","M","E","M","?","M","BOSS","E","$","R","BOSS","BOSS"],"items_purchased_type":["Relic","Relic","Relic","Relic","Relic","Relic"],"build_version":"2020-12-22","purchased_purges":3,"victory":true,"max_hp_per_floor":[70,70,70,70,70,70,70,70,70,70,70,70,70,70,70,70,70,70,70,70,70,70,70,70,70,80,80,80,80,80,77,77,77,77,77,77,77,77,77,77,77,77,77,77,77,77,77,77,77,77,77,77,77,77,77,77],"card_choices":[{"not_picked":["bronze:Constructor","bronze:Deprecate"],"picked":"bronze:Repair","floor":3.0},{"not_picked":["bronze:Separator","bronze:CutThrough","bronze:BronzeArmor"],"picked":"SKIP","floor":4.0},{"not_picked":["bronze:OilSpill","bronze:Backtrace","bronze:WildBeam"],"picked":"SKIP","floor":5.0},{"not_picked":["bronze:Optimize","bronze:OilSpill","bronze:Separator"],"picked":"SKIP","floor":8.0},{"not_picked":["bronze:NullPointer","bronze:Safeguard","bronze:ForceShield"],"picked":"SKIP","floor":10.0},{"not_picked":["bronze:Virus","bronze:Shell","bronze:Invalidate"],"picked":"SKIP","floor":11.0},{"not_picked":["bronze:Invalidate","bronze:Iterate","bronze:NullPointer"],"picked":"SKIP","floor":12.0},{"not_picked":["bronze:BugBarrage","bronze:Overheat"],"picked":"bronze:BronzeOrb","floor":13.0},{"not_picked":["bronze:Iterate","bronze:BitShift","bronze:OilSpill"],"picked":"SKIP","floor":14.0},{"not_picked":["bronze:WildBeam","bronze:Iterate","bronze:Invalidate"],"picked":"SKIP","floor":15.0},{"not_picked":["bronze:SpaghettiCode","bronze:Hardcode"],"picked":"bronze:HardenedForm","floor":16.0},{"not_picked":["bronze:BuggyMess","bronze:Shield","bronze:BitShift"],"picked":"SKIP","floor":20.0},{"not_picked":["bronze:Deprecate","bronze:Constructor","bronze:CutThrough"],"picked":"SKIP","floor":21.0},{"not_picked":["bronze:Deprecate","bronze:Constructor","bronze:CutThrough"],"picked":"SKIP","floor":21.0},{"not_picked":["bronze:CutThrough","bronze:CloningBeam","bronze:BitShift"],"picked":"SKIP","floor":25.0},{"not_picked":["bronze:CutThrough","bronze:BitShift"],"picked":"bronze:CloningBeam","floor":25.0},{"not_picked":["bronze:AlphaBuild","bronze:SpaghettiCode","bronze:Turbo"],"picked":"SKIP","floor":27.0},{"not_picked":["bronze:Repair","bronze:Fortify","bronze:BugBarrage"],"picked":"SKIP","floor":29.0},{"not_picked":["bronze:ItsAFeature","bronze:CutThrough","bronze:Constructor"],"picked":"SKIP","floor":30.0},{"not_picked":["bronze:ItsAFeature","bronze:Constructor"],"picked":"bronze:CutThrough","floor":30.0},{"not_picked":["bronze:Flail","bronze:BugBarrage"],"picked":"bronze:Terminator","floor":32.0},{"not_picked":["bronze:Format","bronze:AlphaBuild"],"picked":"bronze:FindAndReplace","floor":33.0},{"not_picked":["bronze:FollowUp+1"],"picked":"SKIP","floor":36.0},{"not_picked":["bronze:Branch+1"],"picked":"SKIP","floor":37},{"not_picked":["bronze:Overheat"],"picked":"SKIP","floor":42},{"not_picked":["bronze:BronzeOrb"],"picked":"SKIP","floor":43},{"not_picked":["bronze:Invalidate"],"picked":"SKIP","floor":45},{"not_picked":["bronze:FineTuning"],"picked":"SKIP","floor":46},{"not_picked":["bronze:Overheat"],"picked":"SKIP","floor":47},{"not_picked":["bronze:WildBeam+1"],"picked":"SKIP","floor":48},{"not_picked":["bronze:Constructor"],"picked":"SKIP","floor":49},{"not_picked":["bronze:BronzeOrb"],"picked":"SKIP","floor":52}],"player_experience":767542,"relics_obtained":[{"floor":7.0,"key":"Ancient Tea Set"},{"floor":8.0,"key":"Sundial"},{"floor":11.0,"key":"Bag of Preparation"},{"floor":14.0,"key":"Whetstone"},{"floor":27.0,"key":"Regal Pillow"},{"floor":38,"key":"Guardian:PocketSentry"},{"floor":43,"key":"TungstenRod"},{"floor":46,"key":"Omamori"}],"event_choices":[{"cards_removed":["downfall:Malfunctioning"],"damage_healed":0.0,"max_hp_gain":0.0,"max_hp_loss":0.0,"gold_gain":0.0,"event_name":"The Cleric","player_choice":"Card Removal","floor":9.0,"gold_loss":0.0,"damage_taken":0.0}],"is_beta":false,"boss_relics":[{"not_picked":["bronze:PlatinumCore","Pandora\u0027s Box"],"picked":"Cursed Key"},{"not_picked":["Calling Bell","bronze:MakeshiftBattery"],"picked":"Busted Crown"}],"items_purged_floors":[13,37,53],"is_endless":false,"potions_floor_spawned":[8,10,14,15,16,21,27,30,33,36,42,43,45],"ascension_level":13}}