{"host":"w3q5ijqu8eoknil3","time":1612240966,"event":{"mods":["AchievementEnabler","BaseMod","Block Reminder","Colored Map","Colored Powertips","Curses Come First","Dark Map","Minty Spire (QoL Compilation)","Quick Restart","Relic Stats","StSLib","ojb\u0027s Better Paths Mod","ojb\u0027s Info Mod","slay the spire mod where everything is the same but ironclad has a cowboy hat"],"gold_per_floor":[116,191,209,219,1,36,36,36,36,51,51,51,51],"floor_reached":12,"language":"ENG","playtime":265,"items_purged":[],"score":152,"play_id":"829bc901-f138-4ce7-8055-40784d190560","local_time":"20210202044246","is_ascension_mode":true,"campfire_choices":[{"data":"Noxious Fumes","floor":7,"key":"SMITH"},{"floor":11,"key":"REST"}],"circlet_count":0,"master_deck":["AscendersBane","Strike_G","Strike_G","Strike_G","Strike_G","Strike_G","Defend_G","Defend_G","Defend_G","Defend_G","Defend_G","Survivor","Neutralize","Blade Dance","Skewer","Flying Knee","Deadly Poison","Noxious Fumes+1","Venomology"],"relics":["Ring of the Snake","NeowsBlessing","Orichalcum","Molten Egg 2","Regal Pillow","Letter Opener"],"acts_visited":["Exordium"],"potions_floor_usage":[],"damage_taken":[{"damage":0,"enemies":"Jaw Worm","floor":1,"turns":1},{"damage":0,"enemies":"Small Slimes","floor":3,"turns":1},{"damage":0,"enemies":"Cultist","floor":4,"turns":1},{"damage":32,"enemies":"3 Sentries","floor":6,"turns":9},{"damage":10,"enemies":"3 Louse","floor":10,"turns":4},{"damage":59,"enemies":"Gremlin Nob","floor":12,"turns":4}],"seed_played":"-964829690004451014","potions_obtained":[{"floor":6,"key":"DuplicationPotion"}],"is_trial":false,"path_per_floor":["M","?","M","M","$","E","R","?","T","M","R","E"],"character_chosen":"THE_SILENT","items_purchased":["Orichalcum","Deadly Poison"],"campfire_rested":1,"item_purchase_floors":[5,5],"current_hp_per_floor":[59,48,48,48,48,16,16,16,16,6,40,0,0],"gold":51,"neow_bonus":"THREE_ENEMY_KILL","is_daily":false,"chose_seed":false,"campfire_upgraded":1,"win_rate":0.0,"timestamp":1612240966,"path_taken":["M","?","M","M","$","E","R","?","T","M","R","E"],"items_purchased_type":["Relic","Card"],"build_version":"2020-12-22","purchased_purges":0,"victory":false,"max_hp_per_floor":[66,66,66,66,66,66,66,66,66,66,66,66,66],"relic_stats":{"Regal Pillow":15,"counters":[6,20],"Letter Opener":[0],"Orichalcum":[72],"obtain_stats":[{"Regal Pillow":8,"NeowsBlessing":0,"Molten Egg 2":6,"Letter Opener":9,"Orichalcum":5,"Ring of the Snake":0},{"Regal Pillow":4,"NeowsBlessing":0,"Molten Egg 2":4,"Letter Opener":4,"Orichalcum":3,"Ring of the Snake":0},{"Regal Pillow":12,"NeowsBlessing":0,"Molten Egg 2":12,"Letter Opener":12,"Orichalcum":3,"Ring of the Snake":0}],"Ring of the Snake":[12]},"card_choices":[{"not_picked":["Deflect","Bane"],"picked":"Blade Dance","floor":1},{"not_picked":["Cloak And Dagger","Expertise"],"picked":"Skewer","floor":3},{"not_picked":["Quick Slash","Accuracy"],"picked":"Flying Knee","floor":4},{"not_picked":["Outmaneuver","Deflect"],"picked":"Noxious Fumes","floor":6},{"not_picked":["Prepared","Bane+1"],"picked":"Venomology","floor":10}],"player_experience":1030929,"relics_obtained":[{"floor":6,"key":"Molten Egg 2"},{"floor":9,"key":"Letter Opener"}],"event_choices":[{"damage_healed":0,"gold_gain":75,"player_choice":"Gather Gold","damage_taken":11,"max_hp_gain":0,"max_hp_loss":0,"event_name":"World of Goop","floor":2,"gold_loss":0},{"damage_healed":0,"gold_gain":0,"player_choice":"Gave Potion","damage_taken":0,"relics_obtained":["Regal Pillow"],"max_hp_gain":0,"max_hp_loss":0,"event_name":"WeMeetAgain","floor":8,"gold_loss":0}],"is_beta":false,"boss_relics":[],"items_purged_floors":[],"is_endless":false,"potions_floor_spawned":[6],"killed_by":"Gremlin Nob","ascension_level":19}}