{"host":"bx8ylsmj2ob6hd5u","time":1612287574,"event":{"mods":["AchievementEnabler","Act Like it!","Aspiration","BaseMod","Colored Map","Downfall","Duelist Mod","Friendly Minions","Gensokyo","GifTheSpireLib","Hallownest","Hermit","HololiveMod","Hubris","Infinite Spire","Jorbs\u0027s Wanderer Trilogy","KinomotoSakuraMod(????)","Kiyohime????","Koishi","KomeijiMod","Lobotomy","LobotomyExtend","Marisa????????","Minty Spire (QoL Compilation)","Prisma Mod","Rare Cards Sparkle","Reimu??????","Remilia??????","Replay The Spire","StSLib","Td1madao Mod","The Administrix","The Animator","The Bug Knight","The Construct","The Cursed","The Disciple","The Hierophant","The Necromancer","The Poker Player","The Runesmith","The Senshi","The Servant 0.9.4","WarShipGirlsR/????R mod"],"gold_per_floor":[113,127,127,127,133,133,143,154,154,154,161,161,161,161,161,238,238,245,165,165,174,188,188,188,247,247,247,268,268,287,333,333,430,430,443,461,461,476,476,476,35,35,35,35,52,72,88,103,103,208,208,208],"floor_reached":51,"language":"ENG","playtime":3537,"items_purged":[],"score":688,"play_id":"1bc8ed6f-1d59-47c2-8db0-89868aec5374","local_time":"20210202193934","is_ascension_mode":false,"campfire_choices":[{"data":"Koishi:HauntingSlash","floor":6.0,"key":"SMITH"},{"data":"Koishi:RacingHeart","floor":10.0,"key":"SMITH"},{"data":"Koishi:PhilosophyOfTheDespised","floor":15.0,"key":"SMITH"},{"data":"Koishi:BramblyRoseGarden","floor":23.0,"key":"SMITH"},{"floor":27.0,"key":"REST"},{"data":"Koishi:GhostParty","floor":29.0,"key":"SMITH"},{"data":"Koishi:EmbryosDream","floor":32.0,"key":"SMITH"},{"data":"Koishi:MindStellarRelief","floor":40,"key":"SMITH"},{"data":"Koishi:RuptureMind","floor":42,"key":"SMITH"},{"data":"Muse","floor":44,"key":"SMITH"},{"data":"Koishi:JumpScare","floor":49,"key":"SMITH"}],"circlet_count":0,"master_deck":["Koishi:BasicStrike","Koishi:BasicStrike","Koishi:BasicStrike","Koishi:BasicStrike","Koishi:BasicDefend","Koishi:BasicDefend","Koishi:BasicDefend","Koishi:BasicDefend","Koishi:Provoke","Koishi:HauntingSlash+1","Koishi:JumpScare+1","Koishi:SuperEgo","Koishi:RacingHeart+1","Koishi:ParalyzingFear","Koishi:PhilosophyOfTheDespised+1","Koishi:MindStellarRelief+1","Koishi:GeneticsOfTheUnconscious+1","Hallownest:skillCityofTearsMap","Koishi:BramblyRoseGarden+1","Koishi:PhantomBarrier","Koishi:SubconsciousSweep+1","Koishi:EmbryosDream+1","Koishi:GhostParty+1","Koishi:EmbersOfLove+1","Koishi:Catatonia+1","Koishi:RuptureMind+1","Koishi:PhantomBarrier+1","Koishi:MassHysteria+1","Koishi:DreadfulBlow+1","Muse+1","Koishi:SpiritedAway","Koishi:StingingMind+1","Koishi:ParalyzingFear+1","Koishi:DanmakuParanoia+1","Koishi:HeartStoppingHorror"],"relics":["Koishi:ImaginaryFriend","LetterFromLob","hubris:PeanutButter","Hallownest:DreamNailRelic","Sozu","Replay:Accelerometer","hubris:SphereOfDissonance","aspiration:FetidBarrel","Empty Cage","SlaversCollar","Replay:PocketPolymizer","HandDrill","construct:RocketBooster","Pear","Cursed Key"],"acts_visited":["Exordium","Hallownest:Greenpath","TheBeyond","TheBeyond"],"potions_floor_usage":[],"damage_taken":[{"damage":1.0,"enemies":"Hallownest:monsterHuskWarrior","floor":1.0,"turns":3.0},{"damage":7.0,"enemies":"2_ Uuma","floor":2.0,"turns":6.0},{"damage":4.0,"enemies":"Hallownest:2_Baldur","floor":5.0,"turns":3.0},{"damage":11.0,"enemies":"Hallownest:2_Tiktiks_1_Baldur_1_Crawlid","floor":7.0,"turns":8.0},{"damage":0.0,"enemies":"Hallownest:monsterAspidMother","floor":8.0,"turns":6.0},{"damage":0.0,"enemies":"Hallownest:Guard_and_Warrior","floor":11.0,"turns":6.0},{"damage":0.0,"enemies":"Hallownest:monsterFoolEater","floor":14.0,"turns":1.0},{"damage":27.0,"enemies":"Hallownest:BossFalseKnight","floor":16.0,"turns":11.0},{"damage":12.0,"enemies":"Hallownest:2_Mistakes","floor":18.0,"turns":5.0},{"damage":18.0,"enemies":"Hallownest:Flukemon_and_Top","floor":21.0,"turns":6.0},{"damage":12.0,"enemies":"Hallownest:2_Husk_Sentries","floor":22.0,"turns":4.0},{"damage":0.0,"enemies":"Hallownest:monsterMisterMushroom","floor":24.0,"turns":2.0},{"damage":0.0,"enemies":"Nightmare","floor":28.0,"turns":7.0},{"damage":8.0,"enemies":"Hallownest:2_Flukemon","floor":30.0,"turns":6.0},{"damage":10.0,"enemies":"Hallownest:Glutton_and_Coward","floor":31.0,"turns":5.0},{"damage":21.0,"enemies":"Hallownest:BossMantisLord","floor":33.0,"turns":9.0},{"damage":0,"enemies":"Orb Walker","floor":35,"turns":3},{"damage":2,"enemies":"3 Shapes","floor":36,"turns":4},{"damage":0,"enemies":"Maw","floor":38,"turns":7},{"damage":16,"enemies":"Sphere and 2 Shapes","floor":45,"turns":5},{"damage":0,"enemies":"Spire Growth","floor":46,"turns":4},{"damage":1,"enemies":"4 Shapes","floor":47,"turns":3},{"damage":0,"enemies":"Transient","floor":48,"turns":5},{"damage":23,"enemies":"infinitespire:MassOfShapes","floor":50,"turns":6}],"seed_played":"4399955587677890704","potions_obtained":[{"floor":7.0,"key":"LifebloodPotion"},{"floor":8.0,"key":"GrandPatriotsElixir:ReiMu"},{"floor":16.0,"key":"Fire Potion"}],"is_trial":false,"path_per_floor":["M","M","$","$","M","R","M","M","T","R","M","?","?","M","R","B",null,"M","?","?","M","M","R","M","?","T","R","NM","R","M","M","R","B",null,"M","M","AVR","M","?","R","$","R","T","R","M","M","M","M","R","B",null],"character_chosen":"KOISHI","items_purchased":["HandDrill","construct:RocketBooster"],"campfire_rested":1,"item_purchase_floors":[41,41],"current_hp_per_floor":[60,56,56,56,55,55,56,60,60,60,60,60,60,60,60,57,60,54,54,60,42,39,39,39,24,24,42,54,54,48,47,47,31,60,60,60,60,60,60,60,60,60,70,70,58,70,69,70,70,64,70,70],"gold":208,"neow_bonus":"ONE_RANDOM_RARE_CARD","is_daily":false,"chose_seed":false,"campfire_upgraded":10,"win_rate":0.0,"timestamp":1612287574,"path_taken":["M","M","?","$","M","R","M","M","T","R","M","?","?","?","R","BOSS","M","?","?","M","M","R","?","?","T","R","NM","R","M","M","R","BOSS","M","M","AVR","M","?","R","$","R","T","R","?","M","M","M","R","BOSS"],"items_purchased_type":["Relic","Relic"],"build_version":"2020-12-22","purchased_purges":0,"victory":false,"max_hp_per_floor":[60,60,60,60,60,60,60,60,60,60,60,60,60,60,60,60,60,60,60,60,60,60,60,60,60,60,60,60,60,60,60,60,60,60,60,60,60,60,60,60,60,60,70,70,70,70,70,70,70,70,70,70],"card_choices":[{"not_picked":["Koishi:ReflexRadar","Koishi:CatchAndRose"],"picked":"Koishi:JumpScare","floor":1.0},{"not_picked":["Koishi:FidgetySnatcher","Koishi:YoukaiPolygraph"],"picked":"Koishi:SuperEgo","floor":2.0},{"not_picked":["Koishi:DanmakuParanoia","Koishi:PhantomStrike"],"picked":"Koishi:RacingHeart","floor":5.0},{"not_picked":["Koishi:ReflexRadar","Koishi:UnansweredLove"],"picked":"Koishi:GeneticsOfTheUnconscious","floor":7.0},{"not_picked":["Koishi:StingingMind","Koishi:Bloodlust"],"picked":"Koishi:ParalyzingFear","floor":8.0},{"not_picked":["Koishi:UnansweredLove","Koishi:SubterraneanRose"],"picked":"Koishi:PhilosophyOfTheDespised","floor":11.0},{"not_picked":[],"picked":"Koishi:ConditionedTeleport","floor":12.0},{"not_picked":["Koishi:MentalBreakdown","Koishi:FadingMemory"],"picked":"Koishi:MindStellarRelief","floor":16.0},{"not_picked":["Koishi:PhantomStrike+1","Koishi:UnconsciousUrges"],"picked":"Koishi:GeneticsOfTheUnconscious+1","floor":18.0},{"not_picked":["Koishi:EmbryosDream","Koishi:SpiritedAway+1"],"picked":"Koishi:BramblyRoseGarden","floor":21.0},{"not_picked":["Koishi:BloodcurdlingScream","Koishi:ConfinedInnocent"],"picked":"Koishi:PhantomBarrier","floor":22.0},{"not_picked":["Koishi:ReflexRadar","Koishi:StrangeCloudFist"],"picked":"Koishi:SubconsciousSweep+1","floor":24.0},{"not_picked":["Koishi:UnconsciousUrges+1","Koishi:BloodcurdlingScream"],"picked":"Koishi:EmbryosDream","floor":25.0},{"not_picked":["Koishi:UnseenTerror","Koishi:ReflexRadar"],"picked":"Koishi:GhostParty","floor":28.0},{"not_picked":["Koishi:Bloodlust+1","Koishi:DreadfulBlow"],"picked":"Koishi:EmbersOfLove+1","floor":30.0},{"not_picked":["Koishi:MindNumbingTerror","Koishi:UnconsciousUrges"],"picked":"Koishi:Catatonia+1","floor":31.0},{"not_picked":["Koishi:GrowingPain","Koishi:MindStellarRelief"],"picked":"Koishi:RuptureMind","floor":33.0},{"not_picked":["Koishi:Jaunt","Koishi:PhantomStrike"],"picked":"Koishi:PhantomBarrier+1","floor":35},{"not_picked":["Koishi:PhantomBarrier+1","Koishi:CatchAndRose"],"picked":"Koishi:MassHysteria+1","floor":36},{"not_picked":["Koishi:SpiritedAway","Koishi:SprinkleStarAndHeart+1"],"picked":"Koishi:DreadfulBlow+1","floor":38},{"not_picked":["Koishi:Prune+1","Koishi:ParalyzingFear"],"picked":"Koishi:SpiritedAway","floor":45},{"not_picked":["Koishi:TraumaticStroke","Koishi:HeartfeltFancy"],"picked":"Koishi:StingingMind+1","floor":46},{"not_picked":["Koishi:HeartfeltFancy","Koishi:FourthEye+1"],"picked":"Koishi:ParalyzingFear+1","floor":47},{"not_picked":["Koishi:MindStellarRelief","Koishi:StingingMind+1"],"picked":"Koishi:DanmakuParanoia+1","floor":48},{"not_picked":["Koishi:RoseHell","Koishi:Heartbroken"],"picked":"Koishi:HeartStoppingHorror","floor":50}],"player_experience":1534421,"relics_obtained":[{"floor":1.0,"key":"LetterFromLob"},{"floor":9.0,"key":"hubris:PeanutButter"},{"floor":25.0,"key":"Replay:Accelerometer"},{"floor":26.0,"key":"hubris:SphereOfDissonance"},{"floor":28.0,"key":"aspiration:FetidBarrel"},{"floor":43,"key":"Pear"}],"event_choices":[{"damage_healed":0,"gold_gain":0,"player_choice":"1 cards matched","damage_taken":0,"max_hp_gain":0,"max_hp_loss":0,"event_name":"Match and Keep!","floor":39,"gold_loss":0,"cards_obtained":["Muse"]}],"is_beta":false,"boss_relics":[{"not_picked":["Astrolabe","aspiration:SecretTechniqueScroll"],"picked":"Sozu"},{"not_picked":["Replay:Bronze Core","Hololive_ChaosS"],"picked":"Empty Cage"},{"not_picked":["aspiration:FutureDiary","Philosopher\u0027s Stone"],"picked":"Cursed Key"}],"items_purged_floors":[],"is_endless":true,"potions_floor_spawned":[7,8,16,18,22,33,35,38,45,47,50],"ascension_level":0}}