{"host":"hpn0uxah5qjr7pa6","time":1612241179,"event":{"mods":["Act Like it!","Aspiration","BaseMod","Better Third Choice","BetterRewards","Challenge The Spire","Colored Powertips","Conspire","Downfall","Energized Spire","Hallownest","Hermit","Hubris","Infinite Spire","Minty Spire (QoL Compilation)","Permanent Neow","Quick Restart","Rare Cards Sparkle","Replay The Spire","Spicy Shops","StSLib","The Bug Knight","The Jungle"],"gold_per_floor":[99,113,131,141,53,53,79,91,106,116,116,3,15,27,40,145,145,145,156,176,326,326,326,377,393,45,63,76,76,95,110,121,216,216,216,226,239,253,264,264,287,287,307,320,320,320,320,320],"floor_reached":46,"language":"ENG","playtime":1996,"items_purged":["Normality","bronze:AlphaBuild+1"],"score":416,"play_id":"95822f08-067a-44f9-af2b-35120741ab49","local_time":"20210201204619","is_ascension_mode":true,"campfire_choices":[{"floor":1,"key":"REST"},{"data":"bronze:AlphaBuild","floor":6,"key":"SMITH"},{"data":"bronze:BronzeOrb","floor":18,"key":"SMITH"},{"floor":29,"key":"REST"},{"data":"bronze:Branch","floor":35,"key":"SMITH"},{"floor":40,"key":"REST"}],"circlet_count":0,"master_deck":["bronze:Strike","bronze:Strike","bronze:Strike","bronze:Strike","bronze:Defend","bronze:Defend","bronze:Defend","bronze:Defend","bronze:Replicate","bronze:Goto","bronze:Overheat","bronze:DelayedSlice","bronze:Branch","bronze:Branch","bronze:BronzeOrb+1","bronze:WhirlingStrike","bronze:OilSpill","bronze:InfiniteLoop","bronze:WhirlingStrike","bronze:BronzeOrb","bronze:Overheat+1","bronze:Branch+1","bronze:Branch+1","bronze:Branch","bronze:WhirlingStrike+1","bronze:Overheat+1","infinitespire:Fortify"],"relics":["bronze:BronzeCore","Lizard Tail","Lantern","energizedSpire:OgreHead","ReplayTheSpireMod:CursedCoin","aspiration:VileToxins","Golden Egg","Philosopher\u0027s Stone","hubris:ToyBattleship","Blood Vial"],"acts_visited":["Exordium","TheCity","TheBeyond"],"potions_floor_usage":[9,10,16,16,33,39,43,46,46],"damage_taken":[{"damage":9,"enemies":"Jaw Worm","floor":2,"turns":4},{"damage":0,"enemies":"Small Slimes","floor":3,"turns":3},{"damage":0,"enemies":"2 Louse","floor":4,"turns":3},{"damage":0,"enemies":"downfall:FleeingMerchant","floor":5,"turns":4},{"damage":3,"enemies":"Blue Slaver","floor":8,"turns":3},{"damage":13,"enemies":"Lots of Slimes","floor":9,"turns":3},{"damage":0,"enemies":"Large Slime","floor":10,"turns":3},{"damage":2,"enemies":"downfall:FleeingMerchant","floor":12,"turns":4},{"damage":0,"enemies":"3 Louse","floor":13,"turns":2},{"damage":0,"enemies":"2 Fungi Beasts","floor":14,"turns":2},{"damage":2,"enemies":"Exordium Thugs","floor":15,"turns":3},{"damage":71,"enemies":"DF_ARCHETYPE_STREAMLINE","floor":16,"turns":13},{"damage":0,"enemies":"Spheric Guardian","floor":19,"turns":1},{"damage":3,"enemies":"Shell Parasite","floor":20,"turns":2},{"damage":4,"enemies":"3 Cultists","floor":25,"turns":4},{"damage":0,"enemies":"downfall:FleeingMerchant","floor":26,"turns":4},{"damage":12,"enemies":"conspire:HollyBat","floor":27,"turns":7},{"damage":12,"enemies":"Snake Plant","floor":28,"turns":3},{"damage":4,"enemies":"Chosen and Byrds","floor":30,"turns":4},{"damage":3,"enemies":"Snecko","floor":31,"turns":3},{"damage":19,"enemies":"Snake Plant","floor":32,"turns":4},{"damage":0,"enemies":"IC_MUSHROOM_ARCHETYPE","floor":33,"turns":1},{"damage":9,"enemies":"3 Darklings","floor":36,"turns":3},{"damage":0,"enemies":"Orb Walker","floor":37,"turns":2},{"damage":20,"enemies":"3 Darklings","floor":38,"turns":3},{"damage":9,"enemies":"Jaw Worm Horde","floor":39,"turns":4},{"damage":12,"enemies":"Maw","floor":43,"turns":7},{"damage":12,"enemies":"3 Darklings","floor":44,"turns":3},{"damage":144,"enemies":"Giant Head","floor":46,"turns":8}],"seed_played":"-4386703969929622144","potions_obtained":[{"floor":3,"key":"AttackPotion"},{"floor":8,"key":"EssenceOfSteel"},{"floor":9,"key":"Adrenaline Potion"},{"floor":13,"key":"BlessingOfTheForge"},{"floor":19,"key":"Ancient Potion"},{"floor":20,"key":"infinitespire:BlackPotion"},{"floor":27,"key":"Venom Potion"},{"floor":38,"key":"bronze:BurnAndBuffPotion"},{"floor":39,"key":"LifebloodPotion"},{"floor":43,"key":"Energy Potion"},{"floor":44,"key":"LifebloodPotion"}],"is_trial":false,"path_per_floor":["R","M","M","M","$","R","T","M","M","M","?","$","M","M","M","B",null,"R","M","M","AVR","?","?","T","M","$","M","M","R","M","M","M","B",null,"R","M","M","M","M","R","T","?","M","M","AVR","E"],"character_chosen":"THE_AUTOMATON","items_purchased":["Lizard Tail","bronze:BronzeOrb","Golden Egg"],"campfire_rested":3,"item_purchase_floors":[5,12,26],"current_hp_per_floor":[84,75,75,75,75,75,75,72,59,59,84,82,82,82,80,9,84,84,84,81,81,81,81,81,77,77,65,53,78,74,71,52,52,84,84,75,75,55,46,71,71,71,59,47,47,0,0,0],"gold":320,"neow_bonus":"TWENTY_PERCENT_HP_BONUS","is_daily":false,"chose_seed":false,"campfire_upgraded":3,"win_rate":0.0,"timestamp":1612241179,"path_taken":["R","M","M","M","$","R","T","M","M","M","?","$","M","M","M","BOSS","R","M","M","AVR","?","?","T","?","$","M","M","R","M","M","M","BOSS","R","M","M","M","M","R","T","?","?","M","AVR","E"],"items_purchased_type":["Relic","Card","Relic"],"build_version":"2020-12-22","purchased_purges":2,"victory":false,"max_hp_per_floor":[84,84,84,84,84,84,84,84,84,84,84,84,84,84,84,84,84,84,84,84,84,84,84,84,84,84,84,84,84,84,84,84,84,84,84,84,84,84,84,84,84,84,84,84,84,84,84,84],"card_choices":[{"not_picked":["bronze:WildBeam","bronze:BuggyMess"],"picked":"bronze:Overheat","floor":2},{"not_picked":["bronze:Separator","bronze:ItsAFeature"],"picked":"bronze:DelayedSlice","floor":3},{"not_picked":["bronze:Frontload","bronze:NullPointer","bronze:BugBarrage"],"picked":"SKIP","floor":4},{"not_picked":["bronze:Turbo","bronze:WildBeam"],"picked":"bronze:AlphaBuild","floor":5},{"not_picked":["bronze:BugBarrage","bronze:Constructor","bronze:Iterate"],"picked":"SKIP","floor":8},{"not_picked":["bronze:Boost","bronze:Invalidate"],"picked":"bronze:Branch","floor":9},{"not_picked":["bronze:BugBarrage","bronze:Turbo"],"picked":"bronze:Branch","floor":10},{"not_picked":["bronze:Format","bronze:Terminator","bronze:Iterate"],"picked":"SKIP","floor":12},{"not_picked":["bronze:Constructor","bronze:Allocate"],"picked":"bronze:WhirlingStrike","floor":13},{"not_picked":["bronze:NullPointer","bronze:SpaghettiCode","bronze:Deprecate"],"picked":"SKIP","floor":14},{"not_picked":["bronze:Separator","bronze:WildBeam"],"picked":"bronze:OilSpill","floor":15},{"not_picked":["bronze:BurnOut","bronze:Mutator"],"picked":"bronze:InfiniteLoop","floor":16},{"not_picked":["bronze:BuggyMess","bronze:Turbo","bronze:WildBeam"],"picked":"SKIP","floor":19},{"not_picked":["bronze:Constructor","bronze:Iterate"],"picked":"bronze:WhirlingStrike","floor":20},{"not_picked":["bronze:Allocate","bronze:BitShift","bronze:Constructor+1"],"picked":"SKIP","floor":25},{"not_picked":["bronze:DarkDash","bronze:CutThrough+1"],"picked":"bronze:Overheat+1","floor":26},{"not_picked":["bronze:BuggyMess","bronze:Allocate","bronze:HyperBeam"],"picked":"SKIP","floor":27},{"not_picked":["bronze:BitShift","bronze:BuggyMess","bronze:Boost+1"],"picked":"SKIP","floor":28},{"not_picked":["bronze:WildBeam","bronze:WhirlingStrike"],"picked":"bronze:Branch","floor":30},{"not_picked":["bronze:NullPointer","bronze:BitShift","bronze:CutThrough"],"picked":"SKIP","floor":31},{"not_picked":["bronze:InfiniteBeams","bronze:DelayedGuard","bronze:Return"],"picked":"SKIP","floor":32},{"not_picked":["bronze:ShipIt","bronze:Break"],"picked":"bronze:Library","floor":33},{"not_picked":["bronze:OilSpill","bronze:Turbo+1"],"picked":"bronze:Branch+1","floor":36},{"not_picked":["bronze:Shield","bronze:Refactor","bronze:Iterate"],"picked":"SKIP","floor":37},{"not_picked":["bronze:AlphaBuild","bronze:ForLoop+1"],"picked":"bronze:Branch","floor":38},{"not_picked":["bronze:Iterate","bronze:Fortify"],"picked":"bronze:WhirlingStrike+1","floor":39},{"not_picked":["bronze:WildBeam+1","bronze:BugBarrage+1","bronze:DigitalCarnage"],"picked":"SKIP","floor":43},{"not_picked":["bronze:Turbo","bronze:Shield+1"],"picked":"bronze:Overheat+1","floor":44}],"player_experience":157804,"relics_obtained":[{"floor":7,"key":"Lantern"},{"floor":24,"key":"aspiration:VileToxins"},{"floor":41,"key":"hubris:ToyBattleship"}],"event_choices":[{"damage_healed":0,"gold_gain":0,"player_choice":"Read","damage_taken":0,"max_hp_gain":0,"max_hp_loss":0,"event_name":"The Library","floor":23,"gold_loss":0,"cards_obtained":["bronze:BronzeOrb"]}],"is_beta":false,"boss_relics":[{"not_picked":["hubris:TerracottaHorce","Ring of Chaos"],"picked":"energizedSpire:OgreHead"},{"not_picked":["Pandora\u0027s Box","Calling Bell"],"picked":"Philosopher\u0027s Stone"}],"items_purged_floors":[21,26],"is_endless":false,"potions_floor_spawned":[3,8,9,13,19,20,25,27,38,39,43,44],"killed_by":"Giant Head","ascension_level":4}}