{"host":"smvt3ad3q31g2j4m","time":1612236116,"event":{"mods":["BaseMod","Better Skull","Better Third Choice","Colored Map","Downfall","GifTheSpireLib","Minty Spire (QoL Compilation)","Replay The Spire","StSLib"],"gold_per_floor":[360,360,58,70,70,98,111,141,168,168,191,225,225,295,295,419,419,435,385,385,406,421,460,40,40,40],"floor_reached":25,"language":"ENG","playtime":1494,"items_purged":["Strike_P","Strike_P"],"score":304,"play_id":"6521f62f-1847-4c11-a418-233645443c32","local_time":"20210201212156","is_ascension_mode":true,"campfire_choices":[{"floor":13,"key":"REST"},{"floor":15,"key":"REST"}],"circlet_count":0,"master_deck":["Strike_P","Defend_P","Defend_P","Defend_P","Eruption","Vigilance","ReachHeaven","ForeignInfluence","Steam","Study","Pot Of Greed","Pot Of Greed","CrushJoints","Crescendo","FearNoEvil","Perseverance","Replay:Vibes","Protect","Replay:Vibes","MasterReality","InnerPeace+1","Pray","Good Instincts"],"relics":["PureWater","Grinning Jar","Regal Pillow","Happy Flower","Bronze Scales","Tiny Chest","Golden Idol","Oddly Smooth Stone","Strawberry","Replay:Bronze Core","CaptainsWheel","Boot","ReplayTheSpireMod:TigerMarble"],"acts_visited":["Exordium","TheCity"],"potions_floor_usage":[11,14,23,25],"damage_taken":[{"damage":4,"enemies":"Jaw Worm","floor":1,"turns":3},{"damage":0,"enemies":"2 Louse","floor":4,"turns":2},{"damage":23,"enemies":"Gremlin Nob","floor":6,"turns":4},{"damage":0,"enemies":"Cultist","floor":7,"turns":2},{"damage":11,"enemies":"3 Sentries","floor":8,"turns":4},{"damage":9,"enemies":"Exordium Wildlife","floor":11,"turns":3},{"damage":0,"enemies":"Gremlin Nob","floor":12,"turns":3},{"damage":35,"enemies":"Lagavulin Event","floor":14,"turns":5},{"damage":3,"enemies":"Hexaghost","floor":16,"turns":8},{"damage":11,"enemies":"2 Thieves","floor":18,"turns":3},{"damage":8,"enemies":"3 Byrds","floor":21,"turns":4},{"damage":2,"enemies":"Centurion and Healer","floor":22,"turns":7},{"damage":25,"enemies":"Slavers","floor":23,"turns":4},{"damage":29,"enemies":"Replay:Snechameleon","floor":25,"turns":4}],"seed_played":"-3033205945490280514","potions_obtained":[{"floor":4,"key":"LiquidMemories"},{"floor":8,"key":"ColorlessPotion"},{"floor":11,"key":"Flashbang"},{"floor":14,"key":"CultistPotion"},{"floor":21,"key":"Strength Potion"}],"is_trial":false,"path_per_floor":["M","?","$","M","?","E","M","E","T","?","M","E","R","?","R","B",null,"M","?","T","M","M","E","$","E"],"character_chosen":"WATCHER","items_purchased":["Study","Grinning Jar","ReplayTheSpireMod:TigerMarble","Pray","Good Instincts"],"campfire_rested":2,"item_purchase_floors":[3,3,24,24,24],"current_hp_per_floor":[47,47,47,47,47,24,24,13,13,13,4,4,39,11,48,45,74,63,63,63,55,53,28,28,0,0],"gold":40,"neow_bonus":"TWO_FIFTY_GOLD","is_daily":false,"chose_seed":false,"campfire_upgraded":0,"win_rate":0.0,"timestamp":1612236116,"path_taken":["M","?","$","M","?","E","?","E","T","?","M","E","R","?","R","BOSS","M","?","?","M","M","E","$","E"],"items_purchased_type":["Card","Relic","Relic","Card","Card"],"build_version":"2020-12-22","purchased_purges":2,"victory":false,"max_hp_per_floor":[72,72,72,72,72,72,72,72,72,67,67,67,67,74,74,74,74,74,74,74,74,74,74,74,74,74],"card_choices":[{"not_picked":["SashWhip","Evaluate"],"picked":"ReachHeaven","floor":1},{"not_picked":["Nirvana","CarveReality"],"picked":"CrushJoints","floor":4},{"not_picked":["Prostrate","WindmillStrike"],"picked":"Crescendo","floor":6},{"not_picked":["Wireheading","DeceiveReality"],"picked":"FearNoEvil","floor":7},{"not_picked":["EmptyBody","JustLucky"],"picked":"Perseverance","floor":8},{"not_picked":["FlyingSleeves","Tantrum"],"picked":"Replay:Vibes","floor":11},{"not_picked":["FlyingSleeves","SpiritShield"],"picked":"Protect","floor":12},{"not_picked":["BattleHymn","FlyingSleeves"],"picked":"Replay:Vibes","floor":14},{"not_picked":["Establishment","Replay:AllIn"],"picked":"MasterReality","floor":16},{"not_picked":["FollowUp","SignatureMove+1","Replay:AtTheReady+1"],"picked":"SKIP","floor":18},{"not_picked":["FlurryOfBlows","Tantrum","CrushJoints"],"picked":"SKIP","floor":21},{"not_picked":["Consecrate+1","CrushJoints"],"picked":"InnerPeace+1","floor":22},{"not_picked":["Replay:BluntJabs","ClearTheMind","SashWhip"],"picked":"SKIP","floor":23}],"player_experience":128258,"relics_obtained":[{"floor":6,"key":"Happy Flower"},{"floor":8,"key":"Bronze Scales"},{"floor":9,"key":"Tiny Chest"},{"floor":12,"key":"Oddly Smooth Stone"},{"floor":20,"key":"CaptainsWheel"},{"floor":23,"key":"Boot"}],"event_choices":[{"damage_healed":0,"gold_gain":0,"player_choice":"Gave Potion","damage_taken":0,"relics_obtained":["Regal Pillow"],"max_hp_gain":0,"max_hp_loss":0,"event_name":"WeMeetAgain","floor":5,"gold_loss":0},{"damage_healed":0,"gold_gain":0,"player_choice":"Lose Max HP","damage_taken":0,"relics_obtained":["Golden Idol"],"max_hp_gain":0,"max_hp_loss":5,"event_name":"Golden Idol","floor":10,"gold_loss":0},{"damage_healed":0,"gold_gain":0,"player_choice":"Searched \u00273\u0027 times","damage_taken":0,"relics_obtained":["Strawberry"],"max_hp_gain":0,"max_hp_loss":0,"event_name":"Dead Adventurer","floor":14,"gold_loss":0},{"damage_healed":0,"gold_gain":0,"player_choice":"Bet on Murderer","damage_taken":0,"max_hp_gain":0,"max_hp_loss":0,"event_name":"The Joust","floor":19,"gold_loss":50}],"is_beta":false,"boss_relics":[{"not_picked":["Replay:Drink Me","Sozu"],"picked":"Replay:Bronze Core"}],"items_purged_floors":[3,24],"is_endless":false,"potions_floor_spawned":[4,8,11,14,21],"killed_by":"Replay:Snechameleon","ascension_level":3}}