{"host":"rguvlafm46vqn9ib","time":1612255595,"event":{"mods":["2.2 Compatiblity","AchievementEnabler","Act Like it!","Arknights","Aspiration","BaseMod","Beaked The Cultist","Better Match","Better Note","Better Third Choice","BetterRewards","Colored Map","Downfall","Elementarium","GifTheSpireLib","Hermit","Highlight Path","Hubris","JesterMod","Mad Scientist","Minty Spire (QoL Compilation)","RRrroohrrRGHHhhh!!","Reliquary","Reorder Act Four","Replay The Spire","Retaliation","SCP261 Mod","Small Relic Pack","Spikes Relics","StSLib","Stuff the Spire","The Blackbeard","The Bug Knight","The Construct","The Death Knight","The Disciple","The Forsaken","The Judge","The Marked","The Mystic","The Necromancer","The Problem Sleuth","The Runesmith","TheSwordswoman"],"gold_per_floor":[113,131,147,147,157,157,246,246,246,29,29,49,75,93,93,192,192,211,136,18,18,29,60,84,96,123,123,151,151,182,5,5,5,5],"floor_reached":33,"language":"ENG","playtime":2479,"items_purged":[],"score":493,"play_id":"74152bd3-220e-4416-925c-916f67b4eeec","local_time":"20210202084635","is_ascension_mode":true,"campfire_choices":[{"floor":6,"key":"REST"},{"floor":11,"key":"REST"},{"floor":15,"key":"REST"},{"floor":27,"key":"REST"},{"floor":29,"key":"REST"},{"floor":32,"key":"REST"}],"circlet_count":0,"master_deck":["Strike_G","Strike_G","Strike_G","Strike_G","Strike_G","Defend_G","Defend_G","Defend_G","Defend_G","Defend_G","Survivor","Neutralize","Replay:Parry+1","StuffTheSpire:Python","Dodge and Roll","ReplayTheSpireMod:The Works","PiercingWail","InfectiousVector","Endless Agony","rorgmod:Slice","Dagger Spray","Caltrops","Dramatic Entrance","Poisoned Stab","ReplayTheSpireMod:Exploit Weakness","StuffTheSpire:BrimstoneBlast","Flechettes","Glass Knife","StuffTheSpire:Injection+1","Noxious Fumes","Flying Knee","Flying Knee","Outmaneuver","Hidden Blade+1","A Thousand Cuts","Dodge and Roll","Dodge and Roll"],"relics":["Ring of the Snake","Rawhide","theForsaken:PlagueMask","Replay:Mystery Machine","reliquary:RedPaperclip","Peace Pipe","reliquary:RadioactivePellet","Durian","reliquary:HotPoker","Pet Ghost"],"acts_visited":["Exordium","TheCity"],"potions_floor_usage":[13,14,22,23,33],"damage_taken":[{"damage":5,"enemies":"Small Slimes","floor":1,"turns":4},{"damage":10,"enemies":"Jaw Worm","floor":2,"turns":4},{"damage":4,"enemies":"Cultist","floor":3,"turns":5},{"damage":6,"enemies":"3 Louse","floor":5,"turns":4},{"damage":7,"enemies":"Blue Slaver","floor":12,"turns":2},{"damage":19,"enemies":"Lagavulin","floor":13,"turns":5},{"damage":2,"enemies":"2 Fungi Beasts","floor":14,"turns":2},{"damage":14,"enemies":"Hexaghost","floor":16,"turns":9},{"damage":5,"enemies":"3 Byrds","floor":18,"turns":3},{"damage":3,"enemies":"Spheric Guardian","floor":22,"turns":3},{"damage":27,"enemies":"Slavers","floor":23,"turns":5},{"damage":11,"enemies":"Centurion and Healer","floor":25,"turns":5},{"damage":32,"enemies":"Book of Stabbing","floor":28,"turns":5},{"damage":65,"enemies":"Slavers","floor":30,"turns":5},{"damage":55,"enemies":"Automaton","floor":33,"turns":8}],"seed_played":"5801095950161245160","potions_obtained":[{"floor":2,"key":"DDmod:CleansePotion"},{"floor":3,"key":"champ:CounterPotion"},{"floor":14,"key":"Fruit Juice"},{"floor":25,"key":"FairyPotion"},{"floor":30,"key":"SCP261:GirlTearsPotion"}],"is_trial":false,"path_per_floor":["M","M","M","?","M","R","?","?","T","$","R","M","E","M","R","B",null,"M","?","$","?","M","E","T","M","T","R","E","R","E","$","R","B"],"character_chosen":"THE_SILENT","items_purchased":["Replay:Parry","Rawhide","StuffTheSpire:Python","Dodge and Roll","Caltrops","Dramatic Entrance","Poisoned Stab","Noxious Fumes","Explosive Potion","Dodge and Roll","Pet Ghost"],"campfire_rested":6,"item_purchase_floors":[0,0,0,0,10,10,10,20,20,31,31],"current_hp_per_floor":[58,48,44,44,38,59,31,31,38,38,61,54,35,38,62,48,82,77,77,77,77,74,47,47,36,36,60,33,59,26,26,52,0,0],"gold":5,"neow_bonus":"","is_daily":false,"chose_seed":false,"campfire_upgraded":0,"win_rate":0.0,"timestamp":1612255595,"path_taken":["M","M","M","?","M","R","?","?","T","$","R","?","E","M","R","BOSS","M","?","$","?","M","E","?","M","T","R","E","R","E","$","R","BOSS"],"items_purchased_type":["Card","Relic","Card","Card","Card","Card","Card","Card","Potion","Card","Relic"],"build_version":"2020-12-22","purchased_purges":0,"victory":false,"max_hp_per_floor":[70,70,70,70,70,70,70,70,77,77,77,77,77,82,82,82,82,82,82,82,82,82,82,82,82,82,82,87,87,87,87,87,87,87],"card_choices":[{"not_picked":["Well Laid Plans","StuffTheSpire:Shiver"],"picked":"ReplayTheSpireMod:The Works","floor":1},{"not_picked":["rorgmod:Prepared","Bane"],"picked":"PiercingWail","floor":2},{"not_picked":["Sucker Punch","ShadowRift"],"picked":"InfectiousVector","floor":3},{"not_picked":["Dagger Throw","Concentrate"],"picked":"Endless Agony","floor":5},{"not_picked":["Deflect","Acrobatics"],"picked":"rorgmod:Slice","floor":7},{"not_picked":["Expertise","rorgmod:Reflex"],"picked":"Dagger Spray","floor":7},{"not_picked":["hubris:TrickCloak","hubris:SlightOfHand"],"picked":"ReplayTheSpireMod:Exploit Weakness","floor":12},{"not_picked":["ReplayTheSpireMod:Tripwire","Quick Slash"],"picked":"StuffTheSpire:BrimstoneBlast","floor":13},{"not_picked":["Dagger Spray","Deadly Poison"],"picked":"Flechettes","floor":14},{"not_picked":["A Thousand Cuts","Die Die Die"],"picked":"Glass Knife","floor":16},{"not_picked":["Deflect+1","Dagger Throw"],"picked":"StuffTheSpire:Injection+1","floor":18},{"not_picked":["InfectiousVector","StuffTheSpire:Injection"],"picked":"Flying Knee","floor":22},{"not_picked":["Endless Agony","Acrobatics+1"],"picked":"Flying Knee","floor":23},{"not_picked":["StuffTheSpire:BumpUp","Expertise"],"picked":"Outmaneuver","floor":25},{"not_picked":["Tactician","rorgmod:Tendon Slice"],"picked":"Hidden Blade+1","floor":28},{"not_picked":["Riddle With Holes","Dodge and Roll"],"picked":"A Thousand Cuts","floor":30}],"player_experience":991207,"relics_obtained":[{"floor":7,"key":"Replay:Mystery Machine"},{"floor":9,"key":"StuffTheSpire:CocoNut"},{"floor":13,"key":"reliquary:PartyBalloon"},{"floor":23,"key":"Peace Pipe"},{"floor":26,"key":"reliquary:RadioactivePellet"},{"floor":28,"key":"Durian"},{"floor":30,"key":"reliquary:HotPoker"}],"event_choices":[{"damage_healed":0,"gold_gain":0,"player_choice":"Obtain Plague Curse","damage_taken":0,"max_hp_gain":0,"max_hp_loss":0,"event_name":"Plague Doctor","floor":4,"gold_loss":0,"cards_obtained":["theForsaken:PlagueCurse"]},{"damage_healed":0,"gold_gain":0,"player_choice":"Upgraded","damage_taken":0,"max_hp_gain":0,"max_hp_loss":0,"event_name":"Upgrade Shrine","floor":8,"gold_loss":0,"cards_upgraded":["Replay:Parry"]},{"cards_removed":["theForsaken:PlagueCurse"],"damage_healed":0,"gold_gain":0,"player_choice":"Gave Gold","damage_taken":0,"max_hp_gain":0,"max_hp_loss":0,"event_name":"Beggar","floor":19,"gold_loss":75}],"is_beta":false,"boss_relics":[{"not_picked":["Honey Jar","reliquary:RedCape"],"picked":"reliquary:RedPaperclip"}],"items_purged_floors":[],"is_endless":false,"potions_floor_spawned":[2,3,14,25,30],"killed_by":"Automaton","ascension_level":2}}