{"host":"7rmsgc3rayi00cdt","time":1612291366,"event":{"mods":["BaseMod","Minty Spire (QoL Compilation)"],"gold_per_floor":[119,44,44,44,54,74,98,116,162,176,176,217,229,241,241],"floor_reached":14,"language":"ENG","playtime":439,"items_purged":[],"score":160,"play_id":"5ebd247f-e1bb-45b8-abc2-7ffb05241186","local_time":"20210202184246","is_ascension_mode":true,"campfire_choices":[{"floor":13,"key":"REST"}],"circlet_count":0,"master_deck":["AscendersBane","Strike_B","Strike_B","Strike_B","Defend_B","Defend_B","Defend_B","Zap","Dualcast","Deep Breath","Hologram","Leap","Conserve Battery","Rebound"],"relics":["Cracked Core","Potion Belt","CeramicFish","MawBank"],"acts_visited":["Exordium"],"potions_floor_usage":[5,12,12,14],"damage_taken":[{"damage":4,"enemies":"Jaw Worm","floor":1,"turns":4},{"damage":3,"enemies":"Small Slimes","floor":5,"turns":4},{"damage":2,"enemies":"Cultist","floor":6,"turns":4},{"damage":17,"enemies":"Exordium Wildlife","floor":8,"turns":6},{"damage":0,"enemies":"Large Slime","floor":10,"turns":6},{"damage":1,"enemies":"Lots of Slimes","floor":12,"turns":7},{"damage":36,"enemies":"Lagavulin","floor":14,"turns":6}],"seed_played":"-6660117932136156544","potions_obtained":[{"floor":1,"key":"Weak Potion"},{"floor":8,"key":"EntropicBrew"},{"floor":12,"key":"Energy Potion"}],"is_trial":false,"path_per_floor":["M","?","?","$","M","M","T","M","T","M","?","M","R","E"],"character_chosen":"DEFECT","items_purchased":[],"campfire_rested":1,"item_purchase_floors":[],"current_hp_per_floor":[60,60,53,53,50,48,48,31,31,31,13,12,33,0,0],"gold":241,"neow_bonus":"RANDOM_COLORLESS","is_daily":false,"chose_seed":false,"campfire_upgraded":0,"win_rate":0.0,"timestamp":1612291366,"path_taken":["M","?","?","?","?","M","?","M","T","M","?","M","R","E"],"items_purchased_type":[],"build_version":"2020-12-22","purchased_purges":0,"victory":false,"max_hp_per_floor":[71,71,71,71,71,71,71,71,71,71,71,71,71,71,71],"card_choices":[{"not_picked":["Mind Blast","Madness"],"picked":"Deep Breath","floor":0},{"not_picked":["Defragment","Sweeping Beam"],"picked":"Hologram","floor":1},{"not_picked":["Aggregate","Blizzard","Compile Driver"],"picked":"SKIP","floor":5},{"not_picked":["Rip and Tear","Hologram"],"picked":"Leap","floor":6},{"not_picked":["Steam","Force Field"],"picked":"Conserve Battery","floor":8},{"not_picked":["Heatsinks","Defragment","Chaos"],"picked":"SKIP","floor":10},{"not_picked":["Fusion","Turbo"],"picked":"Rebound","floor":12}],"player_experience":791987,"relics_obtained":[{"floor":7,"key":"Potion Belt"},{"floor":9,"key":"CeramicFish"}],"event_choices":[{"cards_removed":["Strike_B"],"damage_healed":0,"gold_gain":0,"player_choice":"Card Removal","damage_taken":0,"max_hp_gain":0,"max_hp_loss":0,"event_name":"The Cleric","floor":2,"gold_loss":75},{"cards_removed":["Defend_B"],"damage_healed":0,"gold_gain":0,"player_choice":"Card Removal","damage_taken":7,"max_hp_gain":0,"max_hp_loss":0,"event_name":"Golden Wing","floor":3,"gold_loss":0},{"damage_healed":0,"gold_gain":0,"player_choice":"Success","damage_taken":18,"relics_obtained":["MawBank"],"max_hp_gain":0,"max_hp_loss":0,"event_name":"Scrap Ooze","floor":11,"gold_loss":0}],"is_beta":false,"boss_relics":[],"items_purged_floors":[],"is_endless":false,"potions_floor_spawned":[1,8,12],"killed_by":"Lagavulin","ascension_level":19}}