{"host":"qy1e0kd24tpj3i2m","time":1612255377,"event":{"mods":["Act Like it!","Alarm Clock","BaseMod","Better Skull","Better Vampires","Colored Map","Colored Powertips","Custom Start","Faster Ascension Climbing","Friendly Minions","GifTheSpireLib","Gremlin Skip","Highlight Path","Minty Spire (QoL Compilation)","Permanent Neow","Poor People Problems","Quick Restart","Red Circlet Mod","Relic Filter Mod","Relic Sorter","Reorder Act Four","SacredBarkPlus","Shop Mod","StSLib","SuperFastMode","Transform Curses","没有小屋子和绿帽子啦"],"gold_per_floor":[359,32,42,42,59,92,92,126,126,126,76,88,88,100,100,178,178,188,113,113,24,40,40,40,40,40,56,81,81,115,161,173,185,185],"floor_reached":33,"language":"ZHS","playtime":1796,"items_purged":["Bash","Defend_R"],"score":582,"play_id":"ed707ad3-0160-48bb-a1b7-6e1f5713d59c","local_time":"20210202174257","is_ascension_mode":true,"campfire_choices":[{"data":"Metallicize","floor":7.0,"key":"SMITH"},{"floor":10.0,"key":"REST"},{"data":"Entrench","floor":13.0,"key":"SMITH"},{"data":"Body Slam","floor":15.0,"key":"SMITH"},{"data":"Whirlwind","floor":23.0,"key":"SMITH"},{"data":"True Grit","floor":25.0,"key":"SMITH"},{"data":"Uppercut","floor":29.0,"key":"SMITH"},{"data":"Fire Breathing","floor":32.0,"key":"SMITH"}],"circlet_count":0,"master_deck":["AscendersBane","Strike_R","Strike_R","Strike_R","Strike_R","Defend_R","Defend_R","Defend_R","Reckless Charge","Fire Breathing+1","Metallicize+1","True Grit+1","Entrench+1","Body Slam+1","Reaper","Whirlwind+1","Uppercut+1","Pommel Strike"],"relics":["Burning Blood","ClockworkSouvenir","Pen Nib","Happy Flower","Matryoshka","Ancient Tea Set","Ornamental Fan","Smiling Mask","Mark of Pain","Meat on the Bone","Bag of Marbles","MawBank","Red Mask"],"acts_visited":["Exordium","TheCity"],"potions_floor_usage":[],"damage_taken":[{"damage":4.0,"enemies":"Jaw Worm","floor":1.0,"turns":4.0},{"damage":2.0,"enemies":"Cultist","floor":3.0,"turns":4.0},{"damage":6.0,"enemies":"Small Slimes","floor":5.0,"turns":2.0},{"damage":20.0,"enemies":"3 Sentries","floor":6.0,"turns":6.0},{"damage":39.0,"enemies":"Lagavulin","floor":8.0,"turns":8.0},{"damage":0.0,"enemies":"Red Slaver","floor":12.0,"turns":3.0},{"damage":12.0,"enemies":"Large Slime","floor":14.0,"turns":6.0},{"damage":13.0,"enemies":"Slime Boss","floor":16.0,"turns":9.0},{"damage":2.0,"enemies":"3 Byrds","floor":18.0,"turns":5.0},{"damage":38.0,"enemies":"2 Thieves","floor":22.0,"turns":5.0},{"damage":13.0,"enemies":"Centurion and Healer","floor":27.0,"turns":7.0},{"damage":26.0,"enemies":"Slavers","floor":28.0,"turns":2.0},{"damage":70.0,"enemies":"Gremlin Leader","floor":30.0,"turns":5.0},{"damage":0.0,"enemies":"Masked Bandits","floor":31.0,"turns":1.0},{"damage":75,"enemies":"Collector","floor":33,"turns":6}],"seed_played":"-584963116546784893","potions_obtained":[{"floor":1.0,"key":"Ancient Potion"},{"floor":3.0,"key":"Ancient Potion"},{"floor":12.0,"key":"Explosive Potion"},{"floor":14.0,"key":"Block Potion"},{"floor":16.0,"key":"Regen Potion"},{"floor":18.0,"key":"GamblersBrew"},{"floor":28.0,"key":"SkillPotion"},{"floor":30.0,"key":"BloodPotion"}],"is_trial":false,"path_per_floor":["M","$","M","?","M","E","R","E","T","R","$","M","R","M","R","B",null,"M","?","?","$","M","R","$","R","T","M","E","R","E","?","R","B"],"character_chosen":"IRONCLAD","items_purchased":["ClockworkSouvenir","Pen Nib","Whirlwind"],"campfire_rested":1,"item_purchase_floors":[2,2,21],"current_hp_per_floor":[52,52,56,56,56,42,42,9,9,31,31,37,37,31,31,24,62,71,71,71,71,47,47,47,47,47,63,55,55,36,54,54,0,0],"gold":185,"neow_bonus":"TWO_FIFTY_GOLD","is_daily":false,"chose_seed":false,"campfire_upgraded":7,"win_rate":0.0,"timestamp":1612255377,"path_taken":["M","$","M","?","?","E","R","E","T","R","$","M","R","M","R","BOSS","M","?","?","$","M","R","$","R","T","?","E","R","E","?","R","BOSS"],"items_purchased_type":["Relic","Relic","Card"],"build_version":"2020-12-22","purchased_purges":2,"victory":false,"max_hp_per_floor":[75,75,75,75,75,75,75,75,75,75,75,75,75,75,75,75,75,75,75,75,75,75,75,75,75,75,75,75,75,75,75,75,75,75],"card_choices":[{"not_picked":["Sword Boomerang","Body Slam"],"picked":"Reckless Charge","floor":1.0},{"not_picked":["Bloodletting","Wild Strike","Warcry"],"picked":"SKIP","floor":3.0},{"not_picked":["Burning Pact","Thunderclap"],"picked":"Fire Breathing","floor":5.0},{"not_picked":["Exhume","Pommel Strike"],"picked":"Metallicize","floor":6.0},{"not_picked":["Cleave","Brutality"],"picked":"True Grit","floor":8.0},{"not_picked":["Perfected Strike","Carnage"],"picked":"Entrench","floor":12.0},{"not_picked":["Headbutt","Perfected Strike"],"picked":"Body Slam","floor":14.0},{"not_picked":["Immolate","Offering"],"picked":"Reaper","floor":16.0},{"not_picked":["Heavy Blade","Metallicize","Clash"],"picked":"SKIP","floor":18.0},{"not_picked":["Wild Strike","Body Slam","Entrench"],"picked":"SKIP","floor":22.0},{"not_picked":["Whirlwind","Body Slam"],"picked":"Uppercut","floor":27.0},{"not_picked":["Battle Trance","Sword Boomerang"],"picked":"Pommel Strike","floor":28.0},{"not_picked":["Perfected Strike","Immolate","Cleave"],"picked":"SKIP","floor":30.0}],"player_experience":979886,"relics_obtained":[{"floor":6.0,"key":"Matryoshka"},{"floor":8.0,"key":"Ancient Tea Set"},{"floor":9.0,"key":"Ornamental Fan"},{"floor":9.0,"key":"Smiling Mask"},{"floor":26.0,"key":"Meat on the Bone"},{"floor":28.0,"key":"Bag of Marbles"},{"floor":30.0,"key":"MawBank"},{"floor":31.0,"key":"Red Mask"}],"event_choices":[{"damage_healed":0.0,"max_hp_gain":0.0,"max_hp_loss":0.0,"gold_gain":0.0,"event_name":"WeMeetAgain","player_choice":"Gave Potion","floor":4.0,"gold_loss":0.0,"damage_taken":0.0,"relics_obtained":["Happy Flower"]},{"cards_removed":["Strike_R"],"damage_healed":0.0,"max_hp_gain":0.0,"max_hp_loss":0.0,"gold_gain":0.0,"event_name":"Beggar","player_choice":"Gave Gold","floor":19.0,"gold_loss":75.0,"damage_taken":0.0},{"damage_healed":0.0,"max_hp_gain":0.0,"max_hp_loss":0.0,"gold_gain":0.0,"event_name":"N\u0027loth","player_choice":"Ignored","floor":20.0,"gold_loss":0.0,"damage_taken":0.0},{"damage_healed":0.0,"max_hp_gain":0.0,"max_hp_loss":0.0,"gold_gain":0.0,"event_name":"Masked Bandits","player_choice":"Fought Bandits","floor":31.0,"gold_loss":0.0,"damage_taken":0.0}],"is_beta":false,"boss_relics":[{"not_picked":["Pandora\u0027s Box","Astrolabe"],"picked":"Mark of Pain"}],"items_purged_floors":[11,21],"is_endless":false,"potions_floor_spawned":[1,3,12,14,16,18,28,30],"killed_by":"Collector","ascension_level":20}}