{"host":"n8m0so6y44v0klfv","time":1612233649,"event":{"mods":["BaseMod","Colored Map","Downfall","Minty Spire (QoL Compilation)","StSLib"],"gold_per_floor":[99,109,109,124,124,35,35,35,310,339,350,368,268,293,304,304,304,304],"floor_reached":16,"language":"ENG","playtime":985,"items_purged":[],"score":110,"play_id":"8c1b1129-36d7-42b4-922f-7a8b17de196a","local_time":"20210201214049","is_ascension_mode":false,"campfire_choices":[{"data":"bronze:FindAndReplace","floor":1,"key":"SMITH"},{"data":"bronze:BuggyMess","floor":8,"key":"SMITH"},{"floor":13,"key":"REST"}],"circlet_count":0,"master_deck":["bronze:Strike","bronze:Strike","bronze:Strike","bronze:Defend","bronze:Defend","bronze:Defend","bronze:Defend","bronze:Replicate","bronze:Goto","bronze:FindAndReplace+1","bronze:BuggyMess+1","bronze:Repulsor+1","bronze:DelayedSlice","bronze:FollowUp","Regret","bronze:Break","bronze:ChosenStrike","bronze:Iterate","bronze:GetLatest","bronze:ItsAFeature"],"relics":["bronze:BronzeCore","Mummified Hand","downfall:HeartBlessingBlue","Regal Pillow"],"acts_visited":["Exordium"],"potions_floor_usage":[10,14,16],"damage_taken":[{"damage":2,"enemies":"Small Slimes","floor":2,"turns":4},{"damage":8,"enemies":"Cultist","floor":4,"turns":5},{"damage":0,"enemies":"downfall:FleeingMerchant","floor":6,"turns":4},{"damage":15,"enemies":"Lagavulin","floor":10,"turns":7},{"damage":2,"enemies":"2 Louse","floor":11,"turns":2},{"damage":4,"enemies":"Exordium Thugs","floor":12,"turns":3},{"damage":29,"enemies":"3 Sentries","floor":14,"turns":8},{"damage":7,"enemies":"Exordium Wildlife","floor":15,"turns":2},{"damage":42,"enemies":"WA_ARCHETYPE_RETAIN","floor":16,"turns":7}],"seed_played":"-7921692617668733038","potions_obtained":[{"floor":4,"key":"SkillPotion"},{"floor":11,"key":"Energy Potion"},{"floor":14,"key":"Swift Potion"},{"floor":15,"key":"sneckomod:MuddlingPotion"}],"is_trial":false,"path_per_floor":["R","M","?","M","?","$","T","R","?","E","M","M","R","E","M","B"],"character_chosen":"THE_AUTOMATON","items_purchased":["bronze:FollowUp"],"campfire_rested":1,"item_purchase_floors":[6],"current_hp_per_floor":[70,68,68,60,60,60,60,60,60,45,43,39,73,44,37,0,0,0],"gold":304,"neow_bonus":"ONE_RANDOM_RARE_CARD","is_daily":false,"chose_seed":false,"campfire_upgraded":2,"win_rate":0.0,"timestamp":1612233649,"path_taken":["R","M","?","?","?","$","T","R","?","E","M","?","R","E","M","BOSS"],"items_purchased_type":["Card"],"build_version":"2020-12-22","purchased_purges":0,"victory":false,"max_hp_per_floor":[70,70,70,70,70,70,70,70,70,70,70,70,80,80,80,80,80,80],"card_choices":[{"not_picked":["bronze:DelayedGuard","bronze:DigitalCarnage"],"picked":"bronze:BuggyMess","floor":2},{"not_picked":["bronze:Shield","bronze:OilSpill"],"picked":"bronze:Repulsor","floor":4},{"not_picked":["bronze:WhirlingStrike","bronze:Flail"],"picked":"bronze:DelayedSlice","floor":6},{"not_picked":["bronze:Return","bronze:WhirlingStrike"],"picked":"bronze:Break","floor":10},{"not_picked":["bronze:Turbo","bronze:Shield"],"picked":"bronze:ChosenStrike","floor":11},{"not_picked":["bronze:FineTuning","bronze:WildBeam"],"picked":"bronze:Iterate","floor":12},{"not_picked":["bronze:DelayedSlice","bronze:Safeguard"],"picked":"bronze:GetLatest","floor":14},{"not_picked":["bronze:Overheat","bronze:Fortify"],"picked":"bronze:ItsAFeature","floor":15}],"player_experience":510480,"relics_obtained":[{"floor":10,"key":"Mummified Hand"},{"floor":14,"key":"Regal Pillow"}],"event_choices":[{"cards_removed":["bronze:Strike"],"damage_healed":0,"gold_gain":0,"player_choice":"Offered Basic","damage_taken":0,"max_hp_gain":0,"max_hp_loss":0,"event_name":"Bonfire Elementals","floor":3,"gold_loss":0},{"damage_healed":0,"gold_gain":0,"player_choice":"Grow","damage_taken":0,"max_hp_gain":0,"max_hp_loss":0,"event_name":"Living Wall","floor":5,"gold_loss":0,"cards_upgraded":["bronze:Repulsor"]}],"is_beta":false,"boss_relics":[],"items_purged_floors":[],"is_endless":false,"potions_floor_spawned":[4,11,14,15],"killed_by":"WA_ARCHETYPE_RETAIN","ascension_level":0}}