{"host":"3l94tha3a4jgu0q4","time":1612248616,"event":{"mods":["2.2 Compatiblity","AchievementEnabler","BaseMod","Colored Map","Colored Powertips","Downfall","Highlight Path","Minty Spire (QoL Compilation)","Permanent Neow","StSLib","SuperFastMode","The IronCluck","slay the spire mod where everything is the same but ironclad has a cowboy hat"],"gold_per_floor":[0,13,29,90,106,106,106,106,134,134,73,104,115,132,142,142,142,142],"floor_reached":16,"language":"ENG","playtime":788,"items_purged":[],"score":112,"play_id":"27bec193-f176-4d77-9476-98c34a5dc168","local_time":"20210201225016","is_ascension_mode":false,"campfire_choices":[{"data":"champ:Taunt","floor":1,"key":"SMITH"},{"data":"champ:EnragedBash","floor":6,"key":"SMITH"},{"data":"champ:BerserkersShout","floor":8,"key":"SMITH"}],"circlet_count":0,"master_deck":["champ:Strike","champ:Strike","champ:Strike","champ:Strike","champ:Defend","champ:Defend","champ:Defend","champ:Defend","champ:Execute","champ:Taunt+1","champ:FlashCut","champ:FanOfKnives","champ:EnragedBash+1","champ:BerserkersShout+1","champ:TornadoPunch","champ:Taunt","champ:Circumvent","champ:AdrenalArmor","champ:Duel","champ:CalledShot","champ:PreciseThrust","champ:ShieldWall"],"relics":["champ:ChampionCrown","champ:GladiatorsBookOfMartialProwess","Boot","Meat on the Bone","Darkstone Periapt","Regal Pillow"],"acts_visited":["Exordium"],"potions_floor_usage":[9,16,16,16],"damage_taken":[{"damage":21,"enemies":"Cultist","floor":2,"turns":4},{"damage":18,"enemies":"Jaw Worm","floor":3,"turns":5},{"damage":28,"enemies":"3 Sentries","floor":4,"turns":7},{"damage":17,"enemies":"Small Slimes","floor":5,"turns":2},{"damage":36,"enemies":"Gremlin Nob","floor":9,"turns":3},{"damage":20,"enemies":"downfall:FleeingMerchant","floor":11,"turns":4},{"damage":43,"enemies":"3 Sentries","floor":12,"turns":5},{"damage":30,"enemies":"Gremlin Gang","floor":13,"turns":4},{"damage":25,"enemies":"Lots of Slimes","floor":14,"turns":3},{"damage":37,"enemies":"Large Slime","floor":15,"turns":5},{"damage":99,"enemies":"IC_STATUS_ARCHETYPE","floor":16,"turns":8}],"seed_played":"-4622917492078521418","potions_obtained":[{"floor":2,"key":"SpeedPotion"},{"floor":4,"key":"Block Potion"},{"floor":9,"key":"champ:OpenerPotion"},{"floor":14,"key":"EssenceOfSteel"}],"is_trial":false,"path_per_floor":["R","M","M","?","M","R","T","R","E","?","$","E","M","M","M","B"],"character_chosen":"THE_CHAMP","items_purchased":["champ:AdrenalArmor"],"campfire_rested":0,"item_purchase_floors":[11],"current_hp_per_floor":[90,89,86,68,61,61,61,61,55,55,67,61,61,51,56,0,0,0],"gold":142,"neow_bonus":"ONE_RARE_RELIC","is_daily":false,"chose_seed":false,"campfire_upgraded":3,"win_rate":0.0,"timestamp":1612248616,"path_taken":["R","M","?","?","M","R","T","R","E","?","$","E","M","M","M","BOSS"],"items_purchased_type":["Card"],"build_version":"2020-12-22","purchased_purges":0,"victory":false,"max_hp_per_floor":[90,90,90,90,90,90,90,90,90,90,90,90,90,90,90,90,90,90],"card_choices":[{"not_picked":["champ:PreemptiveStrike","champ:TornadoPunch"],"picked":"champ:FlashCut","floor":2},{"not_picked":["champ:EnragedBash","champ:SkillfulDodge"],"picked":"champ:FanOfKnives","floor":3},{"not_picked":["champ:EndlessRage","champ:BringItOn"],"picked":"champ:EnragedBash","floor":4},{"not_picked":["champ:FlashCut","champ:BladeFlurry"],"picked":"champ:BerserkersShout","floor":5},{"not_picked":["champ:Circumvent","champ:FanOfKnives"],"picked":"champ:TornadoPunch","floor":9},{"not_picked":["champ:PerfectedStrike","champ:ArenaPreparation"],"picked":"champ:Circumvent","floor":11},{"not_picked":["champ:PreemptiveStrike","champ:Devastate"],"picked":"champ:Duel","floor":12},{"not_picked":["champ:BladeFlurry","champ:Encircle"],"picked":"champ:CalledShot","floor":13},{"not_picked":["champ:BerserkersShout","champ:EnGarde"],"picked":"champ:PreciseThrust","floor":14},{"not_picked":["champ:Backstep","champ:FancyFootwork"],"picked":"champ:ShieldWall","floor":15}],"player_experience":2058887,"relics_obtained":[{"floor":4,"key":"Boot"},{"floor":7,"key":"Meat on the Bone"},{"floor":9,"key":"Darkstone Periapt"},{"floor":12,"key":"Regal Pillow"}],"event_choices":[],"is_beta":false,"boss_relics":[],"items_purged_floors":[],"is_endless":false,"potions_floor_spawned":[2,4,9,14],"killed_by":"IC_STATUS_ARCHETYPE","ascension_level":0}}