{"host":"2se5dq1do2gp0x9k","time":1612236124,"event":{"mods":["AchievementEnabler","BaseMod","Block Reminder","Colored Map","Colored Powertips","Minty Spire (QoL Compilation)","Relic Stats","StSLib","SuperFastMode"],"gold_per_floor":[119,134,153,34,34,34,63,73,98,125,125,160,160,175,175,251,251,261,261,311,322,322,322,347,363,363,263,263,278,278,288,288,288,288],"floor_reached":33,"language":"ENG","playtime":1442,"items_purged":["Defend_P","Pain"],"score":662,"play_id":"2a5b831f-8be2-4ab8-9f07-91d22c856930","local_time":"20210201192204","is_ascension_mode":true,"campfire_choices":[{"data":"Eruption","floor":6.0,"key":"SMITH"},{"data":"Ragnarok","floor":15.0,"key":"SMITH"},{"data":"Blasphemy","floor":23.0,"key":"SMITH"},{"data":"CrushJoints","floor":28,"key":"SMITH"},{"data":"Adaptation","floor":32,"key":"SMITH"}],"circlet_count":0,"master_deck":["AscendersBane","Defend_P","Eruption+1","Vigilance","Consecrate+1","Evaluate","Wireheading","CutThroughFate","BowlingBash","Adaptation+1","Wireheading","Ragnarok+1","Blasphemy+1","BattleHymn+1","WheelKick+1","Conclude+1","ThirdEye","Bite","Bite","Bite","Bite","Bite","ThirdEye","CrushJoints+1","SandsOfTime"],"relics":["Cursed Key","Dream Catcher","Orichalcum","Omamori","Pantograph","Toy Ornithopter","FossilizedHelix","Nloth\u0027s Gift"],"acts_visited":["Exordium","TheCity"],"potions_floor_usage":[25,33,33,33],"damage_taken":[{"damage":0.0,"enemies":"Cultist","floor":1.0,"turns":4.0},{"damage":9.0,"enemies":"Small Slimes","floor":2.0,"turns":3.0},{"damage":4.0,"enemies":"2 Louse","floor":3.0,"turns":4.0},{"damage":11.0,"enemies":"Lagavulin","floor":7.0,"turns":7.0},{"damage":0.0,"enemies":"2 Fungi Beasts","floor":8.0,"turns":3.0},{"damage":8.0,"enemies":"Gremlin Nob","floor":10.0,"turns":3.0},{"damage":13.0,"enemies":"Lagavulin","floor":12.0,"turns":6.0},{"damage":5.0,"enemies":"Red Slaver","floor":14.0,"turns":4.0},{"damage":8.0,"enemies":"Slime Boss","floor":16.0,"turns":5.0},{"damage":24.0,"enemies":"Shell Parasite","floor":18.0,"turns":3.0},{"damage":5.0,"enemies":"Spheric Guardian","floor":21.0,"turns":3.0},{"damage":12.0,"enemies":"Gremlin Leader","floor":24.0,"turns":3.0},{"damage":7,"enemies":"3 Cultists","floor":25,"turns":4},{"damage":0,"enemies":"Snecko","floor":29,"turns":3},{"damage":0,"enemies":"Snake Plant","floor":31,"turns":2},{"damage":86,"enemies":"Collector","floor":33,"turns":8}],"seed_played":"7194586009820679089","potions_obtained":[{"floor":3.0,"key":"GamblersBrew"},{"floor":7.0,"key":"SpeedPotion"},{"floor":8.0,"key":"ColorlessPotion"},{"floor":10.0,"key":"BlessingOfTheForge"},{"floor":29,"key":"EntropicBrew"},{"floor":31,"key":"DuplicationPotion"}],"is_trial":false,"path_per_floor":["M","M","M","$","?","R","E","M","T","E","?","E","?","M","R","B",null,"M","?","?","M","T","R","E","M","T","$","R","M","?","M","R","B"],"character_chosen":"WATCHER","items_purchased":["Wireheading"],"campfire_rested":0,"item_purchase_floors":[4],"current_hp_per_floor":[61,52,48,48,48,48,37,37,37,29,51,38,27,22,22,44,62,38,38,38,35,35,35,27,33,33,33,33,37,37,39,39,0,0],"gold":288,"neow_bonus":"BOSS_RELIC","is_daily":false,"chose_seed":false,"campfire_upgraded":5,"win_rate":0.0,"timestamp":1612236124,"path_taken":["M","M","M","$","?","R","E","M","T","E","?","E","?","M","R","BOSS","M","?","?","?","?","R","E","M","T","$","R","M","?","M","R","BOSS"],"items_purchased_type":["Card"],"build_version":"2020-12-22","purchased_purges":2,"victory":false,"max_hp_per_floor":[68,68,68,68,68,68,68,68,68,68,68,68,68,68,68,68,68,68,47,47,47,47,47,47,47,47,47,47,47,47,47,47,47,47],"relic_stats":{"Dream Catcher":0,"counters":[16,65],"Pantograph":33,"Nloth\u0027s Gift":0,"Orichalcum":[72],"Cursed Key":1,"obtain_stats":[{"Dream Catcher":7,"Pantograph":12,"Astrolabe":17,"Omamori":10,"Nloth\u0027s Gift":30,"PureWater":0,"Orichalcum":9,"Cursed Key":0,"Toy Ornithopter":13,"FossilizedHelix":24},{"Dream Catcher":4,"Pantograph":7,"Astrolabe":9,"Omamori":6,"Nloth\u0027s Gift":14,"PureWater":0,"Orichalcum":5,"Cursed Key":0,"Toy Ornithopter":7,"FossilizedHelix":12},{"Dream Catcher":18,"Pantograph":30,"Astrolabe":39,"Omamori":24,"Nloth\u0027s Gift":55,"PureWater":0,"Orichalcum":21,"Cursed Key":0,"Toy Ornithopter":30,"FossilizedHelix":48}],"Toy Ornithopter":25},"card_choices":[{"not_picked":["EmptyBody","WindmillStrike"],"picked":"Consecrate","floor":1.0},{"not_picked":["Consecrate","PathToVictory"],"picked":"Evaluate","floor":2.0},{"not_picked":["SashWhip","SpiritShield","Perseverance"],"picked":"SKIP","floor":3.0},{"not_picked":["Study","WindmillStrike"],"picked":"CutThroughFate","floor":7.0},{"not_picked":["PathToVictory","Crescendo"],"picked":"BowlingBash","floor":8.0},{"not_picked":["BowlingBash","FlurryOfBlows"],"picked":"Adaptation","floor":10.0},{"not_picked":["PathToVictory","ClearTheMind"],"picked":"Wireheading","floor":12.0},{"not_picked":["FlurryOfBlows","ReachHeaven"],"picked":"Ragnarok","floor":14.0},{"not_picked":["ConjureBlade","Wish"],"picked":"Blasphemy","floor":16.0},{"not_picked":["Sanctity","FlurryOfBlows"],"picked":"ThirdEye","floor":18.0},{"not_picked":["InnerPeace","CutThroughFate"],"picked":"ThirdEye","floor":21.0},{"not_picked":["Tantrum","Conclude+1"],"picked":"CrushJoints","floor":24.0},{"not_picked":["Adaptation","LikeWater+1","Crescendo"],"picked":"SKIP","floor":25},{"not_picked":["FollowUp","FlyingSleeves+1"],"picked":"SandsOfTime","floor":29},{"not_picked":["Halt","WindmillStrike+1","Evaluate"],"picked":"SKIP","floor":31}],"player_experience":4046404,"relics_obtained":[{"floor":7.0,"key":"Dream Catcher"},{"floor":9.0,"key":"Orichalcum"},{"floor":10.0,"key":"Omamori"},{"floor":12.0,"key":"Pantograph"},{"floor":24.0,"key":"FossilizedHelix"}],"event_choices":[{"damage_healed":0.0,"max_hp_gain":0.0,"max_hp_loss":0.0,"gold_gain":0.0,"event_name":"Living Wall","player_choice":"Grow","floor":5.0,"gold_loss":0.0,"damage_taken":0.0,"cards_upgraded":["Consecrate"]},{"damage_healed":22.0,"max_hp_gain":0.0,"max_hp_loss":0.0,"gold_gain":0.0,"event_name":"Big Fish","player_choice":"Banana","floor":11.0,"gold_loss":0.0,"damage_taken":0.0},{"damage_healed":0.0,"max_hp_gain":0.0,"max_hp_loss":0.0,"gold_gain":0.0,"event_name":"Scrap Ooze","player_choice":"Success","floor":13.0,"gold_loss":0.0,"damage_taken":11.0,"relics_obtained":["Toy Ornithopter"]},{"damage_healed":0.0,"max_hp_gain":0.0,"max_hp_loss":21.0,"gold_gain":0.0,"event_name":"Vampires","player_choice":"Became a vampire","floor":19.0,"gold_loss":0.0,"damage_taken":0.0,"cards_obtained":["Bite","Bite","Bite","Bite","Bite"]},{"damage_healed":0.0,"max_hp_gain":0.0,"max_hp_loss":0.0,"gold_gain":50.0,"event_name":"Golden Shrine","player_choice":"Pray","floor":20.0,"gold_loss":0.0,"damage_taken":0.0},{"damage_healed":0,"gold_gain":0,"player_choice":"Traded Relic","damage_taken":0,"relics_obtained":["Nloth\u0027s Gift"],"max_hp_gain":0,"max_hp_loss":0,"event_name":"N\u0027loth","floor":30,"relics_lost":["Astrolabe"],"gold_loss":0}],"is_beta":false,"boss_relics":[{"not_picked":["Snecko Eye","SlaversCollar"],"picked":"Astrolabe"}],"items_purged_floors":[4,27],"is_endless":false,"potions_floor_spawned":[3,7,8,10,29,31],"killed_by":"Collector","ascension_level":18}}