{"host":"dhlnk6yox2l1s6up","time":1612292792,"event":{"mods":["BaseMod","Bestiary","Colored Map","Highlight Path","Minty Spire (QoL Compilation)","Relic Stats","StSLib"],"gold_per_floor":[115,34,34,48,59,92,92,117,117,152,164,164,164,178,178,278,278,289,301,301,318,59,59,91,91,91,6,35,50,78,93,93,197,197,214,264,284,284,303,303,328,328,328,370,402,441,441,110,119,119,119,119,5,39,39],"floor_reached":56,"language":"ENG","playtime":11145,"items_purged":["Strike_G","Strike_G"],"score":2170,"play_id":"9785bc40-ab32-4754-b542-84fbb80f731a","local_time":"20210202130632","is_ascension_mode":true,"campfire_choices":[{"data":"Blade Dance","floor":7.0,"key":"SMITH"},{"floor":12.0,"key":"REST"},{"data":"Footwork","floor":15.0,"key":"SMITH"},{"data":"Adrenaline","floor":23.0,"key":"SMITH"},{"data":"A Thousand Cuts","floor":25.0,"key":"SMITH"},{"floor":32.0,"key":"REST"},{"floor":40,"key":"RECALL"},{"data":"Strike_G","floor":42,"key":"PURGE"},{"floor":49,"key":"REST"},{"data":"After Image","floor":52,"key":"SMITH"}],"circlet_count":0,"master_deck":["AscendersBane","Strike_G","Strike_G","Defend_G","Defend_G","Defend_G","Defend_G","Defend_G","Survivor","Neutralize","Skewer+1","Footwork+1","Slice","Blade Dance+1","Backflip","Escape Plan","Acrobatics","PiercingWail","Adrenaline+1","Endless Agony+1","Backflip+1","Terror","RitualDagger+1","A Thousand Cuts+1","Noxious Fumes","Deflect+1","Adrenaline","Calculated Gamble","Escape Plan+1","Crippling Poison","After Image+1","Acrobatics+1","Footwork+1","Leg Sweep+1","Cloak And Dagger+1","Acrobatics+1","Tools of the Trade","Distraction+1","Blur+1","Well Laid Plans+1","Prepared+1","Blind"],"relics":["Ring of the Snake","NeowsBlessing","Turnip","Dead Branch","Prayer Wheel","Happy Flower","Black Star","Letter Opener","Ginger","Dream Catcher","Matryoshka","Tough Bandages","Bronze Scales","Kunai","Mercury Hourglass","HoveringKite","Peace Pipe","Paper Crane","Calipers","CeramicFish","Nunchaku","Snake Skull","White Beast Statue","Pocketwatch","Frozen Egg 2","Membership Card","Bag of Preparation","Anchor","Lantern","Pear"],"acts_visited":["Exordium","TheCity","TheBeyond","TheEnding"],"potions_floor_usage":[41,55],"damage_taken":[{"damage":0.0,"enemies":"2 Louse","floor":1.0,"turns":1.0},{"damage":0.0,"enemies":"Cultist","floor":4.0,"turns":1.0},{"damage":0.0,"enemies":"Small Slimes","floor":5.0,"turns":1.0},{"damage":0.0,"enemies":"Gremlin Nob","floor":6.0,"turns":3.0},{"damage":25.0,"enemies":"Lagavulin","floor":8.0,"turns":7.0},{"damage":17.0,"enemies":"3 Sentries","floor":10.0,"turns":8.0},{"damage":0.0,"enemies":"Exordium Wildlife","floor":11.0,"turns":4.0},{"damage":0.0,"enemies":"2 Fungi Beasts","floor":14.0,"turns":4.0},{"damage":34.0,"enemies":"The Guardian","floor":16.0,"turns":11.0},{"damage":3.0,"enemies":"Shell Parasite","floor":18.0,"turns":5.0},{"damage":3.0,"enemies":"2 Thieves","floor":19.0,"turns":4.0},{"damage":8.0,"enemies":"Shelled Parasite and Fungi","floor":21.0,"turns":11.0},{"damage":1.0,"enemies":"Book of Stabbing","floor":24.0,"turns":6.0},{"damage":1.0,"enemies":"Gremlin Leader","floor":28.0,"turns":8.0},{"damage":0.0,"enemies":"Sentry and Sphere","floor":29.0,"turns":4.0},{"damage":12.0,"enemies":"Book of Stabbing","floor":30.0,"turns":4.0},{"damage":0.0,"enemies":"Centurion and Healer","floor":31.0,"turns":4.0},{"damage":42.0,"enemies":"Automaton","floor":33.0,"turns":8.0},{"damage":0,"enemies":"Orb Walker","floor":35,"turns":2},{"damage":0,"enemies":"Mind Bloom Boss Battle","floor":36,"turns":6},{"damage":0,"enemies":"3 Shapes","floor":37,"turns":4},{"damage":10,"enemies":"3 Darklings","floor":39,"turns":8},{"damage":0,"enemies":"Reptomancer","floor":41,"turns":5},{"damage":9,"enemies":"Nemesis","floor":44,"turns":9},{"damage":0,"enemies":"Spire Growth","floor":45,"turns":5},{"damage":0,"enemies":"Giant Head","floor":46,"turns":6},{"damage":0,"enemies":"Awakened One","floor":50,"turns":9},{"damage":0,"enemies":"Shield and Spear","floor":54,"turns":6},{"damage":0,"enemies":"The Heart","floor":55,"turns":11}],"seed_played":"126115052134434446","potions_obtained":[{"floor":1.0,"key":"CunningPotion"},{"floor":6.0,"key":"PowerPotion"},{"floor":10.0,"key":"Fire Potion"},{"floor":14.0,"key":"AttackPotion"},{"floor":21.0,"key":"Dexterity Potion"},{"floor":29.0,"key":"LiquidMemories"},{"floor":45,"key":"Weak Potion"},{"floor":54,"key":"GamblersBrew"}],"is_trial":false,"path_per_floor":["M","$","?","M","M","E","R","E","T","E","M","R","?","M","R","B",null,"M","M","?","M","$","R","E","R","T","?","E","M","E","M","R","B",null,"M","?","M","?","M","R","E","R","T","E","M","E","?","$","R","B",null,"R","$","E","B",null],"character_chosen":"THE_SILENT","items_purchased":["Footwork","Slice","Letter Opener","Membership Card","Bag of Preparation","Anchor","Blind","BlessingOfTheForge"],"campfire_rested":3,"item_purchase_floors":[2,2,22,48,48,48,53,53],"current_hp_per_floor":[63,63,63,63,63,63,63,38,38,21,21,42,47,47,47,13,60,57,54,48,40,40,40,39,39,39,39,38,38,26,26,48,6,58,58,58,58,58,48,48,48,48,48,39,39,39,39,39,61,61,72,72,72,82,82],"gold":39,"neow_bonus":"THREE_ENEMY_KILL","is_daily":false,"chose_seed":false,"campfire_upgraded":5,"win_rate":0.0,"timestamp":1612292792,"path_taken":["M","$","?","M","?","E","R","E","T","E","M","R","?","M","R","BOSS","M","M","?","M","$","R","E","R","T","?","E","M","E","M","R","BOSS","M","?","M","?","?","R","E","R","T","E","M","E","?","$","R","BOSS","R","$","E","BOSS"],"items_purchased_type":["Card","Card","Relic","Relic","Relic","Relic","Card","Potion"],"build_version":"2020-12-22","purchased_purges":2,"victory":true,"max_hp_per_floor":[70,70,70,70,70,70,70,70,70,70,70,70,75,75,75,75,75,75,75,75,75,75,75,75,75,75,75,75,75,75,75,75,75,75,75,75,75,75,75,75,75,75,75,75,75,75,75,75,75,75,75,75,75,85,85],"relic_stats":{"Happy Flower":[48],"counters":[29,164],"Dead Branch":[350],"CeramicFish":54,"HoveringKite":[46],"Snake Skull":[50],"Bag of Preparation":[6],"Letter Opener":[519],"Ginger":[5],"Mercury Hourglass":[324],"Peace Pipe":1,"Dream Catcher":2,"Tough Bandages":[582],"Nunchaku":[14],"Bronze Scales":[387],"Prayer Wheel":11,"Turnip":[13],"Black Star":7,"Kunai":[50],"obtain_stats":[{"Lantern":54,"Calipers":41,"CeramicFish":43,"HoveringKite":34,"Snake Skull":44,"Bag of Preparation":48,"Ginger":24,"Dream Catcher":24,"Tough Bandages":28,"Nunchaku":43,"Matryoshka":27,"Prayer Wheel":9,"Kunai":30,"Ring of the Snake":0,"Pear":54,"NeowsBlessing":0,"Happy Flower":10,"Dead Branch":8,"Letter Opener":22,"Paper Crane":41,"Frozen Egg 2":46,"White Beast Statue":44,"Mercury Hourglass":30,"Peace Pipe":36,"Anchor":48,"Bronze Scales":28,"Turnip":6,"Black Star":17,"Membership Card":48,"Pocketwatch":46},{"Lantern":28,"Calipers":23,"CeramicFish":23,"HoveringKite":18,"Snake Skull":24,"Bag of Preparation":26,"Ginger":13,"Dream Catcher":13,"Tough Bandages":14,"Nunchaku":23,"Matryoshka":13,"Prayer Wheel":5,"Kunai":16,"Ring of the Snake":0,"Pear":28,"NeowsBlessing":0,"Happy Flower":6,"Dead Branch":5,"Letter Opener":12,"Paper Crane":23,"Frozen Egg 2":26,"White Beast Statue":24,"Mercury Hourglass":16,"Peace Pipe":20,"Anchor":26,"Bronze Scales":14,"Turnip":4,"Black Star":9,"Membership Card":26,"Pocketwatch":26},{"Lantern":153,"Calipers":119,"CeramicFish":119,"HoveringKite":94,"Snake Skull":127,"Bag of Preparation":138,"Ginger":66,"Dream Catcher":66,"Tough Bandages":74,"Nunchaku":119,"Matryoshka":66,"Prayer Wheel":13,"Kunai":82,"Ring of the Snake":0,"Pear":153,"NeowsBlessing":0,"Happy Flower":21,"Dead Branch":13,"Letter Opener":60,"Paper Crane":119,"Frozen Egg 2":138,"White Beast Statue":127,"Mercury Hourglass":82,"Peace Pipe":102,"Anchor":138,"Bronze Scales":74,"Turnip":6,"Black Star":40,"Membership Card":138,"Pocketwatch":138}],"Ring of the Snake":[60],"Pocketwatch":[0]},"card_choices":[{"not_picked":["Well Laid Plans","Distraction"],"picked":"Skewer","floor":1.0},{"not_picked":["Deflect","Prepared"],"picked":"Blade Dance","floor":4.0},{"not_picked":["Outmaneuver","Masterful Stab"],"picked":"Backflip","floor":5.0},{"not_picked":["Finisher","Distraction","Dodge and Roll"],"picked":"SKIP","floor":6.0},{"not_picked":["Endless Agony","Sucker Punch"],"picked":"Escape Plan","floor":8.0},{"not_picked":["Dodge and Roll","Quick Slash","Underhanded Strike"],"picked":"SKIP","floor":10.0},{"not_picked":["Expertise","Dagger Spray"],"picked":"Acrobatics","floor":11.0},{"not_picked":["Blade Dance","Dagger Spray","Backflip"],"picked":"SKIP","floor":11.0},{"not_picked":["Bane","Distraction"],"picked":"PiercingWail","floor":14.0},{"not_picked":["Riddle With Holes","Setup","Grand Finale"],"picked":"SKIP","floor":14.0},{"not_picked":["Night Terror","Phantasmal Killer"],"picked":"Adrenaline","floor":16.0},{"not_picked":["Expertise","Caltrops"],"picked":"Endless Agony+1","floor":18.0},{"not_picked":["Quick Slash","Acrobatics+1"],"picked":"Backflip+1","floor":18.0},{"not_picked":["Bane","Blade Dance"],"picked":"Terror","floor":19.0},{"not_picked":["Blade Dance+1","Acrobatics","Deflect"],"picked":"SKIP","floor":19.0},{"not_picked":["Deflect","Crippling Poison"],"picked":"A Thousand Cuts","floor":21.0},{"not_picked":["Acrobatics","Dodge and Roll"],"picked":"Noxious Fumes","floor":21.0},{"not_picked":["Masterful Stab","Cloak And Dagger"],"picked":"Deflect+1","floor":24.0},{"not_picked":["Blade Dance","Outmaneuver","Flying Knee+1"],"picked":"SKIP","floor":28.0},{"not_picked":["Eviscerate+1","Dagger Spray"],"picked":"Adrenaline","floor":29.0},{"not_picked":["Setup","Well Laid Plans"],"picked":"Calculated Gamble","floor":29.0},{"not_picked":["Underhanded Strike","Concentrate","Flechettes"],"picked":"SKIP","floor":30.0},{"not_picked":["Slice","Poisoned Stab"],"picked":"Escape Plan+1","floor":31.0},{"not_picked":["Dodge and Roll","Sucker Punch+1","Slice"],"picked":"SKIP","floor":31.0},{"not_picked":["Bane","Distraction"],"picked":"Crippling Poison","floor":32.0},{"not_picked":["Unload","Burst"],"picked":"After Image","floor":33.0},{"not_picked":["Poisoned Stab","Predator+1"],"picked":"Acrobatics+1","floor":35},{"not_picked":["Accuracy","Backstab"],"picked":"Footwork+1","floor":35},{"not_picked":["Underhanded Strike+1","Dodge and Roll+1"],"picked":"Leg Sweep+1","floor":37},{"not_picked":["Dagger Throw+1","Flying Knee+1"],"picked":"Cloak And Dagger+1","floor":37},{"not_picked":["Well Laid Plans+1","Sucker Punch"],"picked":"Acrobatics+1","floor":39},{"not_picked":["Endless Agony+1","Underhanded Strike","Slice"],"picked":"SKIP","floor":39},{"not_picked":["Catalyst+1","Skewer","Acrobatics"],"picked":"SKIP","floor":41},{"not_picked":["Underhanded Strike+1","Bane"],"picked":"Tools of the Trade","floor":44},{"not_picked":["Poisoned Stab","Expertise"],"picked":"Distraction+1","floor":45},{"not_picked":["Acrobatics+1","Blade Dance"],"picked":"Blur+1","floor":45},{"not_picked":["Infinite Blades+1","Eviscerate"],"picked":"Well Laid Plans+1","floor":46},{"not_picked":["Escape Plan","Outmaneuver"],"picked":"Prepared+1","floor":49},{"not_picked":["Bane","Poisoned Stab+1","Outmaneuver"],"picked":"SKIP","floor":54}],"player_experience":6080403,"relics_obtained":[{"floor":6.0,"key":"Turnip"},{"floor":8.0,"key":"Dead Branch"},{"floor":9.0,"key":"Prayer Wheel"},{"floor":10.0,"key":"Happy Flower"},{"floor":24.0,"key":"Ginger"},{"floor":24.0,"key":"Dream Catcher"},{"floor":28.0,"key":"Tough Bandages"},{"floor":28.0,"key":"Bronze Scales"},{"floor":30.0,"key":"Kunai"},{"floor":30.0,"key":"Mercury Hourglass"},{"floor":36,"key":"Peace Pipe"},{"floor":41,"key":"Paper Crane"},{"floor":41,"key":"Calipers"},{"floor":43,"key":"CeramicFish"},{"floor":43,"key":"Nunchaku"},{"floor":44,"key":"Snake Skull"},{"floor":44,"key":"White Beast Statue"},{"floor":46,"key":"Pocketwatch"},{"floor":46,"key":"Frozen Egg 2"},{"floor":54,"key":"Lantern"},{"floor":54,"key":"Pear"}],"event_choices":[{"damage_healed":0.0,"max_hp_gain":0.0,"max_hp_loss":0.0,"gold_gain":0.0,"event_name":"Upgrade Shrine","player_choice":"Upgraded","floor":3.0,"gold_loss":0.0,"damage_taken":0.0,"cards_upgraded":["Skewer"]},{"damage_healed":0.0,"max_hp_gain":5.0,"max_hp_loss":0.0,"gold_gain":0.0,"event_name":"Big Fish","player_choice":"Donut","floor":13.0,"gold_loss":0.0,"damage_taken":0.0},{"damage_healed":0.0,"max_hp_gain":0.0,"max_hp_loss":0.0,"gold_gain":0.0,"event_name":"Nest","player_choice":"Joined the Cult","floor":20.0,"gold_loss":0.0,"damage_taken":6.0,"cards_obtained":["RitualDagger"]},{"damage_healed":0.0,"max_hp_gain":0.0,"max_hp_loss":0.0,"gold_gain":0.0,"event_name":"Addict","player_choice":"Obtained Relic","floor":27.0,"gold_loss":85.0,"damage_taken":0.0,"relics_obtained":["Matryoshka"]},{"damage_healed":0,"gold_gain":0,"player_choice":"Fight","damage_taken":0,"max_hp_gain":0,"max_hp_loss":0,"event_name":"MindBloom","floor":36,"gold_loss":0},{"damage_healed":0,"gold_gain":0,"player_choice":"Forge","damage_taken":0,"max_hp_gain":0,"max_hp_loss":0,"event_name":"Accursed Blacksmith","floor":38,"gold_loss":0,"cards_upgraded":["RitualDagger"]},{"damage_healed":0,"gold_gain":0,"player_choice":"Ignored","damage_taken":0,"max_hp_gain":0,"max_hp_loss":0,"event_name":"SecretPortal","floor":47,"gold_loss":0}],"is_beta":false,"boss_relics":[{"not_picked":["Calling Bell","Ring of the Serpent"],"picked":"Black Star"},{"not_picked":["SlaversCollar","Velvet Choker"],"picked":"HoveringKite"}],"items_purged_floors":[48,53],"is_endless":false,"potions_floor_spawned":[1,6,10,14,21,29,31,33,35,37,45,46,54],"ascension_level":10}}