{"host":"sum4dy402bbv9y4o","time":1612224930,"event":{"mods":["Aspiration","BaseMod","Conspire","Highlight Path","Minty Spire (QoL Compilation)","StSLib"],"gold_per_floor":[13,24,37,48,48,48,8,36,63,63,81,111,28,28,28,101,101,117,130,140,140,140,140],"floor_reached":22,"language":"ENG","playtime":837,"items_purged":[],"score":442,"play_id":"82550fbb-e381-4f10-8420-46baaf34dab2","local_time":"20210202031530","is_ascension_mode":true,"campfire_choices":[{"data":"Eruption","floor":6,"key":"SMITH"},{"data":"Sucker Punch","floor":10,"key":"SMITH"},{"floor":15,"key":"REST"}],"circlet_count":0,"master_deck":["AscendersBane","Strike_P+1","Strike_P","Defend_P","Defend_P+1","Defend_P","Eruption+1","Vigilance","Perseverance","Adaptation","Consecrate","EmptyBody","Sucker Punch+1","Poisoned Stab+1","Leg Sweep","LikeWater","FollowUp+1","FlurryOfBlows","TalkToTheHand","FlurryOfBlows","Halt","Devotion","FlurryOfBlows+1","Tantrum+1","Consecrate"],"relics":["PureWater","Unceasing Top","Nunchaku","Centennial Puzzle","Whetstone","SacredBark","Nilry\u0027s Codex"],"acts_visited":["Exordium","TheCity"],"potions_floor_usage":[8,8,16,20],"damage_taken":[{"damage":1,"enemies":"conspire:RoseBush","floor":1,"turns":2},{"damage":0,"enemies":"Cultist","floor":2,"turns":3},{"damage":7,"enemies":"Small Slimes","floor":3,"turns":7},{"damage":7,"enemies":"Looter","floor":4,"turns":3},{"damage":0,"enemies":"Lagavulin","floor":8,"turns":4},{"damage":2,"enemies":"conspire:2 RoseBushes","floor":11,"turns":7},{"damage":12,"enemies":"Gremlin Nob","floor":12,"turns":3},{"damage":1,"enemies":"Hexaghost","floor":16,"turns":9},{"damage":11,"enemies":"3 Byrds","floor":18,"turns":5},{"damage":1,"enemies":"Spheric Guardian","floor":19,"turns":3},{"damage":17,"enemies":"Snecko","floor":20,"turns":6},{"damage":16,"enemies":"Cultist and Chosen","floor":22,"turns":3}],"seed_played":"7024806349746744482","potions_obtained":[{"floor":1,"key":"Ancient Potion"},{"floor":2,"key":"Swift Potion"},{"floor":3,"key":"BlessingOfTheForge"},{"floor":11,"key":"SteroidPotion"},{"floor":19,"key":"ColorlessPotion"}],"is_trial":false,"path_per_floor":["M","M","M","M","?","R","$","E","T","R","M","E","$","?","R","B",null,"M","M","M","?","M"],"character_chosen":"WATCHER","items_purchased":["LikeWater","FlurryOfBlows","Halt"],"campfire_rested":1,"item_purchase_floors":[7,13,13],"current_hp_per_floor":[60,60,53,46,46,46,46,46,46,46,44,32,32,12,32,31,59,48,47,30,9,0,0],"gold":140,"neow_bonus":"ONE_RARE_RELIC","is_daily":false,"chose_seed":false,"campfire_upgraded":2,"win_rate":0.0,"timestamp":1612224930,"path_taken":["M","M","M","M","?","R","$","E","T","R","?","E","$","?","R","BOSS","M","M","M","?","M"],"items_purchased_type":["Card","Card","Card"],"build_version":"2020-12-22","purchased_purges":0,"victory":false,"max_hp_per_floor":[68,68,68,68,68,68,68,68,68,68,68,68,68,68,68,68,68,68,68,68,68,68,68],"card_choices":[{"not_picked":["EmptyMind","ClearTheMind"],"picked":"Perseverance","floor":1},{"not_picked":["WheelKick","SashWhip"],"picked":"Adaptation","floor":2},{"not_picked":["BattleHymn","Judgement"],"picked":"Consecrate","floor":3},{"not_picked":["LikeWater","FollowUp"],"picked":"EmptyBody","floor":4},{"not_picked":["Meditate","ThirdEye"],"picked":"FollowUp","floor":8},{"not_picked":["Scrawl","Evaluate"],"picked":"FlurryOfBlows","floor":11},{"not_picked":["EmptyMind","Swivel"],"picked":"TalkToTheHand","floor":12},{"not_picked":["Omniscience","Wish"],"picked":"Devotion","floor":16},{"not_picked":["WaveOfTheHand","Crescendo"],"picked":"FlurryOfBlows+1","floor":18},{"not_picked":["JustLucky","CutThroughFate"],"picked":"Tantrum+1","floor":19},{"not_picked":["Fasting2","CutThroughFate"],"picked":"Consecrate","floor":20}],"player_experience":3026465,"relics_obtained":[{"floor":8,"key":"Nunchaku"},{"floor":9,"key":"Centennial Puzzle"},{"floor":12,"key":"Whetstone"},{"floor":21,"key":"Nilry\u0027s Codex"}],"event_choices":[{"damage_healed":0,"gold_gain":0,"player_choice":"Entered Light","damage_taken":20,"max_hp_gain":0,"max_hp_loss":0,"event_name":"Shining Light","floor":14,"gold_loss":0,"cards_upgraded":["FollowUp","Defend_P"]},{"damage_healed":0,"gold_gain":0,"player_choice":"Obtained Book","damage_taken":21,"max_hp_gain":0,"max_hp_loss":0,"event_name":"Cursed Tome","floor":21,"gold_loss":0}],"is_beta":false,"boss_relics":[{"not_picked":["Pandora\u0027s Box","conspire:RunicOctahedron"],"picked":"SacredBark"}],"items_purged_floors":[],"is_endless":false,"potions_floor_spawned":[1,2,3,11,19],"killed_by":"Cultist and Chosen","ascension_level":20}}