{"host":"0lnbgkridwifzojt","time":1612296427,"event":{"mods":["BaseMod","Minty Spire (QoL Compilation)","StSLib","The Bug Knight"],"gold_per_floor":[109,127,140,40,50,76,76,76,103,134,152,167,167,181,181,276,276,294,314,314,332,332,357,357,357,357],"floor_reached":25,"language":"ENG","playtime":1735,"items_purged":["Strike_R"],"score":247,"play_id":"b77df0b6-50f7-4faf-8a82-867932688cdf","local_time":"20210202120707","is_ascension_mode":true,"campfire_choices":[{"data":"Seeing Red","floor":8.0,"key":"SMITH"},{"data":"Inflame","floor":15.0,"key":"SMITH"},{"floor":24.0,"key":"REST"}],"circlet_count":0,"master_deck":["Strike_R","Strike_R","Strike_R","Strike_R","Defend_R","Defend_R","Defend_R","Defend_R","Bash","Pommel Strike","Headbutt","Seeing Red+1","Shrug It Off","Perfected Strike","Burning Pact","Pommel Strike","Regret","Inflame+1","Bludgeon","Perfected Strike","Twin Strike+1","Twin Strike+1"],"relics":["Burning Blood","Bag of Preparation","Lantern","Pen Nib","Toy Ornithopter","Regal Pillow","Cursed Key","Nilry\u0027s Codex","Ornamental Fan"],"acts_visited":["Exordium","TheCity"],"potions_floor_usage":[25],"damage_taken":[{"damage":6.0,"enemies":"Cultist","floor":1.0,"turns":3.0},{"damage":0.0,"enemies":"Small Slimes","floor":2.0,"turns":3.0},{"damage":0.0,"enemies":"2 Louse","floor":3.0,"turns":2.0},{"damage":7.0,"enemies":"Looter","floor":5.0,"turns":3.0},{"damage":10.0,"enemies":"3 Sentries","floor":6.0,"turns":6.0},{"damage":23.0,"enemies":"Lagavulin","floor":10.0,"turns":4.0},{"damage":0.0,"enemies":"Red Slaver","floor":11.0,"turns":4.0},{"damage":2.0,"enemies":"Blue Slaver","floor":12.0,"turns":3.0},{"damage":11.0,"enemies":"Lots of Slimes","floor":14.0,"turns":5.0},{"damage":53.0,"enemies":"Hexaghost","floor":16.0,"turns":7.0},{"damage":0.0,"enemies":"Shell Parasite","floor":18.0,"turns":1.0},{"damage":7.0,"enemies":"3 Byrds","floor":19.0,"turns":3.0},{"damage":11.0,"enemies":"Centurion and Healer","floor":21.0,"turns":4.0},{"damage":20.0,"enemies":"Book of Stabbing","floor":23.0,"turns":4.0},{"damage":33,"enemies":"Slavers","floor":25,"turns":2}],"seed_played":"1121577356696256825","potions_obtained":[{"floor":3.0,"key":"AttackPotion"},{"floor":6.0,"key":"LiquidBronze"},{"floor":11.0,"key":"LiquidMemories"},{"floor":16.0,"key":"Fire Potion"},{"floor":18.0,"key":"Explosive Potion"},{"floor":22.0,"key":"SpeedPotion"},{"floor":22.0,"key":"SteroidPotion"},{"floor":22.0,"key":"Weak Potion"},{"floor":23.0,"key":"SkillPotion"}],"is_trial":false,"path_per_floor":["M","M","M","$","M","E","$","R","T","E","M","M","?","M","R","B",null,"M","M","?","M","?","E","R","E"],"character_chosen":"IRONCLAD","items_purchased":["Shrug It Off"],"campfire_rested":1,"item_purchase_floors":[4],"current_hp_per_floor":[80,80,80,80,79,75,75,75,75,58,64,68,68,63,63,26,80,80,80,64,59,59,50,80,52,52],"gold":357,"neow_bonus":"RANDOM_COMMON_RELIC","is_daily":false,"chose_seed":false,"campfire_upgraded":2,"win_rate":0.0,"timestamp":1612296427,"path_taken":["M","M","M","?","M","E","$","R","T","E","M","M","?","M","R","BOSS","M","M","?","M","?","E","R","E"],"items_purchased_type":["Card"],"build_version":"2020-12-22","purchased_purges":1,"victory":false,"max_hp_per_floor":[80,80,80,80,80,80,80,80,80,80,80,80,80,80,80,80,80,80,80,80,80,80,80,80,80,80],"card_choices":[{"not_picked":["Rage","Sword Boomerang"],"picked":"Pommel Strike","floor":1.0},{"not_picked":["Power Through","Havoc"],"picked":"Headbutt","floor":2.0},{"not_picked":["Spot Weakness","Clothesline"],"picked":"Seeing Red","floor":3.0},{"not_picked":["Entrench","Blood for Blood"],"picked":"Perfected Strike","floor":5.0},{"not_picked":["Anger","Ghostly Armor","Spot Weakness"],"picked":"SKIP","floor":6.0},{"not_picked":["Clothesline","Clash"],"picked":"Burning Pact","floor":10.0},{"not_picked":["Anger","Sever Soul","Heavy Blade"],"picked":"SKIP","floor":11.0},{"not_picked":["Heavy Blade","Wild Strike"],"picked":"Pommel Strike","floor":12.0},{"not_picked":["Iron Wave","Evolve"],"picked":"Inflame","floor":14.0},{"not_picked":["Juggernaut","Reaper"],"picked":"Bludgeon","floor":16.0},{"not_picked":["Iron Wave","Metallicize"],"picked":"Perfected Strike","floor":18.0},{"not_picked":["Heavy Blade","Burning Pact","Bloodletting+1"],"picked":"SKIP","floor":19.0},{"not_picked":["Disarm","Cleave"],"picked":"Twin Strike+1","floor":21.0},{"not_picked":["Body Slam","Second Wind"],"picked":"Twin Strike+1","floor":23.0}],"player_experience":333251,"relics_obtained":[{"floor":6.0,"key":"Lantern"},{"floor":9.0,"key":"Pen Nib"},{"floor":10.0,"key":"Toy Ornithopter"},{"floor":20.0,"key":"Nilry\u0027s Codex"},{"floor":23.0,"key":"Ornamental Fan"}],"event_choices":[{"damage_healed":0.0,"max_hp_gain":0.0,"max_hp_loss":0.0,"gold_gain":0.0,"event_name":"Big Fish","player_choice":"Box","floor":13.0,"gold_loss":0.0,"damage_taken":0.0,"relics_obtained":["Regal Pillow"],"cards_obtained":["Regret"]},{"damage_healed":0.0,"max_hp_gain":0.0,"max_hp_loss":0.0,"gold_gain":0.0,"event_name":"Cursed Tome","player_choice":"Obtained Book","floor":20.0,"gold_loss":0.0,"damage_taken":16.0},{"damage_healed":0.0,"max_hp_gain":0.0,"max_hp_loss":0.0,"gold_gain":0.0,"event_name":"Lab","player_choice":"Got Potions","floor":22.0,"gold_loss":0.0,"damage_taken":0.0}],"is_beta":false,"boss_relics":[{"not_picked":["Calling Bell","Runic Pyramid"],"picked":"Cursed Key"}],"items_purged_floors":[4],"is_endless":false,"potions_floor_spawned":[3,6,11,16,18,23],"killed_by":"Slavers","ascension_level":1}}