{"host":"dlre6nluqh4zuhws","time":1612250815,"event":{"mods":["BaseMod","Minty Spire (QoL Compilation)","Replay The Spire","StSLib"],"gold_per_floor":[111,185,260,260,280,280,312,324,324,342,358,374,391,403,403,501,501,521,534,474,84,84,84,9,37,83,95,95,16,16,16,16,16,16],"floor_reached":33,"language":"ENG","playtime":2157,"items_purged":[],"score":294,"play_id":"83a30082-bb00-4fca-b00d-0343c724d00f","local_time":"20210202142655","is_ascension_mode":true,"campfire_choices":[{"data":"Infinite Blades","floor":6,"key":"SMITH"},{"data":"Cloak And Dagger","floor":23,"key":"SMITH"},{"data":"Envenom","floor":28,"key":"SMITH"},{"data":"Draining Mist","floor":30,"key":"SMITH"},{"floor":32,"key":"REST"}],"circlet_count":0,"master_deck":["Strike_G","Strike_G","Strike_G","Defend_G","Defend_G","Defend_G","Defend_G","Survivor","Neutralize","Backstab","Infinite Blades+1","PiercingWail","Draining Mist+1","Toxin Wave","Hidden Blade","Dash","Envenom+1","Blur","PiercingWail+1","Deflect","Cloak And Dagger+1","RitualDagger","Sucker Punch","Pain","Blade Dance"],"relics":["Ring of the Snake","The Courier","Letter Opener","Replay:Grab Bag","Cursed Key","Philosopher\u0027s Stone","WristBlade","Shuriken","ClockworkSouvenir","Bottled Lightning","ReplayTheSpireMod:Lightbulb"],"acts_visited":["Exordium","TheCity"],"potions_floor_usage":[7,16,16,16,25,33,33],"damage_taken":[{"damage":2,"enemies":"2 Louse","floor":1,"turns":3},{"damage":0,"enemies":"Small Slimes","floor":5,"turns":3},{"damage":36,"enemies":"Gremlin Nob","floor":7,"turns":5},{"damage":0,"enemies":"Cultist","floor":8,"turns":3},{"damage":0,"enemies":"2 Fungi Beasts","floor":10,"turns":3},{"damage":0,"enemies":"Exordium Thugs","floor":11,"turns":6},{"damage":4,"enemies":"Blue Slaver","floor":12,"turns":4},{"damage":6,"enemies":"Looter","floor":13,"turns":4},{"damage":3,"enemies":"Large Slime","floor":14,"turns":7},{"damage":1,"enemies":"Hexaghost","floor":16,"turns":11},{"damage":8,"enemies":"3 Byrds","floor":18,"turns":5},{"damage":14,"enemies":"Spheric Guardian","floor":19,"turns":4},{"damage":8,"enemies":"Book of Stabbing","floor":25,"turns":5},{"damage":6,"enemies":"Chosen and Byrds","floor":27,"turns":6},{"damage":43,"enemies":"Collector","floor":33,"turns":8}],"seed_played":"-7826981480011640306","potions_obtained":[{"floor":1,"key":"SkillPotion"},{"floor":11,"key":"Strength Potion"},{"floor":12,"key":"Elixir"},{"floor":14,"key":"Weak Potion"},{"floor":16,"key":"LiquidBronze"},{"floor":18,"key":"Poison Potion"},{"floor":27,"key":"GamblersBrew"}],"is_trial":false,"path_per_floor":["M","?","?","?","M","R","E","M","T","M","M","M","M","M","R","B",null,"M","M","?","$","?","R","?","E","T","M","R","$","R","?","R","B"],"character_chosen":"THE_SILENT","items_purchased":["Shuriken","ClockworkSouvenir","Deflect","Cloak And Dagger","Blade Dance","Strength Potion"],"campfire_rested":1,"item_purchase_floors":[21,21,21,21,29,29],"current_hp_per_floor":[73,73,62,62,62,62,26,26,26,26,26,22,16,13,13,12,75,67,53,53,53,47,47,47,39,39,33,33,33,33,19,43,0,0],"gold":16,"neow_bonus":"RANDOM_EVENT","is_daily":false,"chose_seed":false,"campfire_upgraded":4,"win_rate":0.0,"timestamp":1612250815,"path_taken":["M","?","?","?","M","R","E","?","T","M","M","M","M","M","R","BOSS","M","M","?","$","?","R","?","E","T","M","R","$","R","?","R","BOSS"],"items_purchased_type":["Relic","Relic","Card","Card","Card","Potion"],"build_version":"2020-12-13","purchased_purges":0,"victory":false,"max_hp_per_floor":[75,75,75,75,75,75,75,75,75,75,75,75,75,75,75,75,75,75,75,75,75,75,75,75,75,75,75,75,75,75,80,80,80,80],"card_choices":[{"not_picked":["Quick Slash","Slice"],"picked":"Backstab","floor":1},{"not_picked":["Poisoned Stab","Bane"],"picked":"Infinite Blades","floor":5},{"not_picked":["Dodge and Roll","A Thousand Cuts","Choke"],"picked":"SKIP","floor":7},{"not_picked":["ReplayTheSpireMod:Tripwire","Slice"],"picked":"PiercingWail","floor":8},{"not_picked":["Riddle With Holes","Endless Agony","Replay:Poison Smokescreen"],"picked":"SKIP","floor":10},{"not_picked":["Bouncing Flask","Dagger Throw"],"picked":"Draining Mist","floor":11},{"not_picked":["Poisoned Stab","Dodge and Roll"],"picked":"Toxin Wave","floor":12},{"not_picked":["Slice","Skewer","Caltrops"],"picked":"SKIP","floor":13},{"not_picked":["Deflect","Deadly Poison"],"picked":"Hidden Blade","floor":14},{"not_picked":["Atom Bomb","A Thousand Cuts"],"picked":"Envenom","floor":16},{"not_picked":["Dagger Spray","Outmaneuver"],"picked":"Blur","floor":18},{"not_picked":["Quick Slash+1","Prepared"],"picked":"PiercingWail+1","floor":19},{"not_picked":["Die Die Die","Deflect"],"picked":"Sucker Punch","floor":25},{"not_picked":["Terror","Poisoned Stab","Underhanded Strike"],"picked":"SKIP","floor":27}],"player_experience":39996,"relics_obtained":[{"floor":7,"key":"The Courier"},{"floor":9,"key":"Letter Opener"},{"floor":25,"key":"Bottled Lightning"},{"floor":26,"key":"ReplayTheSpireMod:Lightbulb"}],"event_choices":[{"damage_healed":0,"gold_gain":0,"player_choice":"Donut","damage_taken":0,"max_hp_gain":5,"max_hp_loss":0,"event_name":"Big Fish","floor":0,"gold_loss":0},{"damage_healed":0,"gold_gain":74,"player_choice":"Gained Gold","damage_taken":0,"max_hp_gain":0,"max_hp_loss":0,"event_name":"Golden Wing","floor":2,"gold_loss":0},{"damage_healed":0,"gold_gain":75,"player_choice":"Gather Gold","damage_taken":11,"max_hp_gain":0,"max_hp_loss":0,"event_name":"World of Goop","floor":3,"gold_loss":0},{"cards_removed":["Strike_G"],"damage_healed":0,"gold_gain":0,"player_choice":"Offered Basic","damage_taken":0,"max_hp_gain":0,"max_hp_loss":0,"event_name":"Bonfire Elementals","floor":4,"gold_loss":0},{"damage_healed":0,"gold_gain":0,"player_choice":"Joined the Cult","damage_taken":6,"max_hp_gain":0,"max_hp_loss":0,"event_name":"Nest","floor":22,"gold_loss":0,"cards_obtained":["RitualDagger"]},{"cards_removed":["Defend_G"],"damage_healed":0,"gold_gain":0,"player_choice":"Gave Gold","damage_taken":0,"max_hp_gain":0,"max_hp_loss":0,"event_name":"Beggar","floor":24,"gold_loss":75},{"damage_healed":0,"gold_gain":0,"player_choice":"Shed Blood","damage_taken":19,"max_hp_gain":5,"max_hp_loss":0,"event_name":"Forgotten Altar","floor":31,"gold_loss":0}],"is_beta":false,"boss_relics":[{"not_picked":["Velvet Choker","SacredBark"],"picked":"Replay:Grab Bag"},{"not_picked":["ReplayTheSpireMod:DimensionalGlitch","ReplayTheSpireMod:Onyx Gauntlets"],"picked":"Cursed Key"},{"not_picked":["Painkiller Herb","Replay:Wanted Poster"],"picked":"Philosopher\u0027s Stone"},{"not_picked":["HoveringKite","Snecko Eye"],"picked":"WristBlade"}],"items_purged_floors":[],"is_endless":false,"potions_floor_spawned":[1,11,12,14,16,18,27],"killed_by":"Collector","ascension_level":2}}