{"host":"rxlazyja0fsq2vfk","time":1612232834,"event":{"mods":["2.2 Compatiblity","AchievementEnabler","Act Like it!","BaseMod","Bestiary","BetterRewards","Colored Map","Colored Powertips","Defuse TimeMaze Blight","Disable Question Mark Monsters","Downfall","GifTheSpireLib","Jedi Mod","Minty Spire (QoL Compilation)","Permanent Neow","Quick Restart","Random Character Button","Random Character Mod","Relic Sorter","Shop Mod","StSLib","Transform Curses","Unknown Chances","egg","everything is the same but u backflip on backflip"],"gold_per_floor":[99,117,137,151,165,5,29,61,89,101,113,154,166,209,237,350,362,374,397,409,436,123,23,23,23,33,48,48,80,93,128,140,243,243,143,159,159,177,189,189,189,89,107,107,127,39,39,39,57,57,57,57,57,57],"floor_reached":52,"language":"ENG","playtime":2916,"items_purged":["Guardian:Strike_Guardian"],"score":752,"play_id":"4d0c16c2-392e-450d-b1ce-beb88e475bfb","local_time":"20210201212714","is_ascension_mode":true,"campfire_choices":[{"data":"Apotheosis","floor":1,"key":"SMITH"},{"data":"Guardian:RefractedBeam","floor":11,"key":"SMITH"},{"data":"Guardian:RefractedBeam+1","floor":13,"key":"SMITH"},{"floor":18,"key":"RECALL"},{"data":"Guardian:RefractedBeam+2","floor":23,"key":"SMITH"},{"data":"Guardian:RefractedBeam+3","floor":25,"key":"SMITH"},{"data":"Guardian:RefractedBeam+4","floor":28,"key":"SMITH"},{"data":"Guardian:RefractedBeam+5","floor":35,"key":"SMITH"},{"data":"Guardian:RefractedBeam+6","floor":40,"key":"SMITH"},{"data":"Guardian:RefractedBeam+7","floor":42,"key":"SMITH"},{"data":"Guardian:RefractedBeam+8","floor":44,"key":"SMITH"},{"data":"Guardian:RefractedBeam+9","floor":47,"key":"SMITH"}],"circlet_count":0,"master_deck":["Guardian:Strike_Guardian","Guardian:Strike_Guardian","Guardian:Defend_Guardian","Guardian:Defend_Guardian","Guardian:Defend_Guardian","Guardian:CurlUp","Guardian:TwinSlam","Apotheosis+1","Guardian:SentryBeam","Guardian:PrimingBeam","Guardian:PiercingHide","Guardian:ShieldSpikes","Guardian:RefractedBeam+10","Guardian:VentSteam+1","Guardian:AncientConstruct","Guardian:Orbwalk","Guardian:RefractedBeam+9"],"relics":["Guardian:ModeShifter","Guardian:PocketSentry","Happy Flower","MawBank","Toxic Egg 2","InkBottle","sneckomod:SneckoTalon","Membership Card","Guardian:StasisCodex","downfall:HeartBlessingRed","Shovel","Oddly Smooth Stone","Tiny Chest","Sozu","downfall:HeartBlessingGreen","downfall:HeartBlessingBlue","DollysMirror","White Beast Statue"],"acts_visited":["Exordium","TheCity","TheBeyond","TheEnding"],"potions_floor_usage":[33,50,50],"damage_taken":[{"damage":2,"enemies":"2 Louse","floor":2,"turns":3},{"damage":7,"enemies":"Small Slimes","floor":3,"turns":4},{"damage":0,"enemies":"Cultist","floor":4,"turns":2},{"damage":0,"enemies":"Exordium Wildlife","floor":5,"turns":4},{"damage":0,"enemies":"downfall:FleeingMerchant","floor":6,"turns":4},{"damage":4,"enemies":"3 Sentries","floor":8,"turns":7},{"damage":4,"enemies":"Blue Slaver","floor":9,"turns":3},{"damage":14,"enemies":"Gremlin Nob","floor":12,"turns":4},{"damage":0,"enemies":"Lagavulin","floor":14,"turns":6},{"damage":13,"enemies":"2 Fungi Beasts","floor":15,"turns":4},{"damage":6,"enemies":"IC_STATUS_ARCHETYPE","floor":16,"turns":10},{"damage":4,"enemies":"Chosen","floor":19,"turns":4},{"damage":0,"enemies":"3 Byrds","floor":21,"turns":3},{"damage":0,"enemies":"downfall:FleeingMerchant","floor":22,"turns":4},{"damage":18,"enemies":"Snake Plant","floor":26,"turns":2},{"damage":0,"enemies":"Chosen and Byrds","floor":27,"turns":4},{"damage":19,"enemies":"Slavers","floor":29,"turns":5},{"damage":0,"enemies":"3 Cultists","floor":30,"turns":5},{"damage":0,"enemies":"Gremlin Leader","floor":31,"turns":4},{"damage":0,"enemies":"Shelled Parasite and Fungi","floor":32,"turns":2},{"damage":9,"enemies":"DF_ARCHETYPE_CLAW","floor":33,"turns":9},{"damage":2,"enemies":"3 Darklings","floor":36,"turns":4},{"damage":0,"enemies":"Orb Walker","floor":38,"turns":3},{"damage":0,"enemies":"Transient","floor":39,"turns":5},{"damage":0,"enemies":"Spire Growth","floor":43,"turns":3},{"damage":0,"enemies":"Maw","floor":45,"turns":6},{"damage":0,"enemies":"downfall:FleeingMerchant","floor":46,"turns":4},{"damage":0,"enemies":"4 Shapes","floor":49,"turns":7},{"damage":18,"enemies":"WA_ARCHETYPE_DIVINITY","floor":50,"turns":10},{"damage":0,"enemies":"downfall:CharBossMerchant","floor":52,"turns":1}],"seed_played":"2597988692022136991","potions_obtained":[{"floor":3,"key":"jedi:wingpotion"},{"floor":8,"key":"Dexterity Potion"},{"floor":9,"key":"Energy Potion"},{"floor":14,"key":"Guardian:AcceleratePotion"},{"floor":16,"key":"Dexterity Potion"}],"is_trial":false,"path_per_floor":["R","M","M","M","M","$","T","E","M","?","R","E","R","E","M","B",null,"R","M","?","M","$","R","T","R","M","M","R","E","M","E","M","B",null,"R","M","?","M","M","R","T","R","M","R","M","$","R","T","M","B",null,"E"],"character_chosen":"GUARDIAN","items_purchased":["Guardian:PocketSentry","Membership Card","Guardian:StasisCodex","DollysMirror"],"campfire_rested":0,"item_purchase_floors":[6,22,22,46],"current_hp_per_floor":[72,70,63,63,63,63,63,59,55,55,55,41,41,41,28,22,72,72,68,68,68,68,68,68,68,50,50,50,31,31,31,31,22,72,72,70,70,70,70,70,70,80,80,80,80,80,80,80,80,62,82,82,82,82],"gold":57,"neow_bonus":"RANDOM_COLORLESS_2","is_daily":false,"chose_seed":false,"campfire_upgraded":11,"win_rate":0.0,"timestamp":1612232834,"path_taken":["R","M","M","M","M","$","T","E","M","?","R","E","R","E","M","BOSS","R","M","?","?","$","R","T","R","M","M","R","E","M","E","M","BOSS","R","M","?","M","M","R","T","R","M","R","M","$","R","?","M","BOSS","E"],"items_purchased_type":["Relic","Relic","Relic","Relic"],"build_version":"2020-12-22","purchased_purges":1,"victory":false,"max_hp_per_floor":[72,72,72,72,72,72,72,72,72,72,72,72,72,72,72,72,72,72,72,72,72,72,72,72,72,72,72,72,72,72,72,72,72,72,72,72,72,72,72,72,72,82,82,82,82,82,82,82,82,82,82,82,82,82],"card_choices":[{"not_picked":["jedi:RedIncense","Sadistic Nature"],"picked":"Apotheosis","floor":0},{"not_picked":["Guardian:Gem_Lightblue","Guardian:ShieldSpikes"],"picked":"Guardian:SentryBeam","floor":2},{"not_picked":["Guardian:VentSteam","Guardian:Reroute"],"picked":"Guardian:PrimingBeam","floor":3},{"not_picked":["Guardian:PrimingBeam","Guardian:Recover"],"picked":"Guardian:PiercingHide","floor":4},{"not_picked":["Guardian:Repulse","Guardian:CrystalBeam"],"picked":"Guardian:ShieldSpikes","floor":5},{"not_picked":["Guardian:Incinerate","Guardian:TemporalShield"],"picked":"Guardian:RefractedBeam","floor":6},{"not_picked":["Guardian:Gem_Green","Guardian:PrimingBeam"],"picked":"Guardian:Gem_Cyan","floor":8},{"not_picked":["Guardian:ChargeUp","Guardian:GatlingBeam"],"picked":"Guardian:Gem_Red","floor":9},{"not_picked":["Guardian:SpikerProtocol","Guardian:FuturePlans","Guardian:PiercingHide+1"],"picked":"SKIP","floor":12},{"not_picked":["Guardian:ShieldSpikes+1","Guardian:PrimingBeam","Guardian:PolyBeam"],"picked":"SKIP","floor":14},{"not_picked":["Guardian:Incinerate","Guardian:PrismaticBeam","Guardian:Reroute"],"picked":"SKIP","floor":15},{"not_picked":["Guardian:ChargeCore","Guardian:PrismaticBeam","Guardian:RollAttack"],"picked":"SKIP","floor":19},{"not_picked":["Guardian:Suspension+1","Guardian:Gem_Green","Guardian:ShieldSpikes+1"],"picked":"SKIP","floor":21},{"not_picked":["Guardian:Gem_Cyan","Guardian:TimeCapacitor+1","Guardian:Gem_Lightblue"],"picked":"SKIP","floor":22},{"not_picked":["Guardian:CrystalBeam","Guardian:RollAttack","Guardian:BronzeOrb"],"picked":"SKIP","floor":26},{"not_picked":["Guardian:DecasProtection+1","Guardian:Emergency+1"],"picked":"Guardian:Gem_Blue","floor":27},{"not_picked":["Guardian:Gem_Cyan","Guardian:Gem_Green","Guardian:BaubleBeam"],"picked":"SKIP","floor":29},{"not_picked":["Guardian:PiercingHide+1","Guardian:BronzeArmor+1","Guardian:Gem_Red"],"picked":"SKIP","floor":30},{"not_picked":["Guardian:GemFinder","Guardian:Gem_Green","Guardian:HyperBeam_Guardian"],"picked":"SKIP","floor":31},{"not_picked":["Guardian:WalkerClaw+1","Guardian:RollAttack"],"picked":"Guardian:VentSteam+1","floor":32},{"not_picked":["Guardian:StasisStrike","Guardian:StasisField+1"],"picked":"Guardian:AncientConstruct","floor":33},{"not_picked":["Guardian:PiercingHide+1","Guardian:Gem_Red"],"picked":"Guardian:Gem_White","floor":36},{"not_picked":["Guardian:Incinerate+1","Guardian:BodySlam+1","Guardian:Planning+1"],"picked":"SKIP","floor":38},{"not_picked":["Guardian:RefractedBeam","Guardian:PrismaticBeam","Guardian:WalkerClaw+1"],"picked":"SKIP","floor":39},{"not_picked":["Guardian:ArmoredProtocol","Guardian:TimeCapacitor","Guardian:PrimingBeam"],"picked":"SKIP","floor":43},{"not_picked":["Guardian:Gem_Fragmented","Guardian:FuturePlans+1","Guardian:TemporalShield+1"],"picked":"SKIP","floor":45},{"not_picked":["Guardian:Gem_White","Guardian:GemFinder"],"picked":"Guardian:Orbwalk","floor":46},{"not_picked":["Guardian:PrismaticBeam+1","Guardian:Gem_Cyan","Guardian:Suspension+1"],"picked":"SKIP","floor":49}],"player_experience":573845,"relics_obtained":[{"floor":7,"key":"Happy Flower"},{"floor":8,"key":"MawBank"},{"floor":12,"key":"Toxic Egg 2"},{"floor":14,"key":"InkBottle"},{"floor":24,"key":"Shovel"},{"floor":29,"key":"Oddly Smooth Stone"},{"floor":31,"key":"Tiny Chest"},{"floor":48,"key":"White Beast Statue"}],"event_choices":[{"damage_healed":0,"gold_gain":0,"player_choice":"Ignored","damage_taken":0,"max_hp_gain":0,"max_hp_loss":0,"event_name":"NoteForYourself","floor":20,"gold_loss":0},{"cards_removed":["Guardian:Defend_Guardian"],"damage_healed":0,"gold_gain":0,"player_choice":"Removed Skill","damage_taken":0,"max_hp_gain":0,"max_hp_loss":0,"event_name":"Falling","floor":37,"gold_loss":0}],"is_beta":false,"boss_relics":[{"not_picked":["Tiny House","SacredBark"],"picked":"sneckomod:SneckoTalon"},{"not_picked":["Busted Crown","Cursed Key"],"picked":"Sozu"}],"items_purged_floors":[22],"is_endless":false,"potions_floor_spawned":[3,8,9,14,16,21,27,29,30,38,43,49],"killed_by":"downfall:CharBossMerchant","ascension_level":1}}