{"host":"xg4r5pv6chpuampg","time":1612260909,"event":{"mods":["AchievementEnabler","BaseMod","Googly Eyes","Minty Spire (QoL Compilation)"],"gold_per_floor":[110,43,118,118,118,146,146,191,217,217,136,150,167,167,167,262,262,282,21,21,35,55,55,72,171,171,171,171,18,31,63,63,158,158,174,174,174],"floor_reached":36,"language":"ENG","playtime":1666,"items_purged":[],"score":428,"play_id":"cf968281-0047-440c-bb65-8f428acb6f32","local_time":"20210202131509","is_ascension_mode":false,"campfire_choices":[{"data":"Cloak And Dagger","floor":7,"key":"SMITH"},{"data":"Noxious Fumes","floor":10,"key":"SMITH"},{"data":"Infinite Blades","floor":15,"key":"SMITH"},{"floor":23,"key":"REST"},{"floor":28,"key":"REST"},{"floor":32,"key":"REST"}],"circlet_count":0,"master_deck":["Strike_G","Strike_G","Strike_G","Defend_G","Defend_G","Defend_G","Defend_G","Survivor","Neutralize","Cloak And Dagger+1","Noxious Fumes+1","Infinite Blades+1","Backflip","Backstab","All Out Attack","Storm of Steel","PiercingWail","Panache","Infinite Blades","Blade Dance","Predator","Quick Slash","Backflip","Prepared","Poisoned Stab","Catalyst+1","Phantasmal Killer","Acrobatics+1","Calculated Gamble+1","Well Laid Plans+1","Blade Dance"],"relics":["Ring of the Snake","NeowsBlessing","Anchor","Dream Catcher","Centennial Puzzle","Black Star","Kunai","Lee\u0027s Waffle","Ancient Tea Set","Happy Flower","Astrolabe"],"acts_visited":["Exordium","TheCity","TheBeyond"],"potions_floor_usage":[],"damage_taken":[{"damage":0,"enemies":"Jaw Worm","floor":1,"turns":1},{"damage":0,"enemies":"Lagavulin","floor":6,"turns":1},{"damage":0,"enemies":"2 Louse","floor":12,"turns":1},{"damage":0,"enemies":"Cultist","floor":13,"turns":3},{"damage":25,"enemies":"The Guardian","floor":16,"turns":13},{"damage":32,"enemies":"Spheric Guardian","floor":18,"turns":6},{"damage":5,"enemies":"3 Byrds","floor":21,"turns":5},{"damage":14,"enemies":"Centurion and Healer","floor":22,"turns":5},{"damage":9,"enemies":"Cultist and Chosen","floor":24,"turns":5},{"damage":13,"enemies":"Shelled Parasite and Fungi","floor":30,"turns":6},{"damage":13,"enemies":"Book of Stabbing","floor":31,"turns":5},{"damage":40,"enemies":"Champ","floor":33,"turns":11},{"damage":31,"enemies":"3 Darklings","floor":35,"turns":5},{"damage":106,"enemies":"2 Orb Walkers","floor":36,"turns":5}],"seed_played":"3550065675452681651","potions_obtained":[{"floor":1,"key":"Fire Potion"},{"floor":13,"key":"ColorlessPotion"},{"floor":14,"key":"FairyPotion"},{"floor":14,"key":"Regen Potion"},{"floor":16,"key":"DuplicationPotion"}],"is_trial":false,"path_per_floor":["M","$","?","?","?","E","R","T","T","R","$","M","M","?","R","B",null,"M","$","?","M","M","R","M","?","T","?","R","$","M","E","R","B",null,"M","?"],"character_chosen":"THE_SILENT","items_purchased":["Noxious Fumes","Infinite Blades","Backflip","Panache","Infinite Blades","Lee\u0027s Waffle"],"campfire_rested":3,"item_purchase_floors":[2,11,11,19,19,29],"current_hp_per_floor":[70,70,59,59,64,64,64,64,64,64,64,64,64,64,64,39,75,43,43,29,24,10,34,25,25,25,25,49,87,74,61,87,47,87,56,0,0],"gold":174,"neow_bonus":"THREE_ENEMY_KILL","is_daily":false,"chose_seed":false,"campfire_upgraded":3,"win_rate":0.0,"timestamp":1612260909,"path_taken":["M","$","?","?","?","E","R","?","T","R","$","M","?","?","R","BOSS","M","$","?","M","M","R","M","?","T","?","R","$","M","E","R","BOSS","M","?"],"items_purchased_type":["Card","Card","Card","Card","Card","Relic"],"build_version":"2020-12-22","purchased_purges":0,"victory":false,"max_hp_per_floor":[70,70,70,70,75,75,75,75,75,75,75,75,75,75,75,75,75,75,75,80,80,80,80,80,80,80,80,80,87,87,87,87,87,87,87,87,87],"card_choices":[{"not_picked":["Flying Knee","Well Laid Plans"],"picked":"Cloak And Dagger","floor":1},{"not_picked":["Dagger Spray","Leg Sweep","Storm of Steel"],"picked":"SKIP","floor":6},{"not_picked":["Dagger Throw","Underhanded Strike"],"picked":"Backstab","floor":12},{"not_picked":["Blur","Dagger Spray"],"picked":"All Out Attack","floor":13},{"not_picked":["Unload","Malaise"],"picked":"Storm of Steel","floor":16},{"not_picked":["Poisoned Stab","Leg Sweep"],"picked":"PiercingWail","floor":18},{"not_picked":["Slice","Footwork"],"picked":"Blade Dance","floor":21},{"not_picked":["Dodge and Roll","Deadly Poison"],"picked":"Predator","floor":22},{"not_picked":["Dagger Throw","Slice"],"picked":"Quick Slash","floor":23},{"not_picked":["Concentrate","Outmaneuver+1"],"picked":"Backflip","floor":24},{"not_picked":["Dodge and Roll","Setup"],"picked":"Prepared","floor":28},{"not_picked":["Deadly Poison","Dagger Spray"],"picked":"Poisoned Stab","floor":30},{"not_picked":["Tools of the Trade","Dagger Throw"],"picked":"Catalyst+1","floor":31},{"not_picked":["Venomology","Unload"],"picked":"Phantasmal Killer","floor":33},{"not_picked":["Sucker Punch+1","Infinite Blades"],"picked":"Blade Dance","floor":35}],"player_experience":49781,"relics_obtained":[{"floor":6,"key":"Anchor"},{"floor":8,"key":"Dream Catcher"},{"floor":9,"key":"Centennial Puzzle"},{"floor":26,"key":"Kunai"},{"floor":31,"key":"Ancient Tea Set"},{"floor":31,"key":"Happy Flower"}],"event_choices":[{"damage_healed":0,"gold_gain":75,"player_choice":"Gather Gold","damage_taken":11,"max_hp_gain":0,"max_hp_loss":0,"event_name":"World of Goop","floor":3,"gold_loss":0},{"damage_healed":0,"gold_gain":0,"player_choice":"Ignored","damage_taken":0,"max_hp_gain":0,"max_hp_loss":0,"event_name":"Liars Game","floor":4,"gold_loss":0},{"damage_healed":0,"gold_gain":0,"player_choice":"Donut","damage_taken":0,"max_hp_gain":5,"max_hp_loss":0,"event_name":"Big Fish","floor":5,"gold_loss":0},{"damage_healed":0,"gold_gain":0,"player_choice":"Got Potions","damage_taken":0,"max_hp_gain":0,"max_hp_loss":0,"event_name":"Lab","floor":14,"gold_loss":0},{"damage_healed":0,"gold_gain":0,"player_choice":"Shed Blood","damage_taken":19,"max_hp_gain":5,"max_hp_loss":0,"event_name":"Forgotten Altar","floor":20,"gold_loss":0},{"damage_healed":0,"gold_gain":99,"player_choice":"Stole From Cult","damage_taken":0,"max_hp_gain":0,"max_hp_loss":0,"event_name":"Nest","floor":25,"gold_loss":0},{"damage_healed":0,"gold_gain":0,"player_choice":"Ignored","damage_taken":0,"max_hp_gain":0,"max_hp_loss":0,"event_name":"Vampires","floor":27,"gold_loss":0},{"damage_healed":0,"gold_gain":0,"player_choice":"Fight","damage_taken":0,"max_hp_gain":0,"max_hp_loss":0,"event_name":"Mysterious Sphere","floor":36,"gold_loss":0}],"is_beta":false,"boss_relics":[{"not_picked":["Runic Pyramid","Fusion Hammer"],"picked":"Black Star"},{"not_picked":["Cursed Key","Coffee Dripper"],"picked":"Astrolabe"}],"items_purged_floors":[],"is_endless":false,"potions_floor_spawned":[1,13,16,18,22,24,33,35],"killed_by":"2 Orb Walkers","ascension_level":0}}