{"host":"pgm1p3lvdjflie30","time":1612254010,"event":{"mods":["ATMod(阿瑾Mod)","AchievementEnabler","Aspiration","BaseMod","Colored Map","Colored Powertips","Conspire","Dark Map","Dota2Spire","Energized Spire","Highlight Path","Hunter ?人","Minty Spire (QoL Compilation)","MostiFishMod","Quarter Circle Forward PUNCH!","Quick Restart","Replay The Spire","Spicy Shops","StSLib","TestMod","The IronCluck","The Jungle","Waifu the Spire","【?物卡牌】REMEMod","篝火指南"],"gold_per_floor":[143,159,170,215,215,241,284,298,377,377,393,412,412,412,412,541,590,606,40,40,53,1051,1051,1061,1070,1070,1070,1099,1152,1152,1152,1152,1283,1283,1299,1299,1299,1314,1339,1366,1366,1377,1403,1500,1500,149,203,53,53,53,53,53,3,63,63],"floor_reached":56,"language":"ZHS","playtime":3631,"items_purged":["Meditate Giant","EagleFirst","Languid","Parasite"],"score":1307,"play_id":"8f90143a-8139-484f-9c7b-63343438d29b","local_time":"20210202162010","is_ascension_mode":false,"campfire_choices":[{"floor":10.0,"key":"RECALL"},{"data":"GremlinTsunderePetCall","floor":13.0,"key":"SMITH"},{"data":"Fanatic Cultist","floor":15.0,"key":"SMITH"},{"data":"REME_WheelOfFate","floor":23.0,"key":"SMITH"},{"data":"GremlinNobPetCall","floor":27.0,"key":"SMITH"},{"data":"Beast Master","floor":30.0,"key":"SMITH"},{"data":"CultistForm","floor":32.0,"key":"SMITH"},{"data":"HealerPetCall","floor":41.0,"key":"SMITH"},{"data":"Struggle Attack","floor":52,"key":"SMITH"}],"circlet_count":0,"master_deck":["Strike_Giant+1","Defend_Giant+1","CultistPetCall+1","EagleFirst+1","EagleSecond+1","LessonLearned+1","AT_FamilyPortrait","GremlinTsunderePetCall+1","ByrdPetCall+1","LeftHookFist","Struggle Attack+1","Fanatic Cultist+1","GremlinTsunderePetCall+1","Struggle Attack+1","Struggle Attack+1","GremlinNobPetCall+1","EagleThird+1","CultistForm+1","REME_WheelOfFate+1","HealerPetCall+1","HealerPetCall+1","Beast Master+1","Spirit Of Beast+1","Storm Of Blood","CultistPetCall","Discover Pet","Encourage_Giant+1","Mana Growth+1","HPGrowth_Giant+1","Infinite Combo+1","Random Death Rattle","Random Death Rattle","Double Mana"],"relics":["GiantSoulBox","AT_ATBox","REME_ComplimentaryCards","DaveBox","testmod-TestBox","DianDianMeat","testmod-Charity","SynthV:TestCard","War Paint","GiantSoulStone","Vajra","Tiny Chest","qcfpunch:Red_Gi","Dota2Spire:MaskOfMadness","MutagenicStrength","Honey Jar","Dota2Spire:ShadowBlade","qcfpunch:Red_Headband","AT_ImmortalShieldbow","Whetstone","ReplayTheSpireMod:Ring of Exchange","Ring of Misfortune","Turnip","BirthdayGift-Tetrahedron","aspiration:FrozenJewel","Kunai"],"acts_visited":["Exordium","TheCity","TheBeyond","TheEnding"],"potions_floor_usage":[47,54,55,55,55],"damage_taken":[{"damage":6.0,"enemies":"Cultist","floor":1.0,"turns":3.0},{"damage":6.0,"enemies":"Jaw Worm","floor":2.0,"turns":3.0},{"damage":6.0,"enemies":"conspire:RoseBush","floor":3.0,"turns":3.0},{"damage":10.0,"enemies":"Large Slime","floor":4.0,"turns":3.0},{"damage":32.0,"enemies":"Gremlin Nob","floor":6.0,"turns":4.0},{"damage":0.0,"enemies":"Blue Slaver","floor":7.0,"turns":1.0},{"damage":5.0,"enemies":"Exordium Thugs","floor":8.0,"turns":3.0},{"damage":12.0,"enemies":"3 Louse","floor":11.0,"turns":3.0},{"damage":16.0,"enemies":"Blue Slaver","floor":12.0,"turns":3.0},{"damage":25.0,"enemies":"Hexaghost","floor":16.0,"turns":5.0},{"damage":4.0,"enemies":"Shell Parasite","floor":18.0,"turns":4.0},{"damage":53.0,"enemies":"conspire:FuzzyDice","floor":21.0,"turns":7.0},{"damage":30.0,"enemies":"Cultist and Chosen","floor":24.0,"turns":6.0},{"damage":32.0,"enemies":"Shelled Parasite and Fungi","floor":25.0,"turns":5.0},{"damage":53.0,"enemies":"conspire:MimicChest","floor":28.0,"turns":5.0},{"damage":89.0,"enemies":"Collector","floor":33.0,"turns":8.0},{"damage":44.0,"enemies":"Orb Walker","floor":35.0,"turns":4.0},{"damage":84.0,"enemies":"3 Shapes","floor":38.0,"turns":3.0},{"damage":50.0,"enemies":"R_Hoarder","floor":40.0,"turns":8.0},{"damage":90.0,"enemies":"Transient","floor":42.0,"turns":5.0},{"damage":40.0,"enemies":"Writhing Mass","floor":44.0,"turns":5.0},{"damage":4,"enemies":"Giant Head","floor":47,"turns":4},{"damage":52,"enemies":"Donu and Deca","floor":50,"turns":4},{"damage":64,"enemies":"Shield and Spear","floor":54,"turns":4},{"damage":136,"enemies":"The Heart","floor":55,"turns":7}],"seed_played":"4729634967321850739","potions_obtained":[{"floor":2.0,"key":"Toxic Potion"},{"floor":6.0,"key":"BlessingOfTheForge"},{"floor":8.0,"key":"Fruit Juice"},{"floor":11.0,"key":"Fire Potion"},{"floor":16.0,"key":"SpeedPotion"},{"floor":17.0,"key":"SneckoOil"},{"floor":18.0,"key":"AttackPotion"},{"floor":35.0,"key":"CultistPotion"},{"floor":42.0,"key":"PowerPotion"},{"floor":47,"key":"DuplicationPotion"},{"floor":54,"key":"testmod-TestPotion"}],"is_trial":false,"path_per_floor":["M","M","M","M","?","E","M","M","T","R","M","M","R","?","R","B",null,"M","$","?","M","?","R","M","M","T","R","?","T","R","?","R","B",null,"M","?","?","M","T","E","R","M","T","M","?","$","E","$","R_BF","B",null,"R","$","E","B",null],"character_chosen":"Giant","items_purchased":["Vajra","Tiny Chest","REME_WheelOfFate","Turnip","BirthdayGift-Tetrahedron","Random Death Rattle"],"campfire_rested":0,"item_purchase_floors":[19,19,19,46,46,53],"current_hp_per_floor":[61,60,60,63,56,32,47,57,58,58,57,53,53,53,53,47,191,206,221,171,155,156,156,144,151,151,151,154,155,155,155,155,177,329,319,319,319,278,279,289,289,249,250,263,290,290,321,321,482,430,537,537,596,570,438],"gold":63,"neow_bonus":"REMOVE_TWO","is_daily":false,"chose_seed":false,"campfire_upgraded":8,"win_rate":0.0,"timestamp":1612254010,"path_taken":["M","M","M","M","?","E","M","M","T","R","M","M","R","?","R","BOSS","M","$","?","M","?","R","M","M","T","R","?","?","R","?","R","BOSS","M","?","?","M","?","E","R","M","T","M","?","$","E","$","R_BF","BOSS","R","$","E","BOSS"],"items_purchased_type":["Relic","Relic","Card","Relic","Relic","Card"],"build_version":"2020-12-22","purchased_purges":4,"victory":true,"max_hp_per_floor":[67,72,78,91,91,99,114,129,130,130,141,153,153,153,153,172,191,206,221,226,243,244,244,262,281,281,281,301,302,302,302,302,329,329,351,351,351,374,375,399,399,424,425,478,505,505,540,537,537,537,537,537,596,634,634],"card_choices":[{"not_picked":["HPGrowth_Giant","Combo Recycle"],"picked":"GremlinTsunderePetCall","floor":1.0},{"not_picked":["Combo Defend","Heal Wind","Retain Combo","Backflip Giant"],"picked":"ByrdPetCall","floor":2.0},{"not_picked":["Seek Pet","HPGrowth_Giant","SnakeForm","EagleSecond"],"picked":"LeftHookFist","floor":3.0},{"not_picked":["Death Prophecy","EagleSecond","Commander_Giant","Seek Pet"],"picked":"Struggle Attack","floor":4.0},{"not_picked":["HPGrowth_Giant","Blood Defend","Drunk Grant","TakeAction_Giant"],"picked":"Fanatic Cultist","floor":6.0},{"not_picked":["Rupture Giant","Backflip Giant","Giant Prayer","Death Explode"],"picked":"GremlinTsunderePetCall","floor":7.0},{"not_picked":["GremlinTsunderePetCall","Hunter Bow","Rupture Giant","Death Explode"],"picked":"Struggle Attack","floor":8.0},{"not_picked":["EagleSecond","Combo Defend","Pummel Giant","GhostForm_Giant"],"picked":"Meditate Giant","floor":11.0},{"not_picked":["Seek Pet","Combo Form","Protect_Giant","Mana Growth"],"picked":"Struggle Attack","floor":12.0},{"not_picked":["Recover HP","Storm Of Blood","GhostForm_Giant","TakeAll_Giant"],"picked":"GremlinNobPetCall","floor":16.0},{"not_picked":["Clone Minion","Combo Connect","Protect_Giant","Retain Combo"],"picked":"EagleThird","floor":17.0},{"not_picked":["GremlinTsunderePetCall","Clone Minion+1","Fanatic Cultist+1","Protect_Giant"],"picked":"CultistForm","floor":18.0},{"not_picked":["HPGrowth_Giant","CultistPetCall","Combo Form+1","Calmness Giant"],"picked":"HealerPetCall","floor":21.0},{"not_picked":["EagleSecond+1","Revenge Attack","Sacrifice Summons","Discover Pet"],"picked":"HealerPetCall","floor":24.0},{"not_picked":["LeftHookFist","EagleSecond","TakeAction_Giant","Trace_Giant"],"picked":"Beast Master","floor":25.0},{"not_picked":["ByrdPetCall","Bloody Giant+1","CultistForm","Backflip Giant"],"picked":"Spirit Of Beast+1","floor":28.0},{"not_picked":["One Blood","BattleMaster_Giant","Beast Master","Echo Attack"],"picked":"Storm Of Blood","floor":33.0},{"not_picked":["Backflip Giant","Pummel Giant+1","Combo Defend","Calmness Giant","Fanatic Cultist"],"picked":"CultistPetCall","floor":35.0},{"not_picked":["Retain Combo","Combo Defend+1","Backflip Giant","CultistPetCall","Combo Form+1"],"picked":"Discover Pet","floor":38.0},{"not_picked":["Combo Recycle+1","CultistPetCall","Random Death Rattle","Discover Pet+1","Death Explode+1"],"picked":"Encourage_Giant","floor":40.0},{"not_picked":["GremlinTsunderePetCall","MultiTurn_Giant","Giant Prayer","Hunter Bow","Death Explode"],"picked":"Mana Growth+1","floor":42.0},{"not_picked":["Retain Combo+1","HealerPetCall","Pummel Giant","Death Prophecy+1","Clone Minion"],"picked":"HPGrowth_Giant+1","floor":44.0},{"not_picked":["One Blood","Retain Combo","CultistPetCall","Combo Defend","Protect_Giant+1"],"picked":"Infinite Combo+1","floor":47},{"not_picked":["ByrdPetCall+1","Sacrifice Summons","Ready_Giant","GremlinNobPetCall","Combo Form+1"],"picked":"Double Mana","floor":54}],"player_experience":235018,"relics_obtained":[{"floor":1.0,"key":"SynthV:TestCard"},{"floor":6.0,"key":"War Paint"},{"floor":16.0,"key":"GiantSoulStone"},{"floor":26.0,"key":"qcfpunch:Red_Gi"},{"floor":28.0,"key":"Dota2Spire:MaskOfMadness"},{"floor":29.0,"key":"REME_PuzzleBoxRelic"},{"floor":39.0,"key":"qcfpunch:Red_Headband"},{"floor":40.0,"key":"AT_ImmortalShieldbow"},{"floor":43.0,"key":"Whetstone"},{"floor":45.0,"key":"ReplayTheSpireMod:Ring of Exchange"},{"floor":45.0,"key":"Ring of Misfortune"},{"floor":47,"key":"aspiration:FrozenJewel"},{"floor":54,"key":"Kunai"}],"event_choices":[{"cards_removed":["Defend_Giant"],"damage_healed":0.0,"max_hp_gain":0.0,"max_hp_loss":0.0,"gold_gain":0.0,"event_name":"Golden Wing","player_choice":"Card Removal","floor":5.0,"gold_loss":0.0,"damage_taken":7.0},{"damage_healed":0.0,"max_hp_gain":0.0,"max_hp_loss":0.0,"gold_gain":0.0,"event_name":"The Woman in Blue","player_choice":"Bought 0 Potions","floor":14.0,"gold_loss":0.0,"damage_taken":0.0},{"damage_healed":0.0,"max_hp_gain":5.0,"max_hp_loss":0.0,"gold_gain":0.0,"event_name":"Forgotten Altar","player_choice":"Shed Blood","floor":20.0,"gold_loss":0.0,"damage_taken":55.0},{"damage_healed":0.0,"max_hp_gain":0.0,"max_hp_loss":0.0,"gold_gain":999.0,"event_name":"恩洛斯的?子","player_choice":"Sell","floor":22.0,"relics_lost":["Tiny House"],"gold_loss":0.0,"damage_taken":0.0},{"damage_healed":0.0,"max_hp_gain":0.0,"max_hp_loss":0.0,"gold_gain":0.0,"event_name":"Drug Dealer","player_choice":"Inject Mutagens","floor":31.0,"gold_loss":0.0,"damage_taken":0.0,"relics_obtained":["MutagenicStrength"]},{"cards_removed":["Strike_Giant"],"damage_healed":0.0,"max_hp_gain":0.0,"max_hp_loss":0.0,"gold_gain":0.0,"event_name":"Falling","player_choice":"Removed Attack","floor":36.0,"gold_loss":0.0,"damage_taken":0.0},{"damage_healed":0.0,"max_hp_gain":0.0,"max_hp_loss":0.0,"gold_gain":0.0,"event_name":"?自己的盒子","player_choice":"Swap Relic","floor":37.0,"relics_lost":["REME_PuzzleBoxRelic"],"gold_loss":0.0,"damage_taken":0.0,"relics_obtained":["Dota2Spire:ShadowBlade"]}],"is_beta":false,"boss_relics":[{"not_picked":["aspiration:PoetsPen","Snecko Eye"],"picked":"Tiny House"},{"not_picked":["Replay:Bronze Core","Pandora\u0027s Box"],"picked":"Honey Jar"}],"items_purged_floors":[19,19,46,48],"is_endless":false,"potions_floor_spawned":[2,6,8,11,16,18,35,42,47,54],"ascension_level":0}}