{"host":"1mv6gj0zv8k9e9tz","time":1612235321,"event":{"mods":["AchievementEnabler","BaseMod","Better Third Choice","Colored Map","DeckTracker","Highlight Path","KOR Keyword Fix","Keyboard Shortcuts","Minty Spire (QoL Compilation)","Permanent Neow","Quick Restart","Rare Cards Sparkle","StSLib","SuperFastMode","everything is the same but u backflip on backflip"],"gold_per_floor":[118,128,139,159,173,173,186,213,239,255,255,268,268,280,280,379,379,393,308,327,344,356,387,387,5,84,84,114,132,144,156,156,156,156],"floor_reached":33,"language":"KOR","playtime":1112,"items_purged":["Defend_P"],"score":419,"play_id":"64909713-b43c-4811-86e9-f5a942ca1639","local_time":"20210202120841","is_ascension_mode":true,"campfire_choices":[{"data":"Eruption","floor":6.0,"key":"SMITH"},{"data":"Scrawl","floor":11.0,"key":"SMITH"},{"data":"MentalFortress","floor":13.0,"key":"SMITH"},{"data":"CrushJoints","floor":15.0,"key":"SMITH"},{"data":"DeusExMachina","floor":24,"key":"SMITH"},{"data":"Halt","floor":27,"key":"SMITH"},{"data":"Tantrum","floor":32,"key":"SMITH"}],"circlet_count":0,"master_deck":["Strike_P","Strike_P","Strike_P","Defend_P","Defend_P","Eruption+1","Vigilance","EmptyBody","Scrawl+1","Consecrate","Halt+1","FollowUp","CrushJoints+1","MentalFortress+1","WaveOfTheHand+1","DeusExMachina+1","DeusExMachina+1","Tantrum+1"],"relics":["PureWater","Regal Pillow","Juzu Bracelet","Coffee Dripper","Bag of Preparation","Bag of Marbles","PreservedInsect","DollysMirror","TeardropLocket","Smiling Mask"],"acts_visited":["Exordium","TheCity"],"potions_floor_usage":[23,28,33],"damage_taken":[{"damage":0.0,"enemies":"Cultist","floor":1.0,"turns":4.0},{"damage":0.0,"enemies":"Small Slimes","floor":2.0,"turns":3.0},{"damage":0.0,"enemies":"2 Louse","floor":3.0,"turns":3.0},{"damage":8.0,"enemies":"Large Slime","floor":4.0,"turns":7.0},{"damage":0.0,"enemies":"Exordium Wildlife","floor":5.0,"turns":3.0},{"damage":0.0,"enemies":"Exordium Thugs","floor":7.0,"turns":3.0},{"damage":7.0,"enemies":"Gremlin Nob","floor":8.0,"turns":3.0},{"damage":0.0,"enemies":"2 Fungi Beasts","floor":10.0,"turns":1.0},{"damage":0.0,"enemies":"Looter","floor":12.0,"turns":2.0},{"damage":0.0,"enemies":"Exordium Wildlife","floor":14.0,"turns":2.0},{"damage":26.0,"enemies":"The Guardian","floor":16.0,"turns":10.0},{"damage":7.0,"enemies":"2 Thieves","floor":18.0,"turns":3.0},{"damage":0.0,"enemies":"Spheric Guardian","floor":20.0,"turns":1.0},{"damage":1.0,"enemies":"Cultist and Chosen","floor":21.0,"turns":3.0},{"damage":12.0,"enemies":"Centurion and Healer","floor":22.0,"turns":6.0},{"damage":3,"enemies":"Slavers","floor":23,"turns":6},{"damage":0,"enemies":"Gremlin Leader","floor":28,"turns":4},{"damage":0,"enemies":"Snecko","floor":29,"turns":1},{"damage":0,"enemies":"Chosen and Byrds","floor":30,"turns":4},{"damage":12,"enemies":"Shelled Parasite and Fungi","floor":31,"turns":5},{"damage":50,"enemies":"Champ","floor":33,"turns":6}],"seed_played":"-7948628911359139270","potions_obtained":[{"floor":1.0,"key":"AttackPotion"},{"floor":4.0,"key":"Weak Potion"},{"floor":5.0,"key":"Explosive Potion"},{"floor":10.0,"key":"SkillPotion"},{"floor":12.0,"key":"SneckoOil"},{"floor":14.0,"key":"Explosive Potion"},{"floor":21.0,"key":"Regen Potion"},{"floor":23,"key":"LiquidBronze"},{"floor":28,"key":"PowerPotion"}],"is_trial":false,"path_per_floor":["M","M","M","M","M","R","M","E","T","M","R","M","R","M","R","B",null,"M","?","M","M","M","E","R","$","T","R","E","M","M","M","R","B"],"character_chosen":"WATCHER","items_purchased":["PreservedInsect","DollysMirror"],"campfire_rested":0,"item_purchase_floors":[25,25],"current_hp_per_floor":[65,65,65,57,57,57,57,50,50,50,50,50,50,50,50,24,55,48,48,48,47,35,32,32,32,32,32,44,44,44,32,32,0,0],"gold":156,"neow_bonus":"TRANSFORM_TWO_CARDS","is_daily":false,"chose_seed":false,"campfire_upgraded":7,"win_rate":0.0,"timestamp":1612235321,"path_taken":["M","M","M","M","M","R","M","E","T","M","R","M","R","M","R","BOSS","M","?","M","M","M","E","R","$","T","R","E","M","M","M","R","BOSS"],"items_purchased_type":["Relic","Relic"],"build_version":"2020-12-22","purchased_purges":1,"victory":false,"max_hp_per_floor":[65,65,65,65,65,65,65,65,65,65,65,65,65,65,65,65,65,65,65,65,65,65,65,65,65,65,65,65,65,65,65,65,65,65],"card_choices":[{"not_picked":["CrushJoints","ThirdEye"],"picked":"Consecrate","floor":1.0},{"not_picked":["EmptyBody","Meditate"],"picked":"Halt","floor":2.0},{"not_picked":["FollowUp","Prostrate","ClearTheMind"],"picked":"SKIP","floor":3.0},{"not_picked":["Prostrate","ClearTheMind"],"picked":"FollowUp","floor":3.0},{"not_picked":["BattleHymn","Evaluate"],"picked":"CrushJoints","floor":4.0},{"not_picked":["ThirdEye","Halt","BattleHymn"],"picked":"SKIP","floor":5.0},{"not_picked":["SignatureMove","FlyingSleeves","Indignation"],"picked":"SKIP","floor":7.0},{"not_picked":["CutThroughFate","FlyingSleeves","Swivel"],"picked":"SKIP","floor":8.0},{"not_picked":["EmptyBody","CrushJoints","JustLucky"],"picked":"SKIP","floor":10.0},{"not_picked":["Prostrate","Swivel"],"picked":"MentalFortress","floor":12.0},{"not_picked":["Evaluate","Wallop","Perseverance"],"picked":"SKIP","floor":14.0},{"not_picked":["Conclude","LikeWater","Crescendo"],"picked":"SKIP","floor":18.0},{"not_picked":["Halt","BowlingBash","DeceiveReality"],"picked":"SKIP","floor":20.0},{"not_picked":["FollowUp+1","PathToVictory"],"picked":"WaveOfTheHand+1","floor":21.0},{"not_picked":["JustLucky","Conclude","FollowUp"],"picked":"SKIP","floor":22.0},{"not_picked":["Consecrate","TalkToTheHand+1"],"picked":"DeusExMachina","floor":23},{"not_picked":["DeusExMachina","Vengeance"],"picked":"Tantrum","floor":28},{"not_picked":["Swivel","BowlingBash","Protect"],"picked":"SKIP","floor":29},{"not_picked":["ClearTheMind","EmptyBody","SpiritShield"],"picked":"SKIP","floor":30},{"not_picked":["ClearTheMind","EmptyMind","ReachHeaven+1"],"picked":"SKIP","floor":31}],"player_experience":607864,"relics_obtained":[{"floor":8.0,"key":"Regal Pillow"},{"floor":9.0,"key":"Juzu Bracelet"},{"floor":23,"key":"Bag of Marbles"},{"floor":26,"key":"TeardropLocket"},{"floor":28,"key":"Smiling Mask"}],"event_choices":[{"damage_healed":0.0,"max_hp_gain":0.0,"max_hp_loss":0.0,"gold_gain":0.0,"event_name":"Addict","player_choice":"Obtained Relic","floor":19.0,"gold_loss":85.0,"damage_taken":0.0,"relics_obtained":["Bag of Preparation"]}],"is_beta":false,"boss_relics":[{"not_picked":["Runic Dome","Philosopher\u0027s Stone"],"picked":"Coffee Dripper"}],"items_purged_floors":[25],"is_endless":false,"potions_floor_spawned":[1,4,5,10,12,14,21,23,28],"killed_by":"Champ","ascension_level":6}}