{"host":"6vexsag1oua9h4b1","time":1612291198,"event":{"mods":["AchievementEnabler","BaseMod","Conspire","Downfall","Luminous","Minty Spire (QoL Compilation)","StSLib","The Alterego","The Marked"],"gold_per_floor":[113,113,132,55,75,75,103,114,140,151,151,101,112,144,144,244,244,254,109,199,211,223,223,223,223],"floor_reached":23,"language":"ENG","playtime":2096,"items_purged":[],"score":203,"play_id":"56dfeafd-9317-4ad9-82e8-69b388c47aa8","local_time":"20210202193958","is_ascension_mode":false,"campfire_choices":[{"data":"Guardian:EvasiveProtocol","floor":6.0,"key":"SMITH"},{"data":"Guardian:PiercingHide","floor":11.0,"key":"SMITH"},{"floor":15,"key":"REST"}],"circlet_count":0,"master_deck":["Guardian:Strike_Guardian","Guardian:Strike_Guardian","Guardian:Strike_Guardian+1","Guardian:Strike_Guardian+1","Guardian:Defend_Guardian","Guardian:Defend_Guardian","Guardian:Defend_Guardian","Guardian:Defend_Guardian","Guardian:CurlUp","Guardian:TwinSlam","Guardian:Incinerate","Guardian:EvasiveProtocol+1","Guardian:ExploitGems","Guardian:PiercingHide+1","Guardian:CrystalBeam","Guardian:StasisStrike","Guardian:TemporalStrike","Guardian:TimeSifter","Guardian:BodySlam","Guardian:Gem_Cyan","Guardian:ShieldCharger+1"],"relics":["Guardian:ModeShifter","NeowsBlessing","Whetstone","Oddly Smooth Stone","Strawberry","conspire:SlowCooker","Ancient Tea Set"],"acts_visited":["Exordium","TheCity"],"potions_floor_usage":[23],"damage_taken":[{"damage":0.0,"enemies":"Cultist","floor":1.0,"turns":1.0},{"damage":0.0,"enemies":"2 Louse","floor":3.0,"turns":1.0},{"damage":0.0,"enemies":"conspire:RoseBush","floor":5.0,"turns":1.0},{"damage":22.0,"enemies":"3 Sentries","floor":7.0,"turns":14.0},{"damage":10.0,"enemies":"Lots of Slimes","floor":8.0,"turns":4.0},{"damage":3.0,"enemies":"Large Slime","floor":10.0,"turns":9.0},{"damage":0.0,"enemies":"Exordium Wildlife","floor":13.0,"turns":5.0},{"damage":18,"enemies":"Lagavulin","floor":14,"turns":8},{"damage":43,"enemies":"The Guardian","floor":16,"turns":13},{"damage":10,"enemies":"Shell Parasite","floor":18,"turns":5},{"damage":28,"enemies":"conspire:FuzzyDice","floor":21,"turns":6},{"damage":26,"enemies":"Centurion and Healer","floor":22,"turns":6},{"damage":44,"enemies":"conspire:Head Lice","floor":23,"turns":7}],"seed_played":"7823723249587766816","potions_obtained":[{"floor":1.0,"key":"DistilledChaos"},{"floor":2.0,"key":"FairyPotion"},{"floor":2.0,"key":"Strength Potion"},{"floor":21,"key":"Energy Potion"}],"is_trial":false,"path_per_floor":["M","?","M","$","M","R","E","M","T","M","R","$","M","E","R","B",null,"M","$","?","M","M","E"],"character_chosen":"GUARDIAN","items_purchased":["Guardian:EvasiveProtocol","Guardian:CrystalBeam","Ancient Tea Set"],"campfire_rested":1,"item_purchase_floors":[4,12,19],"current_hp_per_floor":[80,80,80,80,80,80,58,48,48,45,45,45,45,34,60,17,87,77,77,65,37,11,0,0,0],"gold":223,"neow_bonus":"THREE_ENEMY_KILL","is_daily":false,"chose_seed":false,"campfire_upgraded":2,"win_rate":0.0,"timestamp":1612291198,"path_taken":["M","?","M","$","M","R","E","M","T","M","R","$","M","E","R","BOSS","M","$","?","?","M","E"],"items_purchased_type":["Card","Card","Relic"],"build_version":"2020-12-22","purchased_purges":0,"victory":false,"max_hp_per_floor":[80,80,80,80,80,80,80,80,80,80,80,80,80,87,87,87,87,87,87,87,87,87,87,87,87],"card_choices":[{"not_picked":["Guardian:RefractedBeam","Guardian:MultiBeam"],"picked":"Guardian:Gem_Green","floor":1.0},{"not_picked":["Guardian:Gem_Red","Guardian:DonusPower"],"picked":"Guardian:Incinerate","floor":3.0},{"not_picked":["Guardian:Incinerate","Guardian:Reroute","Guardian:BronzeArmor"],"picked":"SKIP","floor":5.0},{"not_picked":["Guardian:BodySlam","Guardian:ChargeCore"],"picked":"Guardian:ExploitGems","floor":7.0},{"not_picked":["Guardian:Incinerate","Guardian:PrismaticBeam"],"picked":"Guardian:Gem_White","floor":8.0},{"not_picked":["Guardian:ShieldCharger","Guardian:ChargeCore"],"picked":"Guardian:PiercingHide","floor":10.0},{"not_picked":["Guardian:GuardianWhirl","Guardian:Incinerate"],"picked":"Guardian:StasisStrike","floor":13.0},{"not_picked":["Guardian:Suspension","Guardian:PrismaticBarrier"],"picked":"Guardian:TemporalStrike","floor":14},{"not_picked":["Guardian:BaubleBeam","Guardian:StasisStrike"],"picked":"Guardian:TimeSifter","floor":16},{"not_picked":["Guardian:DonusPower","Guardian:ShieldSpikes+1"],"picked":"Guardian:BodySlam","floor":18},{"not_picked":["Guardian:ArmoredProtocol","Guardian:Gem_Green"],"picked":"Guardian:Gem_Cyan","floor":21},{"not_picked":["Guardian:EvasiveProtocol","Guardian:Reroute"],"picked":"Guardian:ShieldCharger+1","floor":22}],"player_experience":252899,"relics_obtained":[{"floor":7.0,"key":"Whetstone"},{"floor":9.0,"key":"Oddly Smooth Stone"},{"floor":14,"key":"Strawberry"}],"event_choices":[{"damage_healed":0.0,"max_hp_gain":0.0,"max_hp_loss":0.0,"gold_gain":0.0,"event_name":"Lab","player_choice":"Got Potions","floor":2.0,"gold_loss":0.0,"damage_taken":0.0},{"damage_healed":0,"gold_gain":90,"player_choice":"GOLD ","damage_taken":12,"max_hp_gain":0,"max_hp_loss":0,"event_name":"Knowing Skull","floor":20,"potions_obtained":[],"gold_loss":0,"cards_obtained":[]}],"is_beta":false,"boss_relics":[{"not_picked":["Pandora\u0027s Box","Snecko Eye"],"picked":"conspire:SlowCooker"}],"items_purged_floors":[],"is_endless":false,"potions_floor_spawned":[1,3,7,10,21],"killed_by":"conspire:Head Lice","ascension_level":0}}