{"host":"tq99ucv8ezzqzioe","time":1612240751,"event":{"mods":["BaseMod","Colored Map","Downfall","Highlight Path","Minty Spire (QoL Compilation)","StSLib"],"gold_per_floor":[99,109,209,225,240,140,140,158,186,205,223,252,336,336,336,336],"floor_reached":14,"language":"ENG","playtime":1128,"items_purged":[],"score":117,"play_id":"7bb94b1e-1221-47c1-a9ad-4b1468652939","local_time":"20210201233911","is_ascension_mode":true,"campfire_choices":[{"floor":1,"key":"RECALL"},{"data":"sneckomod:MasterEye","floor":6,"key":"SMITH"}],"circlet_count":0,"master_deck":["sneckomod:Strike","sneckomod:Strike","sneckomod:Strike","sneckomod:Defend","sneckomod:Defend","sneckomod:Defend","sneckomod:TailWhip","sneckomod:SnekBite","sneckomod:Unknown","sneckomod:Unknown","sneckomod:UnknownX","sneckomod:MasterEye+1","sneckomod:UnknownClassPURPLE","sneckomod:UnknownUncommonPower","sneckomod:UnknownClassGREEN","sneckomod:UnknownClassTHE_BRONZE_AUTOMATON","sneckomod:WideSting","sneckomod:DiceBlock"],"relics":["SacredBark","downfall:HeartBlessingRed","FossilizedHelix","Bottled Lightning","PreservedInsect","Singing Bowl"],"acts_visited":["Exordium"],"potions_floor_usage":[10,13,13],"damage_taken":[{"damage":7,"enemies":"Small Slimes","floor":2,"turns":4},{"damage":11,"enemies":"Cultist","floor":4,"turns":3},{"damage":2,"enemies":"Jaw Worm","floor":5,"turns":4},{"damage":0,"enemies":"2 Fungi Beasts","floor":8,"turns":2},{"damage":17,"enemies":"3 Sentries","floor":9,"turns":8},{"damage":5,"enemies":"Gremlin Gang","floor":10,"turns":5},{"damage":35,"enemies":"Lots of Slimes","floor":11,"turns":4},{"damage":15,"enemies":"Lagavulin","floor":12,"turns":6},{"damage":0,"enemies":"Lagavulin Event","floor":13,"turns":6},{"damage":10,"enemies":"3 Sentries","floor":14,"turns":2}],"seed_played":"5812812034786474291","potions_obtained":[{"floor":5,"key":"Slimebound:ThreeZeroPotion"},{"floor":9,"key":"Block Potion"},{"floor":10,"key":"FearPotion"},{"floor":12,"key":"Weak Potion"},{"floor":13,"key":"hexamod:SoulburnPotion"}],"is_trial":false,"path_per_floor":["R","M","?","M","M","R","T","M","E","M","M","E","?","E"],"character_chosen":"THE_SNECKO","items_purchased":[],"campfire_rested":0,"item_purchase_floors":[],"current_hp_per_floor":[90,83,83,82,80,80,80,80,63,58,23,8,10,0,0,0],"gold":336,"neow_bonus":"BOSS_RELIC","is_daily":false,"chose_seed":false,"campfire_upgraded":1,"win_rate":0.0,"timestamp":1612240751,"path_taken":["R","M","?","M","M","R","T","M","E","M","?","E","?","E"],"items_purchased_type":[],"build_version":"2020-12-22","purchased_purges":0,"victory":false,"max_hp_per_floor":[90,90,90,90,90,90,90,90,90,90,90,90,92,92,92,92],"card_choices":[{"not_picked":["sneckomod:UnknownClassGREEN","sneckomod:TrashToTreasure"],"picked":"sneckomod:UnknownX","floor":2},{"not_picked":["sneckomod:UnknownVulnerable","sneckomod:UnknownClassHEXA_GHOST_PURPLE"],"picked":"sneckomod:MasterEye","floor":4},{"not_picked":["sneckomod:DiceBlock","sneckomod:UnknownCommonAttack"],"picked":"sneckomod:UnknownClassPURPLE","floor":5},{"not_picked":["sneckomod:Nope","sneckomod:UnknownClassGUARDIAN"],"picked":"sneckomod:UnknownUncommonPower","floor":8},{"not_picked":["sneckomod:SnekBeam","sneckomod:UnknownCommonSkill"],"picked":"sneckomod:UnknownClassGREEN","floor":9},{"not_picked":["sneckomod:Cheat","sneckomod:MixItUp"],"picked":"sneckomod:UnknownClassTHE_BRONZE_AUTOMATON","floor":10},{"not_picked":["sneckomod:QuickBite","sneckomod:IronFang"],"picked":"sneckomod:WideSting","floor":11},{"not_picked":["sneckomod:SoulDraw","sneckomod:DiceCrush"],"picked":"sneckomod:DiceBlock","floor":12},{"not_picked":["sneckomod:UnknownCommonSkill","sneckomod:QuickBite","sneckomod:IronFang"],"picked":"Singing Bowl","floor":13}],"player_experience":853383,"relics_obtained":[{"floor":7,"key":"FossilizedHelix"},{"floor":9,"key":"Bottled Lightning"},{"floor":12,"key":"PreservedInsect"},{"floor":13,"key":"Singing Bowl"}],"event_choices":[],"is_beta":false,"boss_relics":[],"items_purged_floors":[],"is_endless":false,"potions_floor_spawned":[5,9,10,12,13],"killed_by":"3 Sentries","ascension_level":3}}