{"host":"hs5g5f0q56ds4vmn","time":1612275344,"event":{"mods":["AchievementEnabler","BaseMod","DeckTracker","Highlight Path","Minty Spire (QoL Compilation)","SuperFastMode","everything is the same but u backflip on backflip"],"gold_per_floor":[109,128,147,163,88,88,114,114,114,114,64,34,63,79,79,184,184,204,129,29,29,49,74,74,103,129,143,170,185,205,205,205,303,303,316,112,112,132,152,180,180,180,205,79,106,118,128,147,147,147,147,147,5,35,35,35],"floor_reached":55,"language":"KOR","playtime":5575,"items_purged":["Defend_G","Strike_G","Defend_G","Defend_G","Defend_G"],"score":929,"play_id":"f9dbe0f4-c28a-482e-93b6-f1814ceea952","local_time":"20210202231544","is_ascension_mode":true,"campfire_choices":[{"data":"Poisoned Stab","floor":6.0,"key":"SMITH"},{"data":"Dagger Throw","floor":8.0,"key":"SMITH"},{"data":"Well Laid Plans","floor":10.0,"key":"SMITH"},{"data":"Wraith Form v2","floor":15.0,"key":"SMITH"},{"data":"Cloak And Dagger","floor":24.0,"key":"SMITH"},{"floor":32.0,"key":"RECALL"},{"floor":41.0,"key":"REST"},{"floor":49.0,"key":"REST"},{"floor":52.0,"key":"REST"}],"circlet_count":0,"master_deck":["Strike_G","Strike_G","Defend_G+1","Survivor","Neutralize+1","Cloak And Dagger+1","Poisoned Stab+1","Well Laid Plans+1","Dagger Throw+1","Wraith Form v2+1","Corpse Explosion+1","PiercingWail+1","Venomology+1","Caltrops+1","Underhanded Strike+1","Bullet Time","Writhe","Reflex+1","Doubt","Purity","Noxious Fumes","Cloak And Dagger+1","Prepared+1","Infinite Blades","Choke"],"relics":["Ring of the Snake","Bag of Marbles","Ninja Scroll","Thread and Needle","Black Star","Centennial Puzzle","Du-Vu Doll","Darkstone Periapt","Gambling Chip","War Paint","Smiling Mask","Pen Nib","Fusion Hammer","Oddly Smooth Stone","Regal Pillow","Nunchaku","Boot","Eternal Feather","Shuriken","Sundial","Vajra"],"acts_visited":["Exordium","TheCity","TheBeyond","TheEnding"],"potions_floor_usage":[55,55,55],"damage_taken":[{"damage":2.0,"enemies":"Cultist","floor":1.0,"turns":5.0},{"damage":5.0,"enemies":"Small Slimes","floor":2.0,"turns":4.0},{"damage":0.0,"enemies":"Jaw Worm","floor":3.0,"turns":4.0},{"damage":12.0,"enemies":"Large Slime","floor":4.0,"turns":6.0},{"damage":21.0,"enemies":"3 Sentries","floor":7.0,"turns":7.0},{"damage":7.0,"enemies":"Gremlin Nob","floor":13.0,"turns":3.0},{"damage":0.0,"enemies":"Gremlin Gang","floor":14.0,"turns":3.0},{"damage":4.0,"enemies":"Slime Boss","floor":16.0,"turns":7.0},{"damage":0.0,"enemies":"Shell Parasite","floor":18.0,"turns":5.0},{"damage":0.0,"enemies":"Chosen","floor":22.0,"turns":5.0},{"damage":2.0,"enemies":"Book of Stabbing","floor":23.0,"turns":6.0},{"damage":0.0,"enemies":"Slavers","floor":25.0,"turns":3.0},{"damage":0.0,"enemies":"Snecko","floor":27.0,"turns":4.0},{"damage":0.0,"enemies":"Gremlin Leader","floor":28.0,"turns":5.0},{"damage":0.0,"enemies":"Snake Plant","floor":29.0,"turns":4.0},{"damage":2.0,"enemies":"Centurion and Healer","floor":30.0,"turns":3.0},{"damage":64.0,"enemies":"Automaton","floor":33.0,"turns":10.0},{"damage":0.0,"enemies":"3 Shapes","floor":35.0,"turns":4.0},{"damage":0.0,"enemies":"Orb Walker","floor":38.0,"turns":2.0},{"damage":0.0,"enemies":"Sphere and 2 Shapes","floor":39.0,"turns":3.0},{"damage":14.0,"enemies":"Nemesis","floor":40.0,"turns":7.0},{"damage":2.0,"enemies":"Reptomancer","floor":45.0,"turns":6.0},{"damage":0.0,"enemies":"Transient","floor":46.0,"turns":5.0},{"damage":0.0,"enemies":"3 Darklings","floor":47.0,"turns":1.0},{"damage":0.0,"enemies":"Jaw Worm Horde","floor":48.0,"turns":2.0},{"damage":22.0,"enemies":"Donu and Deca","floor":50.0,"turns":4.0},{"damage":5.0,"enemies":"Shield and Spear","floor":54.0,"turns":3.0},{"damage":84,"enemies":"The Heart","floor":55,"turns":3}],"seed_played":"-3136303708480967527","potions_obtained":[{"floor":4.0,"key":"PowerPotion"},{"floor":7.0,"key":"LiquidMemories"},{"floor":12.0,"key":"GhostInAJar"},{"floor":12.0,"key":"CultistPotion"},{"floor":13.0,"key":"Energy Potion"},{"floor":18.0,"key":"Energy Potion"},{"floor":25.0,"key":"LiquidMemories"},{"floor":29.0,"key":"Fruit Juice"},{"floor":33.0,"key":"FearPotion"},{"floor":38.0,"key":"ColorlessPotion"},{"floor":40.0,"key":"DuplicationPotion"}],"is_trial":false,"path_per_floor":["M","M","M","M","$","R","E","R","T","R","?","?","E","M","R","B",null,"M","?","$","?","M","E","R","E","T","M","E","M","M","T","R","B",null,"M","$","?","M","M","E","R","?","T","$","E","M","M","M","R","B",null,"R","$","E","B"],"character_chosen":"THE_SILENT","items_purchased":["Oddly Smooth Stone","Noxious Fumes","Choke","Block Potion"],"campfire_rested":3,"item_purchase_floors":[36,44,53,53],"current_hp_per_floor":[68,63,63,51,51,51,30,30,30,30,30,30,23,23,23,19,70,70,70,70,70,70,68,68,68,68,68,68,68,71,71,71,7,75,75,75,81,81,81,67,81,87,87,87,85,85,85,85,87,65,87,87,87,82,0,0],"gold":35,"neow_bonus":"UPGRADE_CARD","is_daily":false,"chose_seed":false,"campfire_upgraded":5,"win_rate":0.0,"timestamp":1612275344,"path_taken":["M","M","?","?","$","R","E","R","T","R","?","?","E","?","R","BOSS","M","?","$","?","M","E","R","E","T","?","E","M","M","?","R","BOSS","M","$","?","M","M","E","R","?","T","$","E","?","?","M","R","BOSS","R","$","E","BOSS"],"items_purchased_type":["Relic","Card","Card","Potion"],"build_version":"2020-12-22","purchased_purges":5,"victory":false,"max_hp_per_floor":[70,70,70,70,70,70,70,70,70,70,70,70,70,70,70,70,70,70,70,70,70,70,70,70,70,70,70,70,70,75,75,75,75,75,75,75,81,81,81,81,81,87,87,87,87,87,87,87,87,87,87,87,87,87,87,87],"card_choices":[{"not_picked":["Dagger Spray","Riddle With Holes"],"picked":"Cloak And Dagger","floor":1.0},{"not_picked":["Skewer","Finisher"],"picked":"Poisoned Stab","floor":2.0},{"not_picked":["Leg Sweep","Choke","Riddle With Holes"],"picked":"SKIP","floor":3.0},{"not_picked":["Deadly Poison","Underhanded Strike"],"picked":"Well Laid Plans","floor":4.0},{"not_picked":["Finisher","Acrobatics"],"picked":"Dagger Throw","floor":7.0},{"not_picked":["Flechettes","Bane"],"picked":"Wraith Form v2","floor":13.0},{"not_picked":["Deflect","Underhanded Strike","Flechettes"],"picked":"SKIP","floor":14.0},{"not_picked":["Phantasmal Killer","Storm of Steel"],"picked":"Corpse Explosion","floor":16.0},{"not_picked":["Quick Slash","Dagger Spray+1"],"picked":"PiercingWail+1","floor":18.0},{"not_picked":["Backflip","Prepared","Dodge and Roll"],"picked":"SKIP","floor":22.0},{"not_picked":["Masterful Stab","Quick Slash","Backflip+1"],"picked":"SKIP","floor":23.0},{"not_picked":["Cloak And Dagger","Blade Dance"],"picked":"Venomology","floor":25.0},{"not_picked":["Slice+1","Quick Slash+1","Infinite Blades"],"picked":"SKIP","floor":27.0},{"not_picked":["Blade Dance","Flying Knee"],"picked":"Caltrops+1","floor":28.0},{"not_picked":["Endless Agony","Deflect"],"picked":"Underhanded Strike+1","floor":29.0},{"not_picked":["Underhanded Strike+1","Finisher","Slice"],"picked":"SKIP","floor":30.0},{"not_picked":["Unload","Phantasmal Killer"],"picked":"Bullet Time","floor":33.0},{"not_picked":["Bane","Backflip","Underhanded Strike+1"],"picked":"SKIP","floor":35.0},{"not_picked":["Bane+1","Deadly Poison","Heel Hook"],"picked":"SKIP","floor":38.0},{"not_picked":["Bane","Eviscerate+1"],"picked":"Reflex+1","floor":39.0},{"not_picked":["Distraction","Venomology","Storm of Steel"],"picked":"SKIP","floor":40.0},{"not_picked":["Noxious Fumes","Crippling Poison"],"picked":"Cloak And Dagger+1","floor":45.0},{"not_picked":["Poisoned Stab","Acrobatics"],"picked":"Prepared+1","floor":46.0},{"not_picked":["Backflip","Prepared","Bullet Time"],"picked":"SKIP","floor":47.0},{"not_picked":["Dagger Spray","Leg Sweep"],"picked":"Infinite Blades","floor":48.0},{"not_picked":["Prepared","Underhanded Strike+1","Quick Slash+1"],"picked":"SKIP","floor":54.0}],"player_experience":537053,"relics_obtained":[{"floor":7.0,"key":"Bag of Marbles"},{"floor":9.0,"key":"Ninja Scroll"},{"floor":13.0,"key":"Thread and Needle"},{"floor":23.0,"key":"Centennial Puzzle"},{"floor":23.0,"key":"Du-Vu Doll"},{"floor":25.0,"key":"Darkstone Periapt"},{"floor":25.0,"key":"Gambling Chip"},{"floor":26.0,"key":"War Paint"},{"floor":28.0,"key":"Smiling Mask"},{"floor":28.0,"key":"Pen Nib"},{"floor":40.0,"key":"Regal Pillow"},{"floor":40.0,"key":"Nunchaku"},{"floor":43.0,"key":"Boot"},{"floor":45.0,"key":"Eternal Feather"},{"floor":45.0,"key":"Shuriken"},{"floor":54.0,"key":"Sundial"},{"floor":54.0,"key":"Vajra"}],"event_choices":[{"cards_removed":["Strike_G"],"damage_healed":0.0,"max_hp_gain":0.0,"max_hp_loss":0.0,"gold_gain":0.0,"event_name":"The Cleric","player_choice":"Card Removal","floor":11.0,"gold_loss":50.0,"damage_taken":0.0},{"damage_healed":0.0,"max_hp_gain":0.0,"max_hp_loss":0.0,"gold_gain":0.0,"event_name":"The Woman in Blue","player_choice":"Bought 2 Potions","floor":12.0,"gold_loss":0.0,"damage_taken":0.0},{"cards_removed":["Strike_G"],"damage_healed":0.0,"max_hp_gain":0.0,"max_hp_loss":0.0,"gold_gain":0.0,"event_name":"Beggar","player_choice":"Gave Gold","floor":19.0,"gold_loss":75.0,"damage_taken":0.0},{"damage_healed":0.0,"max_hp_gain":0.0,"max_hp_loss":0.0,"gold_gain":0.0,"event_name":"Upgrade Shrine","player_choice":"Upgraded","floor":21.0,"gold_loss":0.0,"damage_taken":0.0,"cards_upgraded":["Corpse Explosion"]},{"damage_healed":19.0,"max_hp_gain":0.0,"max_hp_loss":0.0,"gold_gain":0.0,"event_name":"Winding Halls","player_choice":"Writhe","floor":37.0,"gold_loss":0.0,"damage_taken":0.0,"cards_obtained":["Writhe"]},{"damage_healed":0.0,"max_hp_gain":0.0,"max_hp_loss":0.0,"gold_gain":0.0,"event_name":"Match and Keep!","player_choice":"2 cards matched","floor":42.0,"gold_loss":0.0,"damage_taken":0.0,"cards_obtained":["Doubt","Purity"]}],"is_beta":false,"boss_relics":[{"not_picked":["Runic Pyramid","Busted Crown"],"picked":"Black Star"},{"not_picked":["Ring of the Serpent","Velvet Choker"],"picked":"Fusion Hammer"}],"items_purged_floors":[5,20,36,44,53],"is_endless":false,"potions_floor_spawned":[4,7,13,14,18,25,29,33,38,39,40],"killed_by":"The Heart","ascension_level":2}}