{"host":"qrt7o4dq2qslzw13","time":1612239405,"event":{"mods":["AchievementEnabler","BaseMod","Colored Map","Colored Powertips","Minty Spire (QoL Compilation)","Quick Restart","StSLib","SuperFastMode"],"gold_per_floor":[112,122,297,297,297,297,297,297,347,372,385,385,385,404,404,523,523,537,305,324,324,243,258,258,291,373,389,405,405,405],"floor_reached":29,"language":"ENG","playtime":581,"items_purged":["Doubt"],"score":259,"play_id":"2999fa23-939f-4146-a876-826af12ef759","local_time":"20210201231645","is_ascension_mode":true,"campfire_choices":[{"data":"Zap","floor":6.0,"key":"SMITH"},{"data":"Dualcast","floor":8.0,"key":"SMITH"},{"data":"Barrage","floor":12.0,"key":"SMITH"},{"floor":15.0,"key":"REST"},{"data":"Buffer","floor":24,"key":"SMITH"}],"circlet_count":0,"master_deck":["Strike_B","Defend_B","Defend_B","Defend_B","Defend_B","Zap+1","Dualcast+1","Decay","Recycle+1","Cold Snap","Injury","Barrage+1","Auto Shields","Static Discharge","Buffer+1","Chill+1","Thunder Strike+1","Compile Driver+1","White Noise","Double Energy","Loop","Steam Power","Stack","Genetic Algorithm","Chaos"],"relics":["Cracked Core","StoneCalendar","Golden Idol","StrikeDummy","Akabeko","Juzu Bracelet","Astrolabe","Runic Capacitor","Ice Cream","Matryoshka"],"acts_visited":["Exordium","TheCity"],"potions_floor_usage":[],"damage_taken":[{"damage":7.0,"enemies":"2 Louse","floor":1.0,"turns":3.0},{"damage":2.0,"enemies":"Small Slimes","floor":2.0,"turns":2.0},{"damage":14.0,"enemies":"Jaw Worm","floor":10.0,"turns":2.0},{"damage":0.0,"enemies":"Looter","floor":11.0,"turns":1.0},{"damage":12.0,"enemies":"Lots of Slimes","floor":14.0,"turns":4.0},{"damage":39.0,"enemies":"Hexaghost","floor":16.0,"turns":7.0},{"damage":8.0,"enemies":"Shell Parasite","floor":18.0,"turns":6.0},{"damage":34,"enemies":"Chosen","floor":20,"turns":6},{"damage":8,"enemies":"Centurion and Healer","floor":23,"turns":7},{"damage":19,"enemies":"Gremlin Leader","floor":25,"turns":7},{"damage":17,"enemies":"Sentry and Sphere","floor":27,"turns":7},{"damage":8,"enemies":"Cultist and Chosen","floor":28,"turns":7},{"damage":13,"enemies":"Snake Plant","floor":29,"turns":1}],"seed_played":"3541172581541896444","potions_obtained":[{"floor":1.0,"key":"SpeedPotion"},{"floor":11.0,"key":"EssenceOfDarkness"},{"floor":14.0,"key":"SmokeBomb"},{"floor":20,"key":"Strength Potion"}],"is_trial":false,"path_per_floor":["M","M","?","?","?","R","T","R","T","M","M","R","?","M","R","B",null,"M","$","M","?","$","M","R","E","T","M","M","M"],"character_chosen":"DEFECT","items_purchased":["Runic Capacitor","Loop"],"campfire_rested":1,"item_purchase_floors":[19,22],"current_hp_per_floor":[68,66,66,66,66,66,66,66,66,52,52,52,45,33,55,16,75,67,67,33,58,58,50,50,31,31,14,6,0,0],"gold":405,"neow_bonus":"ONE_RARE_RELIC","is_daily":false,"chose_seed":false,"campfire_upgraded":4,"win_rate":0.0,"timestamp":1612239405,"path_taken":["M","M","?","?","?","R","?","R","T","M","M","R","?","M","R","BOSS","M","$","M","?","$","M","R","E","T","M","M","M"],"items_purchased_type":["Relic","Card"],"build_version":"2020-12-22","purchased_purges":1,"victory":false,"max_hp_per_floor":[75,75,75,75,75,75,75,75,75,75,75,75,75,75,75,75,75,75,75,75,75,75,75,75,75,75,75,75,75,75],"card_choices":[{"not_picked":["Beam Cell","Rebound"],"picked":"Recycle","floor":1.0},{"not_picked":["Steam","Beam Cell"],"picked":"Cold Snap","floor":2.0},{"not_picked":["Melter","Compile Driver"],"picked":"Barrage","floor":10.0},{"not_picked":["Fusion","Scrape"],"picked":"Auto Shields","floor":11.0},{"not_picked":["Compile Driver","Streamline"],"picked":"Static Discharge","floor":14.0},{"not_picked":["Rainbow","Meteor Strike"],"picked":"Buffer","floor":16.0},{"not_picked":["Hologram+1","Cold Snap"],"picked":"White Noise","floor":18.0},{"not_picked":["Compile Driver+1","Doom and Gloom+1"],"picked":"Double Energy","floor":20},{"not_picked":["Recycle","Rebound"],"picked":"Steam Power","floor":23},{"not_picked":["Barrage","Thunder Strike"],"picked":"Stack","floor":25},{"not_picked":["Cold Snap","Leap"],"picked":"Genetic Algorithm","floor":27},{"not_picked":["Compile Driver","Steam+1"],"picked":"Chaos","floor":28}],"player_experience":615527,"relics_obtained":[{"floor":7.0,"key":"StrikeDummy"},{"floor":9.0,"key":"Akabeko"},{"floor":25,"key":"Ice Cream"},{"floor":26,"key":"Matryoshka"}],"event_choices":[{"damage_healed":0.0,"max_hp_gain":0.0,"max_hp_loss":0.0,"gold_gain":175.0,"event_name":"Liars Game","player_choice":"AGREE","floor":3.0,"gold_loss":0.0,"damage_taken":0.0,"cards_obtained":["Doubt"]},{"damage_healed":0.0,"max_hp_gain":0.0,"max_hp_loss":0.0,"gold_gain":0.0,"event_name":"Living Wall","player_choice":"Grow","floor":4.0,"gold_loss":0.0,"damage_taken":0.0,"cards_upgraded":["Recycle"]},{"damage_healed":0.0,"max_hp_gain":0.0,"max_hp_loss":0.0,"gold_gain":0.0,"event_name":"Golden Idol","player_choice":"Take Wound","floor":5.0,"gold_loss":0.0,"damage_taken":0.0,"relics_obtained":["Golden Idol"],"cards_obtained":["Injury"]},{"damage_healed":0.0,"max_hp_gain":0.0,"max_hp_loss":0.0,"gold_gain":0.0,"event_name":"Scrap Ooze","player_choice":"Success","floor":13.0,"gold_loss":0.0,"damage_taken":7.0,"relics_obtained":["Juzu Bracelet"]},{"damage_healed":25,"gold_gain":0,"player_choice":"Heal","damage_taken":0,"max_hp_gain":0,"max_hp_loss":0,"event_name":"The Library","floor":21,"gold_loss":0}],"is_beta":false,"boss_relics":[{"not_picked":["Velvet Choker","Coffee Dripper"],"picked":"Astrolabe"}],"items_purged_floors":[19],"is_endless":false,"potions_floor_spawned":[1,11,14,20,25,27],"killed_by":"Snake Plant","ascension_level":2}}