{"host":"btk6hapgokl8j5e3","time":1612279467,"event":{"mods":["Act Like it!","BaseMod","BetterRewards","Colored Powertips","Downfall","Friendly Minions","GifTheSpireLib","Hallownest","Minty Spire (QoL Compilation)","StSLib","The Animator","The Bug Knight","The Necromancer"],"gold_per_floor":[99,114,144,144,163,63,63,75,94,4,17,29,46,81,94,196,196,196,212,97,107,107,107,158,177,209,209,220,240,240,37,54,153,153,53,73,84,34,34,34,60,78,78,98,116,66,66,66,78,78],"floor_reached":51,"language":"ENG","playtime":3472,"items_purged":["bronze:Defend","bronze:Strike","bronze:Strike","bronze:Replicate","bronze:Turbo"],"score":700,"play_id":"6320e4f6-6aea-4dee-b8ef-2c413f430a02","local_time":"20210202162427","is_ascension_mode":false,"campfire_choices":[{"floor":1,"key":"RECALL"},{"data":"bronze:Boost","floor":6,"key":"SMITH"},{"data":"bronze:ItsAFeature","floor":18,"key":"SMITH"},{"data":"bronze:CutThrough","floor":23,"key":"SMITH"},{"floor":35,"key":"DIG"},{"floor":43,"key":"DIG"}],"circlet_count":0,"master_deck":["bronze:Strike","bronze:Strike","bronze:Defend","bronze:Goto","bronze:Boost+1","bronze:Turbo","bronze:MaxOutput","bronze:Flail","bronze:ItsAFeature+1","bronze:ChosenStrike","bronze:ShipIt","bronze:Assembly","bronze:CutThrough+1","bronze:BugBarrage","bronze:Repulsor","expansioncontent:QuickStudy","bronze:FindAndReplace","bronze:Turbo+1","expansioncontent:AwakenDeath+1"],"relics":["bronze:BronzeCore","Bag of Marbles","downfall:HeartBlessingRed","MealTicket","Juzu Bracelet","bronze:MakeshiftBattery","Enchiridion","Smiling Mask","Shovel","Busted Crown","downfall:HeartBlessingGreen","Pocketwatch","Frozen Egg 2","Regal Pillow","Mango"],"acts_visited":["Exordium","TheCity","TheBeyond"],"potions_floor_usage":[10,16,16,26,29,31,45],"damage_taken":[{"damage":0,"enemies":"2 Louse","floor":2,"turns":3},{"damage":0,"enemies":"Cultist","floor":5,"turns":3},{"damage":6,"enemies":"Jaw Worm","floor":8,"turns":2},{"damage":18,"enemies":"Large Slime","floor":9,"turns":5},{"damage":10,"enemies":"downfall:FleeingMerchant","floor":10,"turns":4},{"damage":5,"enemies":"Exordium Thugs","floor":11,"turns":2},{"damage":0,"enemies":"2 Fungi Beasts","floor":12,"turns":2},{"damage":0,"enemies":"Blue Slaver","floor":13,"turns":3},{"damage":14,"enemies":"Gremlin Nob","floor":14,"turns":3},{"damage":0,"enemies":"Looter","floor":15,"turns":1},{"damage":35,"enemies":"SI_SHIV_ARCHETYPE","floor":16,"turns":8},{"damage":10,"enemies":"Chosen","floor":19,"turns":3},{"damage":5,"enemies":"downfall:FleeingMerchant","floor":20,"turns":4},{"damage":8,"enemies":"Snake Plant","floor":21,"turns":2},{"damage":0,"enemies":"Cultist and Chosen","floor":25,"turns":3},{"damage":8,"enemies":"Gremlin Leader","floor":26,"turns":4},{"damage":2,"enemies":"Chosen and Byrds","floor":28,"turns":2},{"damage":0,"enemies":"Centurion and Healer","floor":29,"turns":2},{"damage":4,"enemies":"downfall:FleeingMerchant","floor":31,"turns":3},{"damage":5,"enemies":"Snecko","floor":32,"turns":3},{"damage":1,"enemies":"WA_ARCHETYPE_CALM","floor":33,"turns":3},{"damage":10,"enemies":"3 Shapes","floor":36,"turns":2},{"damage":9,"enemies":"Orb Walker","floor":37,"turns":2},{"damage":0,"enemies":"Spire Growth","floor":42,"turns":2},{"damage":24,"enemies":"Jaw Worm Horde","floor":44,"turns":3},{"damage":60,"enemies":"Transient","floor":45,"turns":5},{"damage":25,"enemies":"Maw","floor":49,"turns":4},{"damage":23,"enemies":"DF_ARCHETYPE_ORBS","floor":50,"turns":4}],"seed_played":"4553830348611513314","potions_obtained":[{"floor":8,"key":"GamblersBrew"},{"floor":9,"key":"PowerPotion"},{"floor":12,"key":"SteroidPotion"},{"floor":15,"key":"bronze:CleanCodePotion"},{"floor":19,"key":"ColorlessPotion"},{"floor":25,"key":"bronze:FreeFunctionsPotion"},{"floor":28,"key":"GamblersBrew"},{"floor":32,"key":"PowerPotion"},{"floor":36,"key":"FearPotion"}],"is_trial":false,"path_per_floor":["R","M","?","?","M","R","T","M","M","$","M","M","M","E","M","B",null,"R","M","$","M","?","R","T","M","E","?","M","M","?","$","M","B",null,"R","M","M","$","?","T","T","M","R","M","M","$","?","?","M","B",null],"character_chosen":"THE_AUTOMATON","items_purchased":["Shovel","expansioncontent:QuickStudy"],"campfire_rested":0,"item_purchase_floors":[31,31],"current_hp_per_floor":[77,77,77,77,77,77,77,71,53,58,53,53,53,39,39,4,77,77,67,72,64,48,48,48,48,40,40,38,38,38,49,44,43,77,77,67,58,73,73,73,73,73,87,63,3,18,18,18,50,27],"gold":78,"neow_bonus":"TEN_PERCENT_HP_BONUS","is_daily":false,"chose_seed":false,"campfire_upgraded":3,"win_rate":0.0,"timestamp":1612279467,"path_taken":["R","M","?","?","M","R","T","?","M","$","?","M","M","E","M","BOSS","R","M","$","M","?","R","T","M","E","?","M","M","?","$","M","BOSS","R","M","M","$","?","?","T","M","R","M","M","$","?","?","M","BOSS"],"items_purchased_type":["Relic","Card"],"build_version":"2020-12-22","purchased_purges":5,"victory":true,"max_hp_per_floor":[77,77,77,77,77,77,77,77,77,77,77,77,77,77,77,77,77,77,77,77,77,77,77,77,77,77,77,77,77,77,77,77,77,77,77,77,77,77,77,77,77,77,91,91,91,91,91,91,91,91],"card_choices":[{"not_picked":["bronze:Shield","bronze:BronzeArmor"],"picked":"bronze:Boost","floor":2},{"not_picked":["bronze:Overheat","bronze:BugBarrage"],"picked":"bronze:Turbo","floor":5},{"not_picked":["bronze:FineTuning","bronze:BitShift"],"picked":"bronze:MaxOutput","floor":8},{"not_picked":["bronze:Turbo","bronze:BitShift"],"picked":"bronze:Flail","floor":9},{"not_picked":["bronze:WhirlingStrike","bronze:BuggyMess"],"picked":"bronze:ItsAFeature","floor":10},{"not_picked":["bronze:Overload","bronze:CutThrough","bronze:BuggyMess"],"picked":"SKIP","floor":11},{"not_picked":["bronze:Iterate","bronze:DigitalCarnage","bronze:Branch"],"picked":"SKIP","floor":12},{"not_picked":["bronze:Turbo","bronze:Repulsor"],"picked":"bronze:ChosenStrike","floor":13},{"not_picked":["bronze:Overload","bronze:Boost"],"picked":"bronze:ShipIt","floor":14},{"not_picked":["bronze:ChildClass","bronze:Optimize","bronze:Frontload"],"picked":"SKIP","floor":15},{"not_picked":["bronze:HyperBeam","bronze:ThunderWave"],"picked":"bronze:Assembly","floor":16},{"not_picked":["bronze:OilSpill","bronze:ChildClass","bronze:Shield"],"picked":"SKIP","floor":19},{"not_picked":["bronze:DelayedGuard","bronze:Break","bronze:FineTuning"],"picked":"SKIP","floor":20},{"not_picked":["bronze:FineTuning+1","bronze:Shield+1"],"picked":"bronze:CutThrough","floor":21},{"not_picked":["bronze:Branch","bronze:Deprecate"],"picked":"bronze:Turbo","floor":25},{"not_picked":["bronze:CutThrough+1","bronze:Shield"],"picked":"bronze:BugBarrage","floor":26},{"not_picked":["bronze:Overheat","bronze:Optimize"],"picked":"bronze:Repulsor","floor":28},{"not_picked":["bronze:HyperBeam","bronze:Deprecate","bronze:DelayedSlice+1"],"picked":"SKIP","floor":29},{"not_picked":["bronze:BronzeArmor+1","bronze:DelayedSlice+1","bronze:Overheat+1"],"picked":"SKIP","floor":31},{"not_picked":["bronze:Invalidate+1","bronze:Safeguard","bronze:Shield"],"picked":"SKIP","floor":32},{"not_picked":["bronze:RecursiveStrike","bronze:ShipIt"],"picked":"bronze:FindAndReplace","floor":33},{"not_picked":[],"picked":"bronze:Turbo+1","floor":36},{"not_picked":["bronze:Iterate+1"],"picked":"SKIP","floor":37},{"not_picked":["bronze:Shield+1"],"picked":"SKIP","floor":42},{"not_picked":["bronze:DelayedGuard+1"],"picked":"SKIP","floor":44},{"not_picked":["bronze:Shield"],"picked":"SKIP","floor":45},{"not_picked":["expansioncontent:LastStand","expansioncontent:Hexaburn"],"picked":"expansioncontent:AwakenDeath","floor":48},{"not_picked":["bronze:DelayedSlice"],"picked":"SKIP","floor":49}],"player_experience":470177,"relics_obtained":[{"floor":7,"key":"MealTicket"},{"floor":14,"key":"Juzu Bracelet"},{"floor":22,"key":"Enchiridion"},{"floor":26,"key":"Smiling Mask"},{"floor":35,"key":"Pocketwatch"},{"floor":40,"key":"Frozen Egg 2"},{"floor":41,"key":"Regal Pillow"},{"floor":43,"key":"Mango"}],"event_choices":[{"cards_removed":["bronze:Defend"],"damage_healed":0,"gold_gain":0,"player_choice":"Offered Basic","damage_taken":0,"max_hp_gain":0,"max_hp_loss":0,"event_name":"Bonfire Elementals","floor":4,"gold_loss":0},{"cards_removed":["bronze:Defend"],"damage_healed":0,"gold_gain":0,"player_choice":"Removed Skill","damage_taken":0,"max_hp_gain":0,"max_hp_loss":0,"event_name":"Falling","floor":47,"gold_loss":0}],"is_beta":false,"boss_relics":[{"not_picked":["Tiny House","Runic Pyramid"],"picked":"bronze:MakeshiftBattery"},{"not_picked":["Calling Bell","SacredBark"],"picked":"Busted Crown"}],"items_purged_floors":[10,20,31,38,46],"is_endless":false,"potions_floor_spawned":[8,9,12,15,19,25,28,32,36,42],"ascension_level":0}}