{"host":"g2yp6paluzgljz05","time":1612261845,"event":{"mods":["BaseMod","Bestiary","Colored Powertips","DeckTracker","Highlight Path","Minty Spire (QoL Compilation)","Quick Restart"],"gold_per_floor":[114,126,126,201,201,233,233,267,267,267,267,281,47,62,62,163,163,150,150,7,21,21,21,40,40,40,67,79,148,148,51,51,148,148,165,165,165],"floor_reached":36,"language":"ENG","playtime":1966,"items_purged":["Strike_R","Writhe"],"score":578,"play_id":"512d46f8-fad2-488c-9187-f141b50d7249","local_time":"20210202213045","is_ascension_mode":true,"campfire_choices":[{"floor":11,"key":"REST"},{"floor":15,"key":"REST"},{"floor":23,"key":"REST"},{"floor":25,"key":"REST"},{"floor":30,"key":"REST"},{"data":"Purity","floor":32,"key":"SMITH"}],"circlet_count":0,"master_deck":["Strike_R+1","Strike_R","Strike_R","Defend_R","Defend_R+1","Defend_R","Defend_R","Bash","Shrug It Off","Rampage","Whirlwind","Shrug It Off","Reaper","Demon Form","Demon Form","Flame Barrier+1","Purity+1","Impervious"],"relics":["Burning Blood","NeowsBlessing","Tiny Chest","Pantograph","Singing Bowl","Bottled Lightning","Kunai","SlaversCollar","Orichalcum","Membership Card","Toy Ornithopter","Smiling Mask","Frozen Egg 2","Sozu"],"acts_visited":["Exordium","TheCity","TheBeyond"],"potions_floor_usage":[8,28,28,33],"damage_taken":[{"damage":0,"enemies":"Small Slimes","floor":1,"turns":1},{"damage":0,"enemies":"2 Louse","floor":2,"turns":1},{"damage":0,"enemies":"Lagavulin","floor":6,"turns":1},{"damage":30,"enemies":"3 Sentries","floor":8,"turns":5},{"damage":6,"enemies":"Cultist","floor":12,"turns":3},{"damage":4,"enemies":"Red Slaver","floor":14,"turns":4},{"damage":56,"enemies":"The Guardian","floor":16,"turns":11},{"damage":42,"enemies":"2 Thieves","floor":18,"turns":4},{"damage":28,"enemies":"Shell Parasite","floor":21,"turns":8},{"damage":69,"enemies":"Sentry and Sphere","floor":24,"turns":9},{"damage":71,"enemies":"Gremlin Leader","floor":27,"turns":6},{"damage":15,"enemies":"Snake Plant","floor":28,"turns":7},{"damage":85,"enemies":"Automaton","floor":33,"turns":11},{"damage":69,"enemies":"Orb Walker","floor":35,"turns":7},{"damage":14,"enemies":"3 Darklings","floor":36,"turns":4}],"seed_played":"571669982666753099","potions_obtained":[{"floor":1,"key":"Fire Potion"},{"floor":8,"key":"EssenceOfSteel"},{"floor":21,"key":"BlessingOfTheForge"},{"floor":24,"key":"GamblersBrew"},{"floor":28,"key":"SteroidPotion"}],"is_trial":false,"path_per_floor":["M","M","?","?","?","E","?","E","T","T","R","M","$","M","R","B",null,"M","?","$","M","?","R","M","R","T","E","M","T","R","$","R","B",null,"M","M"],"character_chosen":"IRONCLAD","items_purchased":["Reaper","Membership Card","Purity"],"campfire_rested":5,"item_purchase_floors":[13,20,31],"current_hp_per_floor":[78,80,62,51,35,41,41,19,19,19,43,43,43,45,69,40,72,50,50,50,42,42,67,18,44,44,14,25,25,52,52,52,19,72,11,0,0],"gold":165,"neow_bonus":"THREE_ENEMY_KILL","is_daily":false,"chose_seed":false,"campfire_upgraded":1,"win_rate":0.0,"timestamp":1612261845,"path_taken":["M","M","?","?","?","E","?","E","T","?","R","M","$","?","R","BOSS","M","?","$","M","?","R","M","R","T","E","M","?","R","$","R","BOSS","M","M"],"items_purchased_type":["Card","Relic","Card"],"build_version":"2020-12-22","purchased_purges":2,"victory":false,"max_hp_per_floor":[80,80,80,80,80,80,80,82,82,82,82,82,82,82,82,82,82,84,84,84,86,86,86,88,88,88,88,90,90,90,90,90,90,90,92,92,92],"card_choices":[{"not_picked":["Dropkick","Iron Wave"],"picked":"Shrug It Off","floor":1},{"not_picked":["Disarm","Cleave"],"picked":"Rampage","floor":2},{"not_picked":["Metallicize","Cleave"],"picked":"Whirlwind","floor":6},{"not_picked":["Combust","Feel No Pain","Iron Wave"],"picked":"Singing Bowl","floor":8},{"not_picked":["Flame Barrier","Heavy Blade"],"picked":"Shrug It Off","floor":12},{"not_picked":["Thunderclap","Battle Trance"],"picked":"Demon Form","floor":14},{"not_picked":["Exhume","Barricade"],"picked":"Demon Form","floor":16},{"not_picked":["True Grit","Cleave+1","Armaments"],"picked":"Singing Bowl","floor":18},{"not_picked":["Wild Strike+1","Sentinel","Shrug It Off"],"picked":"Singing Bowl","floor":21},{"not_picked":["Shrug It Off","Perfected Strike","Warcry"],"picked":"Singing Bowl","floor":24},{"not_picked":["Seeing Red","Feel No Pain"],"picked":"Flame Barrier+1","floor":27},{"not_picked":["Flex","Rage","Iron Wave"],"picked":"Singing Bowl","floor":28},{"not_picked":["Feed","Brutality+1"],"picked":"Impervious","floor":33},{"not_picked":["Sentinel+1","Wild Strike","Whirlwind+1"],"picked":"Singing Bowl","floor":35}],"player_experience":304169,"relics_obtained":[{"floor":6,"key":"Pantograph"},{"floor":8,"key":"Singing Bowl"},{"floor":9,"key":"Bottled Lightning"},{"floor":10,"key":"Kunai"},{"floor":26,"key":"Toy Ornithopter"},{"floor":27,"key":"Smiling Mask"},{"floor":29,"key":"Frozen Egg 2"}],"event_choices":[{"damage_healed":0,"gold_gain":0,"player_choice":"Success","damage_taken":18,"relics_obtained":["Tiny Chest"],"max_hp_gain":0,"max_hp_loss":0,"event_name":"Scrap Ooze","floor":3,"gold_loss":0},{"damage_healed":0,"gold_gain":75,"player_choice":"Gather Gold","damage_taken":11,"max_hp_gain":0,"max_hp_loss":0,"event_name":"World of Goop","floor":4,"gold_loss":0},{"damage_healed":0,"gold_gain":0,"player_choice":"Entered Light","damage_taken":16,"max_hp_gain":0,"max_hp_loss":0,"event_name":"Shining Light","floor":5,"gold_loss":0,"cards_upgraded":["Defend_R","Strike_R"]},{"cards_removed":["Strike_R"],"damage_healed":0,"gold_gain":0,"player_choice":"Purged","damage_taken":0,"max_hp_gain":0,"max_hp_loss":0,"event_name":"Purifier","floor":7,"gold_loss":0},{"damage_healed":0,"gold_gain":0,"player_choice":"Opened","damage_taken":0,"relics_obtained":["Orichalcum"],"max_hp_gain":0,"max_hp_loss":0,"event_name":"The Mausoleum","floor":19,"gold_loss":0,"cards_obtained":["Writhe"]},{"damage_healed":0,"gold_gain":0,"player_choice":"Ignored","damage_taken":0,"max_hp_gain":0,"max_hp_loss":0,"event_name":"Ghosts","floor":22,"gold_loss":0}],"is_beta":false,"boss_relics":[{"not_picked":["Black Blood","Cursed Key"],"picked":"SlaversCollar"},{"not_picked":["Black Star","Calling Bell"],"picked":"Sozu"}],"items_purged_floors":[13,31],"is_endless":false,"potions_floor_spawned":[1,8,21,24,28,35],"killed_by":"3 Darklings","ascension_level":8}}