{"host":"jpcy2bclvs7juczu","time":1612251811,"event":{"mods":["Alarm Clock","BaseMod","Bestiary","Block Reminder","Colored Map","Colored Powertips","Curses Come First","Dark Map","Filter the Spire","Minty Spire (QoL Compilation)","Quick Restart","RNG Fix","Random Character Button","Relic Stats","Slay the Relics Exporter","Smile Girya","StSLib","everything is the same but u backflip on backflip","ojb\u0027s Better Paths Mod","ojb\u0027s Info Mod","slay the spire mod where everything is the same but ironclad has a cowboy hat"],"gold_per_floor":[112,128,138,2,19,45,45,78,157,157,41,41,53,70,70,147,147,165,165,165,179,197,232,243,243,267,287,19,19,38,63,63,137,137,153,48,48,61,61,92,92,105,129,187,187,216,248,279,291,303,315,327,339,30,55,55],"floor_reached":57,"language":"ENG","playtime":4135,"items_purged":["Strike_B","Zap","Parasite"],"score":3003,"play_id":"5b725351-a463-4dc8-b164-735b59ae145f","local_time":"20210202024331","is_ascension_mode":true,"campfire_choices":[{"data":"Defragment","floor":7.0,"key":"SMITH"},{"data":"Sunder","floor":12.0,"key":"SMITH"},{"floor":15.0,"key":"REST"},{"floor":25.0,"key":"REST"},{"floor":29.0,"key":"REST"},{"data":"Aggregate","floor":32.0,"key":"SMITH"},{"floor":41.0,"key":"REST"},{"floor":45.0,"key":"RECALL"},{"floor":49.0,"key":"REST"},{"data":"Aggregate","floor":53,"key":"SMITH"}],"circlet_count":0,"master_deck":["AscendersBane","Defend_B","Defend_B","Defend_B","Defend_B","Dualcast","Defragment+1","Ball Lightning","Barrage","Reinforced Body","Ball Lightning","Doom and Gloom","Cold Snap","Sunder+1","Compile Driver","Fusion","Meteor Strike","Barrage+1","Self Repair+1","Echo Form+1","Capacitor","Compile Driver","Aggregate+1","Stack+1","Leap","Compile Driver","Hologram+1","Coolheaded+1","White Noise","Core Surge","Stack","Sunder+1","Creative AI","Apotheosis","Dark Shackles","Barrage","Scrape","Aggregate+1","Compile Driver+1","Echo Form+1","Thunder Strike","Aggregate"],"relics":["Snecko Eye","Incense Burner","Pen Nib","Question Card","Astrolabe","Sundial","Vajra","Inserter","Anchor","Potion Belt","Membership Card","PreservedInsect","MawBank","FossilizedHelix","DollysMirror","Pear","Cables"],"acts_visited":["TheCity","TheBeyond","TheEnding"],"potions_floor_usage":[51,55,56,56,56,56],"damage_taken":[{"damage":7.0,"enemies":"Cultist","floor":1.0,"turns":4.0},{"damage":14.0,"enemies":"Small Slimes","floor":2.0,"turns":3.0},{"damage":7.0,"enemies":"Jaw Worm","floor":3.0,"turns":3.0},{"damage":1.0,"enemies":"2 Fungi Beasts","floor":5.0,"turns":3.0},{"damage":15.0,"enemies":"3 Sentries","floor":6.0,"turns":3.0},{"damage":36.0,"enemies":"Gremlin Nob","floor":8.0,"turns":4.0},{"damage":10.0,"enemies":"Exordium Wildlife","floor":13.0,"turns":4.0},{"damage":8.0,"enemies":"Exordium Thugs","floor":14.0,"turns":6.0},{"damage":0.0,"enemies":"Slime Boss","floor":16.0,"turns":8.0},{"damage":0.0,"enemies":"Shell Parasite","floor":18.0,"turns":1.0},{"damage":11.0,"enemies":"Spheric Guardian","floor":21.0,"turns":3.0},{"damage":16.0,"enemies":"Centurion and Healer","floor":22.0,"turns":4.0},{"damage":54.0,"enemies":"Slavers","floor":23.0,"turns":3.0},{"damage":14.0,"enemies":"Snake Plant","floor":24.0,"turns":2.0},{"damage":18.0,"enemies":"Shelled Parasite and Fungi","floor":27.0,"turns":5.0},{"damage":5.0,"enemies":"Sentry and Sphere","floor":30.0,"turns":6.0},{"damage":0.0,"enemies":"Gremlin Leader","floor":31.0,"turns":6.0},{"damage":0.0,"enemies":"Collector","floor":33.0,"turns":6.0},{"damage":5.0,"enemies":"3 Shapes","floor":35.0,"turns":6.0},{"damage":4.0,"enemies":"3 Darklings","floor":38.0,"turns":7.0},{"damage":54.0,"enemies":"Giant Head","floor":40.0,"turns":7.0},{"damage":0.0,"enemies":"Transient","floor":42.0,"turns":6.0},{"damage":26.0,"enemies":"Reptomancer","floor":46.0,"turns":4.0},{"damage":28.0,"enemies":"Writhing Mass","floor":47.0,"turns":5.0},{"damage":19.0,"enemies":"Sphere and 2 Shapes","floor":48.0,"turns":7.0},{"damage":12.0,"enemies":"Donu and Deca","floor":50.0,"turns":8.0},{"damage":38,"enemies":"Awakened One","floor":51,"turns":10},{"damage":0,"enemies":"Shield and Spear","floor":55,"turns":6},{"damage":53,"enemies":"The Heart","floor":56,"turns":7}],"seed_played":"7224360711860314109","potions_obtained":[{"floor":3.0,"key":"Fire Potion"},{"floor":6.0,"key":"FairyPotion"},{"floor":10.0,"key":"Fire Potion"},{"floor":16.0,"key":"SkillPotion"},{"floor":18.0,"key":"Fruit Juice"},{"floor":24.0,"key":"FearPotion"},{"floor":27.0,"key":"Weak Potion"},{"floor":30.0,"key":"Swift Potion"},{"floor":38.0,"key":"GamblersBrew"},{"floor":42.0,"key":"FocusPotion"},{"floor":48.0,"key":"Energy Potion"},{"floor":55,"key":"Block Potion"}],"is_trial":false,"path_per_floor":["M","M","M","$","M","E","R","E","T","?","$","R","M","M","R","B",null,"M","?","?","M","M","E","M","R","T","M","$","R","M","E","R","B",null,"M","$","?","M","?","E","R","M","T","$","R","E","M","M","R","B","B",null,"R","$","E","B",null],"character_chosen":"DEFECT","items_purchased":["Reinforced Body","ColorlessPotion","Sunder","Energy Potion","Compile Driver","Hologram","FocusPotion","Stack","Membership Card","PreservedInsect","Apotheosis","Dark Shackles","Barrage","Scrape","Swift Potion","ColorlessPotion","FossilizedHelix","DollysMirror","Pear","Thunder Strike","AttackPotion"],"campfire_rested":5,"item_purchase_floors":[4,4,11,28,28,28,36,36,44,44,44,44,44,44,54,54,54,54,54,54,54],"current_hp_per_floor":[57,43,36,36,35,20,20,21,21,21,21,21,11,3,24,24,59,59,59,59,48,42,29,15,42,42,34,34,56,71,76,76,76,76,76,76,72,72,72,28,49,69,69,69,69,63,35,36,57,55,27,61,61,71,79,26],"gold":55,"neow_bonus":"BOSS_RELIC","is_daily":false,"chose_seed":false,"campfire_upgraded":4,"win_rate":0.0,"timestamp":1612251811,"path_taken":["M","M","?","$","M","E","R","E","T","?","$","R","M","M","R","BOSS","M","?","?","M","M","E","M","R","T","M","$","R","M","E","R","BOSS","M","$","?","?","?","E","R","M","T","$","R","E","?","M","R","BOSS","BOSS","R","$","E","BOSS"],"items_purchased_type":["Card","Potion","Card","Potion","Card","Card","Potion","Card","Relic","Relic","Card","Card","Card","Card","Potion","Potion","Relic","Relic","Relic","Card","Potion"],"build_version":"2020-12-22","purchased_purges":3,"victory":true,"max_hp_per_floor":[71,71,71,71,71,71,71,71,71,71,71,71,71,71,71,71,71,71,71,71,71,71,71,71,76,76,76,76,76,76,76,76,76,76,76,76,72,72,72,72,72,72,72,72,72,72,72,72,72,72,72,72,72,79,79,79],"relic_stats":{"Inserter":[35],"counters":[29,147],"Sundial":[16],"Astrolabe":["Barrage","Self Repair","Echo Form"],"Snecko Eye":[299,318,267,283],"Pen Nib":[30],"PreservedInsect":138,"Question Card":20,"MawBank":96,"obtain_stats":[{"Potion Belt":43,"Inserter":34,"Pear":54,"Astrolabe":17,"Vajra":31,"Pen Nib":8,"PreservedInsect":44,"Incense Burner":6,"Question Card":9,"MawBank":46,"Cables":55,"Anchor":40,"Sundial":23,"DollysMirror":54,"Snecko Eye":0,"Membership Card":44,"Cracked Core":0,"FossilizedHelix":54},{"Potion Belt":22,"Inserter":18,"Pear":27,"Astrolabe":9,"Vajra":17,"Pen Nib":6,"PreservedInsect":22,"Incense Burner":5,"Question Card":6,"MawBank":23,"Cables":28,"Anchor":21,"Sundial":13,"DollysMirror":27,"Snecko Eye":0,"Membership Card":22,"Cracked Core":0,"FossilizedHelix":27},{"Potion Belt":100,"Inserter":74,"Pear":134,"Astrolabe":38,"Vajra":68,"Pen Nib":20,"PreservedInsect":100,"Incense Burner":16,"Question Card":20,"MawBank":104,"Cables":140,"Anchor":94,"Sundial":49,"DollysMirror":134,"Snecko Eye":0,"Membership Card":100,"Cracked Core":0,"FossilizedHelix":134}],"Cables":[7,1,2,0,4]},"card_choices":[{"not_picked":["Leap","Go for the Eyes"],"picked":"Defragment","floor":1.0},{"not_picked":["Darkness","Cold Snap"],"picked":"Ball Lightning","floor":2.0},{"not_picked":["Stack","Darkness"],"picked":"Barrage","floor":3.0},{"not_picked":["Melter","Turbo"],"picked":"Ball Lightning","floor":5.0},{"not_picked":["Double Energy","Redo"],"picked":"Doom and Gloom","floor":6.0},{"not_picked":["Sweeping Beam","Coolheaded"],"picked":"Cold Snap","floor":8.0},{"not_picked":["Scrape","Melter","Capacitor"],"picked":"Compile Driver","floor":13.0},{"not_picked":["Thunder Strike","Gash","Chill"],"picked":"Fusion","floor":14.0},{"not_picked":["Biased Cognition","Multi-Cast","Hyperbeam"],"picked":"Meteor Strike","floor":16.0},{"not_picked":["Darkness","Beam Cell","Rip and Tear"],"picked":"Capacitor","floor":18.0},{"not_picked":["Redo","Cold Snap+1","Barrage"],"picked":"Compile Driver","floor":21.0},{"not_picked":["Hello World","Leap","Fusion"],"picked":"Aggregate","floor":22.0},{"not_picked":["Streamline","Hologram","Conserve Battery"],"picked":"Stack+1","floor":23.0},{"not_picked":["Steam","Gash","Rebound"],"picked":"Leap","floor":24.0},{"not_picked":["Rip and Tear","Barrage","Multi-Cast","Cold Snap"],"picked":"SKIP","floor":27.0},{"not_picked":["Beam Cell","Static Discharge","Rip and Tear"],"picked":"Coolheaded+1","floor":30.0},{"not_picked":["Force Field","Leap","Genetic Algorithm+1"],"picked":"White Noise","floor":31.0},{"not_picked":["Machine Learning","Fission","Biased Cognition"],"picked":"Core Surge","floor":33.0},{"not_picked":["Cold Snap","Conserve Battery","Blizzard","Go for the Eyes+1"],"picked":"SKIP","floor":35.0},{"not_picked":["Gash","Leap","FTL+1","Rip and Tear"],"picked":"SKIP","floor":38.0},{"not_picked":["Chill+1","Ball Lightning","Genetic Algorithm+1"],"picked":"Sunder+1","floor":40.0},{"not_picked":["Gash+1","Conserve Battery","Rip and Tear+1"],"picked":"Creative AI","floor":42.0},{"not_picked":["Cold Snap","Sweeping Beam+1","Auto Shields"],"picked":"Aggregate","floor":46.0},{"not_picked":["Melter+1","Ball Lightning","Rebound","Sweeping Beam"],"picked":"SKIP","floor":47.0},{"not_picked":["Stack","Ball Lightning","Steam"],"picked":"Compile Driver+1","floor":48.0},{"not_picked":["Thunder Strike","Barrage","Auto Shields"],"picked":"Aggregate","floor":55}],"player_experience":1547342,"relics_obtained":[{"floor":6.0,"key":"Incense Burner"},{"floor":8.0,"key":"Pen Nib"},{"floor":9.0,"key":"Question Card"},{"floor":23.0,"key":"Sundial"},{"floor":31.0,"key":"Vajra"},{"floor":40.0,"key":"Anchor"},{"floor":43.0,"key":"Potion Belt"},{"floor":46.0,"key":"MawBank"},{"floor":55,"key":"Cables"}],"event_choices":[{"damage_healed":0.0,"max_hp_gain":0.0,"max_hp_loss":0.0,"gold_gain":0.0,"event_name":"Lab","player_choice":"Got Potions","floor":10.0,"gold_loss":0.0,"damage_taken":0.0},{"damage_healed":0.0,"max_hp_gain":0.0,"max_hp_loss":0.0,"gold_gain":0.0,"event_name":"Ghosts","player_choice":"Ignored","floor":19.0,"gold_loss":0.0,"damage_taken":0.0},{"damage_healed":0.0,"max_hp_gain":0.0,"max_hp_loss":0.0,"gold_gain":0.0,"event_name":"The Mausoleum","player_choice":"Ignored","floor":20.0,"gold_loss":0.0,"damage_taken":0.0},{"damage_healed":0.0,"max_hp_gain":0.0,"max_hp_loss":4.0,"gold_gain":0.0,"event_name":"Winding Halls","player_choice":"Max HP","floor":37.0,"gold_loss":0.0,"damage_taken":0.0},{"damage_healed":0.0,"max_hp_gain":0.0,"max_hp_loss":0.0,"gold_gain":0.0,"event_name":"Upgrade Shrine","player_choice":"Upgraded","floor":39.0,"gold_loss":0.0,"damage_taken":0.0,"cards_upgraded":["Hologram"]}],"is_beta":false,"boss_relics":[{"not_picked":["Runic Dome","Pandora\u0027s Box"],"picked":"Astrolabe"},{"not_picked":["Calling Bell","Empty Cage"],"picked":"Inserter"}],"items_purged_floors":[11,28,54],"is_endless":false,"potions_floor_spawned":[3,6,13,14,16,18,21,24,27,30,38,42,48,55],"ascension_level":20}}