{"host":"rq7gz685gkaokql0","time":1612300359,"event":{"mods":["BaseMod","Hubris","Infinite Spire","Minty Spire (QoL Compilation)","Replay The Spire","StSLib"],"gold_per_floor":[111,111,111,123,139,139,150,150,150,150,35,35,35,80,80],"floor_reached":14,"language":"ENG","playtime":230,"items_purged":["Regret"],"score":156,"play_id":"7e578a1b-7d9a-493d-8231-94b8c9a5e2ec","local_time":"20210202111239","is_ascension_mode":true,"campfire_choices":[{"data":"Barricade","floor":6,"key":"SMITH"},{"data":"Bash","floor":8,"key":"SMITH"},{"data":"Armaments","floor":12,"key":"SMITH"}],"circlet_count":0,"master_deck":["AscendersBane","Strike_R","Strike_R","Strike_R","Strike_R","Strike_R","Defend_R","Defend_R","Defend_R","Defend_R","Bash+1","Power Through","Decay","Cleave","Barricade+1","Warcry","Disarm","Armaments+1","Armaments","Amnesia"],"relics":["Burning Blood","NeowsBlessing","hubris:CrystalStatue","Bottled Flame","Ring of Searing","ReplayTheSpireMod:Ring of Challenge"],"acts_visited":["Exordium"],"potions_floor_usage":[14,14],"damage_taken":[{"damage":0,"enemies":"Jaw Worm","floor":1,"turns":1},{"damage":0,"enemies":"Small Slimes","floor":4,"turns":1},{"damage":0,"enemies":"Cultist","floor":5,"turns":1},{"damage":21,"enemies":"Blue Slaver","floor":7,"turns":4},{"damage":62,"enemies":"Gremlin Nob","floor":14,"turns":5}],"seed_played":"-4646051552278919170","potions_obtained":[{"floor":1,"key":"Fruit Juice"},{"floor":4,"key":"PowerPotion"}],"is_trial":false,"path_per_floor":["M","?","?","M","M","R","M","R","T","?","$","R","?","E"],"character_chosen":"IRONCLAD","items_purchased":["Armaments"],"campfire_rested":0,"item_purchase_floors":[11],"current_hp_per_floor":[74,74,74,75,75,75,60,60,60,60,60,60,60,3,3],"gold":80,"neow_bonus":"THREE_ENEMY_KILL","is_daily":false,"chose_seed":false,"campfire_upgraded":3,"win_rate":0.0,"timestamp":1612300359,"path_taken":["M","?","?","?","M","R","M","R","T","?","$","R","?","E"],"items_purchased_type":["Card"],"build_version":"2020-12-22","purchased_purges":1,"victory":false,"max_hp_per_floor":[75,75,75,75,75,75,75,75,75,75,75,75,75,80,80],"card_choices":[{"not_picked":["Warcry","hubris:ReadiedAction"],"picked":"Power Through","floor":1},{"not_picked":["Clothesline","Twin Strike"],"picked":"Cleave","floor":4},{"not_picked":["Wild Strike","Clash"],"picked":"Barricade","floor":5},{"not_picked":["Sever Soul","Anger"],"picked":"Warcry","floor":7}],"player_experience":1236809,"relics_obtained":[{"floor":9,"key":"Bottled Flame"},{"floor":13,"key":"Ring of Searing"},{"floor":13,"key":"ReplayTheSpireMod:Ring of Challenge"}],"event_choices":[{"damage_healed":0,"gold_gain":0,"player_choice":"Box","damage_taken":0,"relics_obtained":["hubris:CrystalStatue"],"max_hp_gain":0,"max_hp_loss":0,"event_name":"Big Fish","floor":2,"gold_loss":0,"cards_obtained":["Regret"]},{"damage_healed":0,"gold_gain":0,"player_choice":"Cursed","damage_taken":0,"max_hp_gain":0,"max_hp_loss":0,"event_name":"Wheel of Change","floor":3,"gold_loss":0,"cards_obtained":["Decay"]}],"is_beta":false,"boss_relics":[],"items_purged_floors":[11],"is_endless":false,"potions_floor_spawned":[1,4],"killed_by":"Gremlin Nob","ascension_level":20}}