{"host":"facnppb4175fcpe2","time":1612260050,"event":{"mods":["AchievementEnabler","BaseMod","Colored Map","Colored Powertips","Highlight Path","Minty Spire (QoL Compilation)","Quick Restart","Rare Cards Sparkle","Relic Stats","StSLib","SuperFastMode"],"gold_per_floor":[109,123,298,298,9,42,56,85,135,60,77,87,87,107,107,107,107],"floor_reached":16,"language":"ZHS","playtime":355,"items_purged":["Strike_B"],"score":112,"play_id":"4428379f-c836-43fe-a233-d85be2a0c4e1","local_time":"20210202180050","is_ascension_mode":false,"campfire_choices":[{"data":"Electrodynamics","floor":13.0,"key":"SMITH"},{"data":"Tempest","floor":15.0,"key":"SMITH"}],"circlet_count":0,"master_deck":["Strike_B","Strike_B","Strike_B","Defend_B","Defend_B","Defend_B","Defend_B","Zap","Dualcast","Electrodynamics+1","Tempest+1","Ball Lightning"],"relics":["Cracked Core","Lantern","White Beast Statue","Vajra"],"acts_visited":["Exordium"],"potions_floor_usage":[16,16],"damage_taken":[{"damage":0.0,"enemies":"Cultist","floor":1.0,"turns":4.0},{"damage":0.0,"enemies":"2 Louse","floor":2.0,"turns":3.0},{"damage":35.0,"enemies":"Gremlin Nob","floor":6.0,"turns":4.0},{"damage":0.0,"enemies":"Jaw Worm","floor":7.0,"turns":3.0},{"damage":29.0,"enemies":"Lagavulin","floor":8.0,"turns":8.0},{"damage":0.0,"enemies":"Lots of Slimes","floor":11.0,"turns":1.0},{"damage":3.0,"enemies":"Gremlin Gang","floor":12.0,"turns":2.0},{"damage":6.0,"enemies":"Exordium Wildlife","floor":14.0,"turns":2.0},{"damage":8,"enemies":"The Guardian","floor":16,"turns":6}],"seed_played":"-1446075313464282128","potions_obtained":[{"floor":2.0,"key":"Fruit Juice"},{"floor":6.0,"key":"Ancient Potion"},{"floor":7.0,"key":"Block Potion"},{"floor":8.0,"key":"Dexterity Potion"},{"floor":11.0,"key":"SteroidPotion"},{"floor":12.0,"key":"PowerPotion"},{"floor":14.0,"key":"Explosive Potion"}],"is_trial":false,"path_per_floor":["M","M","?","?","$","E","M","E","T","$","M","M","R","M","R","B"],"character_chosen":"DEFECT","items_purchased":["Electrodynamics","Lantern"],"campfire_rested":0,"item_purchase_floors":[5,5],"current_hp_per_floor":[82,87,87,87,87,52,52,23,23,23,23,20,20,14,14,6,6],"gold":107,"neow_bonus":"TEN_PERCENT_HP_BONUS","is_daily":false,"chose_seed":false,"campfire_upgraded":2,"win_rate":0.0,"timestamp":1612260050,"path_taken":["M","M","?","?","?","E","?","E","T","$","M","M","R","M","R","BOSS"],"items_purchased_type":["Card","Relic"],"build_version":"2020-12-22","purchased_purges":1,"victory":false,"max_hp_per_floor":[82,87,87,87,87,87,87,87,87,87,87,87,87,87,87,87,87],"relic_stats":{"counters":[9,33],"obtain_stats":[{"Lantern":5,"Vajra":8,"Cracked Core":0,"White Beast Statue":6},{"Lantern":2,"Vajra":5,"Cracked Core":0,"White Beast Statue":3},{"Lantern":7,"Vajra":22,"Cracked Core":0,"White Beast Statue":11}]},"card_choices":[{"not_picked":["Steam","Redo","Compile Driver"],"picked":"SKIP","floor":1.0},{"not_picked":["Reinforced Body","Streamline","Compile Driver"],"picked":"SKIP","floor":2.0},{"not_picked":["Reprogram","Aggregate","Sweeping Beam"],"picked":"SKIP","floor":6.0},{"not_picked":["Beam Cell","Rebound","Scrape"],"picked":"SKIP","floor":7.0},{"not_picked":["Stack","Go for the Eyes"],"picked":"Tempest","floor":8.0},{"not_picked":["Beam Cell","White Noise","Turbo"],"picked":"SKIP","floor":11.0},{"not_picked":["Rebound","Go for the Eyes"],"picked":"Ball Lightning","floor":12.0},{"not_picked":["Auto Shields","Stack","Compile Driver"],"picked":"SKIP","floor":14.0}],"player_experience":110226,"relics_obtained":[{"floor":6.0,"key":"White Beast Statue"},{"floor":8.0,"key":"Vajra"}],"event_choices":[{"damage_healed":0.0,"max_hp_gain":0.0,"max_hp_loss":0.0,"gold_gain":175.0,"event_name":"Liars Game","player_choice":"AGREE","floor":3.0,"gold_loss":0.0,"damage_taken":0.0,"cards_obtained":["Doubt"]},{"cards_removed":["Doubt"],"damage_healed":0.0,"max_hp_gain":0.0,"max_hp_loss":0.0,"gold_gain":0.0,"event_name":"Living Wall","player_choice":"Forget","floor":4.0,"gold_loss":0.0,"damage_taken":0.0}],"is_beta":false,"boss_relics":[],"items_purged_floors":[10],"is_endless":false,"potions_floor_spawned":[2,6,7,8,11,12,14],"killed_by":"The Guardian","ascension_level":0}}