{"host":"facnppb4175fcpe2","time":1612267398,"event":{"mods":["AchievementEnabler","BaseMod","Colored Map","Colored Powertips","Highlight Path","Minty Spire (QoL Compilation)","Quick Restart","Rare Cards Sparkle","Relic Stats","StSLib","SuperFastMode"],"gold_per_floor":[110,110,185,185,205,205,234,253,277,277,277],"floor_reached":10,"language":"ZHS","playtime":213,"items_purged":[],"score":86,"play_id":"31cce181-3a34-4c4f-804f-13e56b793b95","local_time":"20210202200318","is_ascension_mode":true,"campfire_choices":[{"floor":6.0,"key":"RECALL"}],"circlet_count":0,"master_deck":["Strike_G","Strike_G","Strike_G","Strike_G+1","Defend_G+1","Defend_G","Defend_G","Defend_G","Defend_G","Survivor","Neutralize","Footwork","Envenom"],"relics":["Ring of the Snake","Lantern","Anchor"],"acts_visited":["Exordium"],"potions_floor_usage":[],"damage_taken":[{"damage":0.0,"enemies":"2 Louse","floor":1.0,"turns":4.0},{"damage":0.0,"enemies":"Jaw Worm","floor":5.0,"turns":3.0},{"damage":16.0,"enemies":"3 Sentries","floor":7.0,"turns":15.0},{"damage":4.0,"enemies":"Cultist","floor":8.0,"turns":4.0},{"damage":13,"enemies":"Gremlin Nob","floor":10,"turns":5}],"seed_played":"687975586258330276","potions_obtained":[{"floor":5.0,"key":"Swift Potion"},{"floor":7.0,"key":"SteroidPotion"}],"is_trial":false,"path_per_floor":["M","?","?","?","M","R","E","M","T","E"],"character_chosen":"THE_SILENT","items_purchased":[],"campfire_rested":0,"item_purchase_floors":[],"current_hp_per_floor":[63,49,38,38,38,38,22,18,18,5,5],"gold":277,"neow_bonus":"RANDOM_COMMON_RELIC","is_daily":false,"chose_seed":false,"campfire_upgraded":0,"win_rate":0.0,"timestamp":1612267398,"path_taken":["M","?","?","?","M","R","E","M","T","E"],"items_purchased_type":[],"build_version":"2020-12-22","purchased_purges":0,"victory":false,"max_hp_per_floor":[70,70,70,70,70,70,70,70,70,70,70],"relic_stats":{"counters":[5,31],"obtain_stats":[{"Lantern":0,"Anchor":7,"Ring of the Snake":0},{"Lantern":0,"Anchor":3,"Ring of the Snake":0},{"Lantern":0,"Anchor":22,"Ring of the Snake":0}],"Ring of the Snake":[10]},"card_choices":[{"not_picked":["Sucker Punch","Acrobatics","Riddle With Holes"],"picked":"SKIP","floor":1.0},{"not_picked":["Dagger Throw","Outmaneuver","Underhanded Strike"],"picked":"SKIP","floor":5.0},{"not_picked":["Caltrops","Prepared"],"picked":"Footwork","floor":7.0},{"not_picked":["Bane","Underhanded Strike"],"picked":"Envenom","floor":8.0}],"player_experience":117610,"relics_obtained":[{"floor":7.0,"key":"Anchor"}],"event_choices":[{"damage_healed":0.0,"max_hp_gain":0.0,"max_hp_loss":0.0,"gold_gain":0.0,"event_name":"Shining Light","player_choice":"Entered Light","floor":2.0,"gold_loss":0.0,"damage_taken":14.0,"cards_upgraded":["Defend_G","Strike_G"]},{"damage_healed":0.0,"max_hp_gain":0.0,"max_hp_loss":0.0,"gold_gain":75.0,"event_name":"World of Goop","player_choice":"Gather Gold","floor":3.0,"gold_loss":0.0,"damage_taken":11.0},{"cards_removed":["Strike_G"],"damage_healed":0.0,"max_hp_gain":0.0,"max_hp_loss":0.0,"gold_gain":0.0,"event_name":"Bonfire Elementals","player_choice":"Offered Basic","floor":4.0,"gold_loss":0.0,"damage_taken":0.0}],"is_beta":false,"boss_relics":[],"items_purged_floors":[],"is_endless":false,"potions_floor_spawned":[5,7],"killed_by":"Gremlin Nob","ascension_level":6}}