{"host":"w01zow3jg16g8jdh","time":1612273252,"event":{"mods":["AchievementEnabler","BaseMod","DeckTracker","Keyboard Shortcuts","Minty Spire (QoL Compilation)","Permanent Neow","StSLib","SuperFastMode"],"gold_per_floor":[111,111,125,137,62,62,87,6,32,78,90,116,157,187,199,288,300,332,344,375,400,426,438,466,508,520,562,574,319,353,370,370,441,441,456,2,13,13,23,52,52,80,80,107,107,107,107,122,122,122,122],"floor_reached":50,"language":"KOR","playtime":915,"items_purged":["Defend_P","Defend_P","Strike_P"],"score":1420,"play_id":"dced55cf-f629-486e-aae5-0c8ba7db8755","local_time":"20210202224052","is_ascension_mode":true,"campfire_choices":[{"floor":6.0,"key":"REST"},{"floor":11.0,"key":"REST"},{"floor":15.0,"key":"RECALL"},{"floor":23.0,"key":"REST"},{"floor":28,"key":"REST"},{"floor":32,"key":"REST"},{"floor":41,"key":"REST"},{"floor":47,"key":"REST"},{"floor":49,"key":"REST"}],"circlet_count":0,"master_deck":["AscendersBane","Strike_P","Strike_P","Defend_P","Defend_P","Eruption+1","Vigilance","Wallop+1","Tantrum","Swivel","Wallop+1","EmptyMind","Scrawl","MentalFortress+1"],"relics":["Fusion Hammer","Bag of Preparation","Anchor","Frozen Egg 2","MawBank","Whetstone","Nunchaku","Sozu","Happy Flower","Mercury Hourglass","Incense Burner","Pen Nib","Eternal Feather","VioletLotus","Bag of Marbles","Akabeko","Bronze Scales","Torii","Pantograph"],"acts_visited":["Exordium","TheCity","TheBeyond"],"potions_floor_usage":[30],"damage_taken":[{"damage":0.0,"enemies":"Cultist","floor":1.0,"turns":2.0},{"damage":8.0,"enemies":"Small Slimes","floor":3.0,"turns":5.0},{"damage":2.0,"enemies":"2 Louse","floor":4.0,"turns":2.0},{"damage":30.0,"enemies":"Lagavulin","floor":7.0,"turns":4.0},{"damage":0.0,"enemies":"Gremlin Nob","floor":10.0,"turns":3.0},{"damage":0.0,"enemies":"Gremlin Gang","floor":12.0,"turns":3.0},{"damage":8.0,"enemies":"Lagavulin","floor":13.0,"turns":5.0},{"damage":0.0,"enemies":"Large Slime","floor":14.0,"turns":2.0},{"damage":15.0,"enemies":"The Guardian","floor":16.0,"turns":9.0},{"damage":0.0,"enemies":"Spheric Guardian","floor":18.0,"turns":2.0},{"damage":0.0,"enemies":"3 Byrds","floor":20.0,"turns":5.0},{"damage":28.0,"enemies":"Snake Plant","floor":21.0,"turns":5.0},{"damage":20.0,"enemies":"Shelled Parasite and Fungi","floor":22.0,"turns":5.0},{"damage":6.0,"enemies":"3 Cultists","floor":24.0,"turns":4.0},{"damage":0,"enemies":"Gremlin Leader","floor":25,"turns":5},{"damage":19,"enemies":"Book of Stabbing","floor":27,"turns":4},{"damage":17,"enemies":"Slavers","floor":30,"turns":4},{"damage":0,"enemies":"Centurion and Healer","floor":31,"turns":4},{"damage":18,"enemies":"Champ","floor":33,"turns":5},{"damage":46,"enemies":"3 Darklings","floor":35,"turns":5},{"damage":0,"enemies":"3 Shapes","floor":37,"turns":2},{"damage":0,"enemies":"Maw","floor":39,"turns":6},{"damage":0,"enemies":"Nemesis","floor":40,"turns":3},{"damage":14,"enemies":"Giant Head","floor":42,"turns":6},{"damage":8,"enemies":"Nemesis","floor":44,"turns":3},{"damage":1,"enemies":"Transient","floor":48,"turns":6},{"damage":0,"enemies":"Donu and Deca","floor":50,"turns":1}],"seed_played":"-1851426345334299962","potions_obtained":[{"floor":3.0,"key":"PowerPotion"},{"floor":10.0,"key":"EssenceOfSteel"},{"floor":13.0,"key":"SteroidPotion"},{"floor":14.0,"key":"SteroidPotion"}],"is_trial":false,"path_per_floor":["M","?","M","M","$","R","E","?","T","E","R","M","E","M","R","B",null,"M","?","M","M","M","R","M","E","T","E","R","$","E","M","R","B",null,"M","$","M","?","M","E","R","E","T","E","$","?","R","M","R","B"],"character_chosen":"WATCHER","items_purchased":["Pen Nib","Bag of Marbles","Akabeko"],"campfire_rested":8,"item_purchase_floors":[29,36,36],"current_hp_per_floor":[61,35,27,25,25,45,15,15,15,15,35,35,27,27,27,12,54,54,54,54,26,6,26,20,20,20,1,21,21,4,4,30,12,54,8,8,8,8,8,8,34,20,20,12,12,8,34,33,59,68,68],"gold":122,"neow_bonus":"BOSS_RELIC","is_daily":false,"chose_seed":false,"campfire_upgraded":0,"win_rate":0.0,"timestamp":1612273252,"path_taken":["M","?","M","M","$","R","E","?","T","E","R","?","E","M","R","BOSS","M","?","M","M","M","R","M","E","T","E","R","$","E","?","R","BOSS","M","$","?","?","?","E","R","E","T","E","?","?","R","M","R","BOSS"],"items_purchased_type":["Relic","Relic","Relic"],"build_version":"2020-12-22","purchased_purges":3,"victory":false,"max_hp_per_floor":[68,68,68,68,68,68,68,68,68,68,68,68,68,68,68,68,68,68,68,68,68,68,68,68,68,68,68,68,68,68,68,68,68,68,68,68,68,68,68,68,68,68,68,68,68,68,68,68,68,68,68],"card_choices":[{"not_picked":["Protect","Worship","SignatureMove"],"picked":"SKIP","floor":1.0},{"not_picked":["SignatureMove","FollowUp"],"picked":"Wallop","floor":3.0},{"not_picked":["Prostrate","FlyingSleeves","EmptyFist"],"picked":"SKIP","floor":4.0},{"not_picked":["Meditate","CutThroughFate","MasterReality"],"picked":"SKIP","floor":7.0},{"not_picked":["WreathOfFlame","BowlingBash"],"picked":"Tantrum","floor":10.0},{"not_picked":["Protect","FlurryOfBlows","Tantrum"],"picked":"SKIP","floor":12.0},{"not_picked":["SashWhip","Crescendo","EmptyMind"],"picked":"SKIP","floor":13.0},{"not_picked":["ClearTheMind","PathToVictory","SashWhip"],"picked":"SKIP","floor":14.0},{"not_picked":["BowlingBash","CutThroughFate","FlurryOfBlows"],"picked":"SKIP","floor":18.0},{"not_picked":["Halt+1","PathToVictory","EmptyFist"],"picked":"SKIP","floor":20.0},{"not_picked":["Protect","Pray","Evaluate"],"picked":"SKIP","floor":21.0},{"not_picked":["Protect","FlurryOfBlows","Perseverance+1"],"picked":"SKIP","floor":22.0},{"not_picked":["Crescendo","Worship","Evaluate"],"picked":"SKIP","floor":24.0},{"not_picked":["FlyingSleeves+1","Protect","Crescendo"],"picked":"SKIP","floor":25},{"not_picked":["ClearTheMind","Establishment+1","ThirdEye"],"picked":"SKIP","floor":27},{"not_picked":["Sanctity","CarveReality","CutThroughFate"],"picked":"SKIP","floor":30},{"not_picked":["Protect","FollowUp","Prostrate"],"picked":"SKIP","floor":31},{"not_picked":["CrushJoints","EmptyMind","Prostrate"],"picked":"SKIP","floor":35},{"not_picked":["Consecrate","FlurryOfBlows","EmptyBody"],"picked":"SKIP","floor":37},{"not_picked":["Protect","ClearTheMind"],"picked":"EmptyMind","floor":39},{"not_picked":["Indignation","Collect"],"picked":"Scrawl","floor":40},{"not_picked":["JustLucky","Tantrum"],"picked":"MentalFortress+1","floor":42},{"not_picked":["Conclude","FlyingSleeves","Brilliance"],"picked":"SKIP","floor":44},{"not_picked":["FollowUp","Prostrate","FlurryOfBlows+1"],"picked":"SKIP","floor":48}],"player_experience":353013,"relics_obtained":[{"floor":7.0,"key":"Anchor"},{"floor":9.0,"key":"MawBank"},{"floor":10.0,"key":"Whetstone"},{"floor":13.0,"key":"Nunchaku"},{"floor":25,"key":"Happy Flower"},{"floor":26,"key":"Mercury Hourglass"},{"floor":27,"key":"Incense Burner"},{"floor":30,"key":"Eternal Feather"},{"floor":40,"key":"Bronze Scales"},{"floor":42,"key":"Torii"},{"floor":44,"key":"Pantograph"}],"event_choices":[{"damage_healed":0.0,"max_hp_gain":0.0,"max_hp_loss":0.0,"gold_gain":0.0,"event_name":"Scrap Ooze","player_choice":"Success","floor":2.0,"gold_loss":0.0,"damage_taken":26.0,"relics_obtained":["Bag of Preparation"]},{"damage_healed":0.0,"max_hp_gain":0.0,"max_hp_loss":0.0,"gold_gain":0.0,"event_name":"WeMeetAgain","player_choice":"Paid Gold","floor":8.0,"gold_loss":81.0,"damage_taken":0.0,"relics_obtained":["Frozen Egg 2"]},{"damage_healed":0.0,"max_hp_gain":0.0,"max_hp_loss":0.0,"gold_gain":0.0,"cards_transformed":["Strike_P"],"event_name":"Transmorgrifier","player_choice":"Transformed","floor":19.0,"gold_loss":0.0,"damage_taken":0.0,"cards_obtained":["Swivel"]},{"damage_healed":0,"gold_gain":0,"player_choice":"Copied","damage_taken":0,"max_hp_gain":0,"max_hp_loss":0,"event_name":"Duplicator","floor":38,"gold_loss":0,"cards_obtained":["Wallop"]},{"damage_healed":0,"gold_gain":0,"player_choice":"Bought 0 Potions","damage_taken":0,"max_hp_gain":0,"max_hp_loss":0,"event_name":"The Woman in Blue","floor":46,"gold_loss":0}],"is_beta":false,"boss_relics":[{"not_picked":["Tiny House","Philosopher\u0027s Stone"],"picked":"Sozu"},{"not_picked":["Runic Dome","Black Star"],"picked":"VioletLotus"}],"items_purged_floors":[5,29,36],"is_endless":false,"potions_floor_spawned":[3,10,13,14,18,21,22,25,35,39,42],"killed_by":"Donu and Deca","ascension_level":20}}