{"host":"6xsbn6ynqlzwllfm","time":1612276677,"event":{"mods":["2.2 Compatiblity","BaseMod","Bestiary","Colored Map","Colored Powertips","Curses Come First","Highlight Path","Keyboard Shortcuts","Minty Spire (QoL Compilation)","Relic Stats","Slay the Relics Exporter","StSLib","SuperFastMode"],"gold_per_floor":[113,125,125,142,39,39,73,73,73,107,118,118,118],"floor_reached":12,"language":"ENG","playtime":362,"items_purged":["Strike_P"],"score":176,"play_id":"25332cbb-a84f-4f90-a43a-bd7ed3d27ee9","local_time":"20210202093757","is_ascension_mode":true,"campfire_choices":[{"data":"BowlingBash","floor":6,"key":"SMITH"},{"data":"FlyingSleeves","floor":8,"key":"SMITH"}],"circlet_count":0,"master_deck":["AscendersBane","Strike_P","Strike_P","Defend_P","Defend_P","Defend_P","Defend_P","Eruption","Vigilance","JustLucky","BowlingBash+1","FlyingSleeves+1","JustLucky","EmptyBody","MentalFortress+1","Sanctity"],"relics":["Philosopher\u0027s Stone","Question Card","Frozen Egg 2","StoneCalendar"],"acts_visited":["Exordium"],"potions_floor_usage":[7,12],"damage_taken":[{"damage":0,"enemies":"2 Louse","floor":1,"turns":2},{"damage":0,"enemies":"Cultist","floor":2,"turns":3},{"damage":0,"enemies":"Small Slimes","floor":4,"turns":3},{"damage":2,"enemies":"Gremlin Nob","floor":7,"turns":3},{"damage":6,"enemies":"Lagavulin","floor":10,"turns":5},{"damage":7,"enemies":"Red Slaver","floor":11,"turns":4},{"damage":47,"enemies":"Gremlin Nob","floor":12,"turns":3}],"seed_played":"-8960463235759976967","potions_obtained":[{"floor":2,"key":"Swift Potion"},{"floor":10,"key":"Weak Potion"},{"floor":11,"key":"Fruit Juice"}],"is_trial":false,"path_per_floor":["M","M","?","M","$","R","E","R","T","E","M","E"],"character_chosen":"WATCHER","items_purchased":["JustLucky"],"campfire_rested":0,"item_purchase_floors":[5],"current_hp_per_floor":[61,61,61,61,61,61,59,59,59,53,46,0,0],"gold":118,"neow_bonus":"BOSS_RELIC","is_daily":false,"chose_seed":false,"campfire_upgraded":2,"win_rate":0.0,"timestamp":1612276677,"path_taken":["M","M","?","?","$","R","E","R","T","E","M","E"],"items_purchased_type":["Card"],"build_version":"2020-12-22","purchased_purges":1,"victory":false,"max_hp_per_floor":[68,68,68,68,68,68,68,68,68,68,68,68,68],"relic_stats":{"counters":[7,23],"StoneCalendar":[0],"Question Card":2,"obtain_stats":[{"Philosopher\u0027s Stone":0,"StoneCalendar":10,"PureWater":0,"Frozen Egg 2":9,"Question Card":7},{"Philosopher\u0027s Stone":0,"StoneCalendar":5,"PureWater":0,"Frozen Egg 2":4,"Question Card":4},{"Philosopher\u0027s Stone":0,"StoneCalendar":16,"PureWater":0,"Frozen Egg 2":11,"Question Card":11}]},"card_choices":[{"not_picked":["FlyingSleeves","Prostrate"],"picked":"JustLucky","floor":1},{"not_picked":["Crescendo","SignatureMove"],"picked":"BowlingBash","floor":2},{"not_picked":["WindmillStrike","Crescendo"],"picked":"FlyingSleeves","floor":4},{"not_picked":["WindmillStrike","Pray"],"picked":"EmptyBody","floor":7},{"not_picked":["SashWhip","JustLucky","PathToVictory"],"picked":"MentalFortress+1","floor":10},{"not_picked":["ClearTheMind","Halt","SashWhip"],"picked":"Sanctity","floor":11}],"player_experience":1372205,"relics_obtained":[{"floor":7,"key":"Question Card"},{"floor":9,"key":"Frozen Egg 2"},{"floor":10,"key":"StoneCalendar"}],"event_choices":[{"cards_removed":["Strike_P"],"damage_healed":0,"gold_gain":0,"player_choice":"Offered Basic","damage_taken":0,"max_hp_gain":0,"max_hp_loss":0,"event_name":"Bonfire Elementals","floor":3,"gold_loss":0}],"is_beta":false,"boss_relics":[],"items_purged_floors":[5],"is_endless":false,"potions_floor_spawned":[2,10,11],"killed_by":"Gremlin Nob","ascension_level":20}}