{"host":"85sjp5lsubt86171","time":1612275700,"event":{"mods":["Act Like it!","BaseMod","BetterRewards","CapriCore","Colored Map","Gensokyo","Library of Ruina","Library of Ruina Extra","Minty Spire (QoL Compilation)","Quick Restart","Relic Stats","Shop Mod","Spicy Shops","StSLib","SuperFastMode","The Immortal","Waifu the Spire"],"gold_per_floor":[119,119,119,138,22,47,47,47,98,28,28,346,50,81,393,507,519,545,557,569,398,411,446,446,20,20,33,33,52,52,52,52,155,155,167,27,41,354,354,354,581,610,636,670,670,701,701,716,716,716,716,716,716,5,37,37],"floor_reached":57,"language":"ZHS","playtime":3396,"items_purged":["Gensokyo:AllTheWorldsEvil"],"score":1778,"play_id":"87d09ae7-20f0-4d8b-b6bf-b2c4897eadf8","local_time":"20210202222140","is_ascension_mode":true,"campfire_choices":[{"data":"MokouMod:RisingSunBarrier","floor":11.0,"key":"SMITH"},{"floor":15.0,"key":"DIG"},{"floor":24.0,"key":"DIG"},{"floor":30.0,"key":"DIG"},{"data":"MokouMod:Extinguish","floor":32.0,"key":"SMITH"},{"floor":40,"key":"DIG"},{"floor":45,"key":"DIG"},{"floor":47,"key":"DIG"},{"floor":49,"key":"RECALL"},{"floor":53,"key":"DIG"}],"circlet_count":0,"master_deck":["MokouMod:Strike+1","MokouMod:Strike+1","MokouMod:Strike","MokouMod:Defend","MokouMod:Defend","MokouMod:Defend","MokouMod:RisingSunBarrier+1","MokouMod:PhoenixForm","MokouMod:Ember","MokouMod:Sear","MokouMod:Overheat","MokouMod:Extinguish+1","MokouMod:BurningDraft+1","MokouMod:BurningDraft+1","MokouMod:SubterraneanCore+1","MokouMod:FujiyamaVolcano","MokouMod:Refresh","MokouMod:PhoenixFeathers","MokouMod:BurningDraft","TrashDisposal","MokouMod:Wildfire","Reboot","BiXi+1","Concentrate","MokouMod:SearingBlow","Vault+1","FrontalAssault+1","Reboot+1"],"relics":["MokouMod:PhoenixFeather","NeowsBlessing","Gensokyo:PortableGap","Bag of Marbles","Gensokyo:Mercy","Vajra","Chemical X","Shovel","The Courier","MawBank","PageOfPorccubus","Old Coin","Runic Dome","PageOfScorchedGirl","DollysMirror","Potion Belt","Thread and Needle","Orrery","PrismaticShard","Pantograph","Prayer Wheel","PreservedInsect","HornCleat","Unceasing Top","Black Star","Ice Cream","Eternal Feather","PageOfDeadButterflies","Gambling Chip","PageOfQueenBee","Whetstone","Toxic Egg 2","Toy Ornithopter","Calipers","Pocketwatch","Sundial","Question Card","PageOfWrath","PageOfTheQueenOfHatred","Torii","Pear","MealTicket","PageOfTheKnightOfDespair","Lantern","CaptainsWheel","Gremlin Horn","InkBottle","PageOfGreed","Dream Catcher","PageOfGalaxyChild","PageOfNihil","Mummified Hand","Shuriken","PageOfWizard","PageOfWayBackHome","PageOfAlriune","Ornamental Fan","Bag of Preparation","Anchor","PageOfFairyFestival"],"acts_visited":["Exordium","Gensokyo:Gensokyo","Gensokyo:Gensokyoer","TheEnding"],"potions_floor_usage":[56],"damage_taken":[{"damage":0.0,"enemies":"Gensokyo:Gryphon","floor":1.0,"turns":1.0},{"damage":0.0,"enemies":"Gensokyo:2_Kodama","floor":4.0,"turns":1.0},{"damage":0.0,"enemies":"Gensokyo:Aya","floor":6.0,"turns":2.0},{"damage":0.0,"enemies":"Gensokyo:3_Fairies","floor":12.0,"turns":8.0},{"damage":1.0,"enemies":"Gensokyo:Mamizou","floor":14.0,"turns":9.0},{"damage":20.0,"enemies":"Gensokyo:Kokoro","floor":16.0,"turns":13.0},{"damage":33.0,"enemies":"Gensokyo:3_Dogs","floor":18.0,"turns":7.0},{"damage":0.0,"enemies":"Gensokyo:Chomper","floor":22.0,"turns":3.0},{"damage":68.0,"enemies":"Gensokyo:Tenshi","floor":23.0,"turns":6.0},{"damage":3.0,"enemies":"Gensokyo:3_Gloops","floor":27.0,"turns":9.0},{"damage":9.0,"enemies":"Gensokyo:Chomper_and_Gloop","floor":29.0,"turns":3.0},{"damage":0,"enemies":"Gensokyo:Eiki","floor":33,"turns":9},{"damage":3,"enemies":"Gensokyo:3_Bats","floor":35,"turns":9},{"damage":13,"enemies":"Gensokyo:3_Boulders","floor":37,"turns":7},{"damage":19,"enemies":"Gensokyo:SeedOfUnknown","floor":38,"turns":12},{"damage":9,"enemies":"Gensokyo:Marisa","floor":41,"turns":7},{"damage":25,"enemies":"Gensokyo:Doremy","floor":42,"turns":12},{"damage":0,"enemies":"Gensokyo:Kasen","floor":44,"turns":7},{"damage":35,"enemies":"Gensokyo:Marisa","floor":46,"turns":7},{"damage":45,"enemies":"Gensokyo:Doremy","floor":48,"turns":9},{"damage":0,"enemies":"Gensokyo:Shinki","floor":50,"turns":6},{"damage":25,"enemies":"Shield and Spear","floor":55,"turns":7},{"damage":0,"enemies":"The Heart","floor":56,"turns":6}],"seed_played":"3727981409388114048","potions_obtained":[{"floor":1.0,"key":"Fire Potion"},{"floor":4.0,"key":"Fire Potion"},{"floor":12.0,"key":"Fruit Juice"},{"floor":23.0,"key":"ColorlessPotion"},{"floor":33,"key":"Fire Potion"},{"floor":38,"key":"Energy Potion"},{"floor":44,"key":"Ancient Potion"},{"floor":48,"key":"SteroidPotion"}],"is_trial":false,"path_per_floor":["M","$","?","M","COS","E","?","?","T","?","R","M","$","E","R","B",null,"M","?","?","$","M","E","R","COS","T","M","?","M","R","?","R","B",null,"M","COS","M","M","?","R","E","E","T","E","R","E","R","E","R","B",null,null,"R","$","E","B",null],"character_chosen":"MKU","items_purchased":["Chemical X","Shovel","MokouMod:Ember","MokouMod:Sear","DollysMirror","Shuriken","PageOfWizard","PageOfWayBackHome","PageOfAlriune"],"campfire_rested":0,"item_purchase_floors":[13,13,13,13,21,54,54,54,54],"current_hp_per_floor":[75,75,68,68,68,68,68,55,55,55,55,55,60,59,59,47,73,52,52,52,52,52,17,17,17,17,16,16,9,9,9,9,62,65,62,62,53,50,50,65,56,39,39,66,63,36,51,42,57,57,57,57,57,57,55,57],"gold":37,"neow_bonus":"THREE_ENEMY_KILL","is_daily":false,"chose_seed":false,"campfire_upgraded":2,"win_rate":0.0,"timestamp":1612275700,"path_taken":["M","?","?","?","COS","E","?","?","T","?","R","?","$","E","R","BOSS","M","?","?","?","M","E","R","COS","T","M","?","?","R","?","R","BOSS","M","COS","M","M","?","R","E","E","T","E","R","E","R","E","R","BOSS","R","$","E","BOSS"],"items_purchased_type":["Relic","Relic","Card","Card","Relic","Relic","Relic","Relic","Relic"],"build_version":"2020-12-22","purchased_purges":1,"victory":true,"max_hp_per_floor":[75,75,68,68,68,68,68,68,68,68,68,68,73,73,73,73,73,73,73,68,68,68,65,65,65,65,65,65,65,65,65,65,65,65,65,65,65,65,65,65,62,62,59,66,63,60,57,57,57,57,57,57,57,57,57,57],"relic_stats":{"Torii":6,"Gremlin Horn":[7,7],"Bag of Preparation":[2],"Whetstone":["MokouMod:Strike","MokouMod:Strike"],"Dream Catcher":0,"Shovel":7,"Sundial":[18],"Mummified Hand":[6],"Pantograph":33,"Gambling Chip":[28],"Prayer Wheel":5,"MealTicket":0,"Chemical X":[7],"InkBottle":[13],"counters":[24,160],"Eternal Feather":45,"PreservedInsect":441,"MawBank":84,"Question Card":5,"Shuriken":[3],"Ornamental Fan":[8],"Black Star":5,"obtain_stats":[{"Ice Cream":35,"PageOfTheQueenOfHatred":43,"Calipers":42,"Gremlin Horn":46,"Vajra":10,"PageOfAlriune":54,"Whetstone":40,"Old Coin":15,"HornCleat":30,"PageOfFairyFestival":55,"DollysMirror":21,"Sundial":42,"PageOfWizard":54,"Prayer Wheel":27,"MealTicket":44,"Toxic Egg 2":41,"Pear":44,"Eternal Feather":35,"Question Card":42,"Runic Dome":17,"PageOfGalaxyChild":48,"Shuriken":54,"Black Star":34,"Unceasing Top":33,"Pocketwatch":42,"Lantern":45,"Torii":44,"Bag of Preparation":55,"Gensokyo:PortableGap":3,"PrismaticShard":25,"PageOfWrath":42,"PageOfGreed":46,"PageOfDeadButterflies":37,"PageOfWayBackHome":54,"Dream Catcher":47,"Shovel":13,"PageOfQueenBee":38,"Mummified Hand":53,"Pantograph":26,"Gambling Chip":38,"PageOfTheKnightOfDespair":44,"Chemical X":13,"InkBottle":46,"Potion Belt":23,"NeowsBlessing":0,"Thread and Needle":24,"PageOfNihil":48,"The Courier":14,"PreservedInsect":29,"MawBank":14,"CaptainsWheel":46,"Anchor":55,"Gensokyo:Mercy":7,"Ornamental Fan":55,"MokouMod:PhoenixFeather":0,"PageOfScorchedGirl":20,"Orrery":25,"Bag of Marbles":6,"PageOfPorccubus":14,"Toy Ornithopter":41},{"Ice Cream":13,"PageOfTheQueenOfHatred":17,"Calipers":17,"Gremlin Horn":19,"Vajra":3,"PageOfAlriune":22,"Whetstone":15,"Old Coin":5,"HornCleat":11,"PageOfFairyFestival":23,"DollysMirror":7,"Sundial":17,"PageOfWizard":22,"Prayer Wheel":10,"MealTicket":18,"Toxic Egg 2":16,"Pear":18,"Eternal Feather":13,"Question Card":17,"Runic Dome":6,"PageOfGalaxyChild":21,"Shuriken":22,"Black Star":12,"Unceasing Top":12,"Pocketwatch":17,"Lantern":18,"Torii":18,"Bag of Preparation":23,"Gensokyo:PortableGap":1,"PrismaticShard":9,"PageOfWrath":17,"PageOfGreed":19,"PageOfDeadButterflies":14,"PageOfWayBackHome":22,"Dream Catcher":19,"Shovel":4,"PageOfQueenBee":15,"Mummified Hand":22,"Pantograph":9,"Gambling Chip":15,"PageOfTheKnightOfDespair":18,"Chemical X":4,"InkBottle":19,"Potion Belt":9,"NeowsBlessing":0,"Thread and Needle":9,"PageOfNihil":21,"The Courier":5,"PreservedInsect":11,"MawBank":5,"CaptainsWheel":19,"Anchor":23,"Gensokyo:Mercy":3,"Ornamental Fan":23,"MokouMod:PhoenixFeather":0,"PageOfScorchedGirl":7,"Orrery":9,"Bag of Marbles":3,"PageOfPorccubus":5,"Toy Ornithopter":16},{"Ice Cream":80,"PageOfTheQueenOfHatred":118,"Calipers":111,"Gremlin Horn":132,"Vajra":4,"PageOfAlriune":147,"Whetstone":99,"Old Coin":21,"HornCleat":62,"PageOfFairyFestival":154,"DollysMirror":41,"Sundial":118,"PageOfWizard":147,"Prayer Wheel":59,"MealTicket":125,"Toxic Egg 2":106,"Pear":125,"Eternal Feather":80,"Question Card":118,"Runic Dome":34,"PageOfGalaxyChild":141,"Shuriken":147,"Black Star":71,"Unceasing Top":71,"Pocketwatch":118,"Lantern":125,"Torii":125,"Bag of Preparation":154,"Gensokyo:PortableGap":1,"PrismaticShard":50,"PageOfWrath":118,"PageOfGreed":132,"PageOfDeadButterflies":83,"PageOfWayBackHome":147,"Dream Catcher":132,"Shovel":12,"PageOfQueenBee":99,"Mummified Hand":147,"Pantograph":50,"Gambling Chip":99,"PageOfTheKnightOfDespair":125,"Chemical X":12,"InkBottle":132,"Potion Belt":50,"NeowsBlessing":0,"Thread and Needle":50,"PageOfNihil":141,"The Courier":13,"PreservedInsect":61,"MawBank":18,"CaptainsWheel":132,"Anchor":154,"Gensokyo:Mercy":4,"Ornamental Fan":154,"MokouMod:PhoenixFeather":0,"PageOfScorchedGirl":41,"Orrery":50,"Bag of Marbles":4,"PageOfPorccubus":21,"Toy Ornithopter":106}],"Unceasing Top":[43],"Toy Ornithopter":0,"Pocketwatch":[51]},"card_choices":[{"not_picked":["MokouMod:IgneousBlow","MokouMod:ResonanceReactor","MokouMod:RetainTemperature"],"picked":"SKIP","floor":1.0},{"not_picked":["MokouMod:IllusoryBattlefield","MokouMod:InfernalWave"],"picked":"MokouMod:RisingSunBarrier","floor":4.0},{"not_picked":["MokouMod:FusionFlare","MokouMod:Meltdown"],"picked":"MokouMod:PhoenixForm","floor":6.0},{"not_picked":["MokouMod:EternalBurstReactor","MokouMod:BlazingComet","MokouMod:ShiftIgnition"],"picked":"SKIP","floor":12.0},{"not_picked":["MokouMod:Afterburner","MokouMod:Wildfire"],"picked":"MokouMod:Overheat","floor":14.0},{"not_picked":["MokouMod:BurningHiddenBullet","MokouMod:RadiantBlade"],"picked":"MokouMod:Extinguish","floor":16.0},{"not_picked":["MokouMod:RoaringFlare","MokouMod:EternalBurstReactor+1"],"picked":"MokouMod:BurningDraft+1","floor":18.0},{"not_picked":["MokouMod:Ember","MokouMod:EternalBurstReactor+1","MokouMod:Stoke"],"picked":"SKIP","floor":22.0},{"not_picked":["MokouMod:ControlledCombustion+1","MokouMod:ShiftIgnition"],"picked":"MokouMod:SubterraneanCore+1","floor":23.0},{"not_picked":["MokouMod:Trailblazer","MokouMod:GuidingSmoke"],"picked":"MokouMod:FujiyamaVolcano","floor":25.0},{"not_picked":["MokouMod:HeatCyclone+1","MokouMod:Stoke"],"picked":"MokouMod:Refresh","floor":25.0},{"not_picked":["MokouMod:Wildfire","MokouMod:IndiscriminateIgnition"],"picked":"MokouMod:PhoenixFeathers","floor":25.0},{"not_picked":["Accuracy+1","Entrench","Force Field"],"picked":"SKIP","floor":27.0},{"not_picked":["Accuracy+1","Entrench","Force Field"],"picked":"SKIP","floor":27.0},{"not_picked":["Protect","CutIn"],"picked":"MokouMod:BurningDraft","floor":29.0},{"not_picked":["Streamline+1","Aggregate+1"],"picked":"TrashDisposal","floor":29.0},{"not_picked":["Machine Learning","UnforgettableMelody"],"picked":"Reboot","floor":33},{"not_picked":["StartinOutLightly+1","SharpenedBlade+1"],"picked":"BiXi+1","floor":35},{"not_picked":["SmokingPipe","Collision","Hemokinesis+1"],"picked":"SKIP","floor":35},{"not_picked":["MokouMod:BlazingComet","Barrage"],"picked":"Concentrate","floor":37},{"not_picked":["SinglePointStab","PreemptiveStrike","Sweeping Beam+1"],"picked":"SKIP","floor":37},{"not_picked":["Streamline","SignatureMove","TendonChords+1"],"picked":"SKIP","floor":38},{"not_picked":["SerpentSwordTechnique","Perfected Strike","CrushJoints+1"],"picked":"SKIP","floor":38},{"not_picked":["Wraith Form v2","BackAttack+1"],"picked":"Backflip+1","floor":41},{"not_picked":["Rewind+1","Outburst","Ball Lightning+1"],"picked":"SKIP","floor":42},{"not_picked":["Gensokyo:UnhurriedMind+1","Crescendo+1","JustLucky"],"picked":"Vault+1","floor":44},{"not_picked":["Thrust+1","Redo+1","QuickAttack"],"picked":"FrontalAssault+1","floor":46},{"not_picked":["Sucker Punch+1","TraceOfFumes+1","SerpentSwordTechnique+1","Darkness+1"],"picked":"SKIP","floor":48},{"not_picked":["Wallop_lor","ChiWen+1","Juggling+1","Leg Sweep+1"],"picked":"SKIP","floor":48},{"not_picked":["Hologram+1","Crescendo+1","SnakesPrey+1"],"picked":"Reboot+1","floor":55}],"player_experience":1465832,"relics_obtained":[{"floor":6.0,"key":"Bag of Marbles"},{"floor":14.0,"key":"PageOfPorccubus"},{"floor":15.0,"key":"Old Coin"},{"floor":23.0,"key":"Potion Belt"},{"floor":24.0,"key":"Thread and Needle"},{"floor":26.0,"key":"Pantograph"},{"floor":27.0,"key":"Prayer Wheel"},{"floor":30.0,"key":"HornCleat"},{"floor":33,"key":"Unceasing Top"},{"floor":35,"key":"Ice Cream"},{"floor":35,"key":"Eternal Feather"},{"floor":38,"key":"Gambling Chip"},{"floor":38,"key":"PageOfQueenBee"},{"floor":40,"key":"Whetstone"},{"floor":41,"key":"Toxic Egg 2"},{"floor":41,"key":"Toy Ornithopter"},{"floor":42,"key":"Pocketwatch"},{"floor":42,"key":"Sundial"},{"floor":42,"key":"Question Card"},{"floor":42,"key":"PageOfWrath"},{"floor":43,"key":"PageOfTheQueenOfHatred"},{"floor":44,"key":"Torii"},{"floor":44,"key":"Pear"},{"floor":44,"key":"MealTicket"},{"floor":44,"key":"PageOfTheKnightOfDespair"},{"floor":45,"key":"Lantern"},{"floor":46,"key":"CaptainsWheel"},{"floor":46,"key":"Gremlin Horn"},{"floor":46,"key":"InkBottle"},{"floor":46,"key":"PageOfGreed"},{"floor":47,"key":"Dream Catcher"},{"floor":48,"key":"PageOfGalaxyChild"},{"floor":48,"key":"PageOfNihil"},{"floor":53,"key":"Mummified Hand"},{"floor":55,"key":"Ornamental Fan"},{"floor":55,"key":"Bag of Preparation"},{"floor":55,"key":"Anchor"},{"floor":55,"key":"PageOfFairyFestival"}],"event_choices":[],"is_beta":false,"boss_relics":[{"not_picked":["Cursed Key","Philosopher\u0027s Stone"],"picked":"Runic Dome"},{"not_picked":["Busted Crown","Velvet Choker"],"picked":"Black Star"}],"items_purged_floors":[21],"is_endless":false,"potions_floor_spawned":[1,4,12,23,33,38,44,48],"ascension_level":4}}