{"host":"rc0y5s0pznrxft0n","time":1612231242,"event":{"mods":["BaseMod","Downfall","Hermit","Minty Spire (QoL Compilation)","StSLib"],"gold_per_floor":[99,116,136,151,164,176,176,202,236,1,1,28,49,85,96,208,208,208,228,262,279,279,300,325,325,354,354,364,406,11,48,74,180,180,180,201,228,238,288,309,309,328,133,167,191,91,106,124,144,144],"floor_reached":51,"language":"ENG","playtime":5558,"items_purged":["bronze:Strike","bronze:Defend","bronze:Strike"],"score":816,"play_id":"fb2d7fd7-92c6-4d95-9b00-e086514e71ef","local_time":"20210201210042","is_ascension_mode":false,"campfire_choices":[{"data":"bronze:Replicate","floor":1.0,"key":"SMITH"},{"floor":11.0,"key":"REST"},{"data":"bronze:Mutator","floor":18.0,"key":"SMITH"},{"floor":25,"key":"REST"},{"floor":35,"key":"RECALL"},{"floor":46,"key":"REST"}],"circlet_count":0,"master_deck":["bronze:Strike","bronze:Strike","bronze:Defend","bronze:Defend","bronze:Defend","bronze:Replicate+1","bronze:Goto","bronze:WhirlingStrike","bronze:Branch","bronze:Branch","bronze:OilSpill","bronze:DelayedGuard","bronze:Mutator+1","expansioncontent:DashGenerateEvil","bronze:DazingPulse","bronze:Explode","bronze:Shield","bronze:Shield","bronze:Optimize","bronze:BurnOut","bronze:Frontload","bronze:Iterate+1","bronze:Repulsor","bronze:Iterate+1","bronze:ChosenStrike","bronze:OilSpill+1","bronze:ItsAFeature","Dark Shackles","bronze:CutThrough+1","bronze:FollowUp","bronze:Verify+1","bronze:Repair+1","bronze:DarkDash+1","bronze:Overheat+1","bronze:DelayedSlice","Flash of Steel","bronze:Boost+1","bronze:DelayedSlice+1","bronze:Shield+1"],"relics":["bronze:PlatinumCore","CeramicFish","PreservedInsect","Mummified Hand","bronze:MakeshiftBattery","Red Mask","Bag of Preparation","Oddly Smooth Stone","Omamori","Frozen Egg 2","Gambling Chip","Pantograph","Thread and Needle","Nunchaku","downfall:HeartBlessingGreen"],"acts_visited":["Exordium","TheCity","TheBeyond"],"potions_floor_usage":[33,39,45,50,50],"damage_taken":[{"damage":3.0,"enemies":"Jaw Worm","floor":2.0,"turns":3.0},{"damage":0.0,"enemies":"2 Louse","floor":3.0,"turns":2.0},{"damage":0.0,"enemies":"Small Slimes","floor":4.0,"turns":2.0},{"damage":10.0,"enemies":"Exordium Thugs","floor":5.0,"turns":3.0},{"damage":0.0,"enemies":"Blue Slaver","floor":6.0,"turns":3.0},{"damage":0.0,"enemies":"Lots of Slimes","floor":8.0,"turns":3.0},{"damage":14.0,"enemies":"Lagavulin","floor":9.0,"turns":5.0},{"damage":0.0,"enemies":"downfall:FleeingMerchant","floor":10.0,"turns":4.0},{"damage":4.0,"enemies":"downfall:FleeingMerchant","floor":12.0,"turns":3.0},{"damage":10.0,"enemies":"Exordium Thugs","floor":13.0,"turns":4.0},{"damage":0.0,"enemies":"3 Sentries","floor":14.0,"turns":6.0},{"damage":0.0,"enemies":"Blue Slaver","floor":15.0,"turns":3.0},{"damage":45.0,"enemies":"IC_STATUS_ARCHETYPE","floor":16.0,"turns":9.0},{"damage":16.0,"enemies":"3 Byrds","floor":19.0,"turns":5.0},{"damage":5.0,"enemies":"Masked Bandits","floor":20.0,"turns":4.0},{"damage":2.0,"enemies":"3 Cultists","floor":21.0,"turns":5.0},{"damage":7.0,"enemies":"Snake Plant","floor":23.0,"turns":6.0},{"damage":0,"enemies":"Sentry and Sphere","floor":26,"turns":4},{"damage":0,"enemies":"Chosen and Byrds","floor":28,"turns":5},{"damage":12,"enemies":"Gremlin Leader","floor":29,"turns":4},{"damage":0,"enemies":"downfall:FleeingMerchant","floor":30,"turns":4},{"damage":19,"enemies":"Slavers","floor":31,"turns":5},{"damage":0,"enemies":"Snecko","floor":32,"turns":2},{"damage":0,"enemies":"WA_ARCHETYPE_CALM","floor":33,"turns":5},{"damage":12,"enemies":"3 Darklings","floor":36,"turns":3},{"damage":18,"enemies":"Orb Walker","floor":37,"turns":3},{"damage":0,"enemies":"Spire Growth","floor":38,"turns":5},{"damage":0,"enemies":"Spire Growth","floor":39,"turns":4},{"damage":13,"enemies":"Writhing Mass","floor":40,"turns":5},{"damage":7,"enemies":"Maw","floor":42,"turns":6},{"damage":0,"enemies":"downfall:FleeingMerchant","floor":43,"turns":2},{"damage":9,"enemies":"Nemesis","floor":44,"turns":3},{"damage":0,"enemies":"3 Darklings","floor":45,"turns":4},{"damage":0,"enemies":"Writhing Mass","floor":47,"turns":4},{"damage":1,"enemies":"Jaw Worm Horde","floor":48,"turns":4},{"damage":0,"enemies":"3 Darklings","floor":49,"turns":2},{"damage":30,"enemies":"DF_ARCHETYPE_ORBS","floor":50,"turns":9}],"seed_played":"8839004167420427908","potions_obtained":[{"floor":4.0,"key":"Block Potion"},{"floor":5.0,"key":"AttackPotion"},{"floor":8.0,"key":"SneckoOil"},{"floor":9.0,"key":"SkillPotion"},{"floor":16.0,"key":"FearPotion"},{"floor":20.0,"key":"Weak Potion"},{"floor":21.0,"key":"FairyPotion"},{"floor":26,"key":"GamblersBrew"},{"floor":29,"key":"CultistPotion"},{"floor":33,"key":"sneckomod:MuddlingPotion"},{"floor":39,"key":"Explosive Potion"},{"floor":40,"key":"SkillPotion"},{"floor":45,"key":"champ:CounterPotion"},{"floor":48,"key":"hexamod:SoulburnPotion"},{"floor":49,"key":"Weak Potion"}],"is_trial":false,"path_per_floor":["R","M","M","M","M","M","T","M","E","$","R","?","M","E","M","B",null,"R","M","?","M","?","M","T","R","M","?","M","E","$","E","M","B",null,"R","M","M","M","?","M","T","M","?","E","M","R","M","M","M","B",null],"character_chosen":"THE_AUTOMATON","items_purchased":["expansioncontent:DashGenerateEvil","bronze:ItsAFeature","Omamori","Dark Shackles","Thread and Needle","Flash of Steel"],"campfire_rested":3,"item_purchase_floors":[10,30,30,30,43,43],"current_hp_per_floor":[77,74,74,74,64,64,64,64,50,50,73,69,59,59,59,14,77,77,61,56,54,54,47,47,70,70,70,70,58,58,39,39,39,77,77,65,47,57,57,44,44,37,37,28,28,51,61,70,70,47],"gold":144,"neow_bonus":"TEN_PERCENT_HP_BONUS","is_daily":false,"chose_seed":false,"campfire_upgraded":2,"win_rate":0.0,"timestamp":1612231242,"path_taken":["R","M","M","M","M","M","T","M","E","$","R","?","M","E","M","BOSS","R","M","?","M","?","?","T","R","M","?","M","E","$","E","M","BOSS","R","M","?","M","?","M","T","M","?","E","M","R","M","M","M","BOSS"],"items_purchased_type":["Card","Card","Relic","Card","Relic","Card"],"build_version":"2020-12-22","purchased_purges":3,"victory":true,"max_hp_per_floor":[77,77,77,77,77,77,77,77,77,77,77,77,77,77,77,77,77,77,77,77,77,77,77,77,77,77,77,77,77,77,77,77,77,77,77,77,77,77,77,77,77,77,77,77,77,77,77,77,77,77],"card_choices":[{"not_picked":["bronze:DelayedSlice","bronze:Turbo"],"picked":"bronze:WhirlingStrike","floor":2.0},{"not_picked":["bronze:MaxOutput","bronze:OilSpill"],"picked":"bronze:Branch","floor":3.0},{"not_picked":["bronze:CutThrough","bronze:BitShift","bronze:Invalidate"],"picked":"SKIP","floor":4.0},{"not_picked":["bronze:DelayedSlice","bronze:RecursiveStrike"],"picked":"bronze:Branch","floor":5.0},{"not_picked":["bronze:CloningBeam","bronze:Turbo","bronze:WildBeam"],"picked":"SKIP","floor":6.0},{"not_picked":["bronze:BuggyMess","bronze:ItsAFeature"],"picked":"bronze:OilSpill","floor":8.0},{"not_picked":["bronze:BronzeOrb","bronze:Safeguard"],"picked":"bronze:DelayedGuard","floor":9.0},{"not_picked":["bronze:Allocate","bronze:DelayedGuard"],"picked":"bronze:Mutator","floor":10.0},{"not_picked":[],"picked":"bronze:DazingPulse","floor":12.0},{"not_picked":[],"picked":"bronze:Explode","floor":12.0},{"not_picked":["bronze:Philosophize","bronze:DarkDash"],"picked":"bronze:Shield","floor":12.0},{"not_picked":["bronze:BronzeArmor","bronze:Turbo"],"picked":"bronze:Shield","floor":13.0},{"not_picked":["bronze:WhirlingStrike","bronze:Overload"],"picked":"bronze:Optimize","floor":14.0},{"not_picked":["bronze:Branch","bronze:Invalidate","bronze:BitShift"],"picked":"SKIP","floor":15.0},{"not_picked":["bronze:Mutator","bronze:ThunderWave"],"picked":"bronze:BurnOut","floor":16.0},{"not_picked":["bronze:ForLoop","bronze:Fortify"],"picked":"bronze:Frontload","floor":19.0},{"not_picked":["bronze:DelayedSlice+1","bronze:Allocate"],"picked":"bronze:Iterate+1","floor":20.0},{"not_picked":["bronze:BuggyMess","bronze:Invalidate","bronze:BugBarrage"],"picked":"SKIP","floor":21.0},{"not_picked":["bronze:ClassDefault","bronze:Overload"],"picked":"bronze:Repulsor","floor":23.0},{"not_picked":["bronze:Optimize","bronze:DigitalCarnage"],"picked":"bronze:Iterate+1","floor":26},{"not_picked":["bronze:WildBeam","bronze:Iterate+1","bronze:ForceShield"],"picked":"SKIP","floor":28},{"not_picked":["bronze:HyperBeam","bronze:Invalidate"],"picked":"bronze:ChosenStrike","floor":29},{"not_picked":["bronze:CloningBeam","bronze:BuggyMess"],"picked":"bronze:OilSpill+1","floor":30},{"not_picked":["bronze:DelayedGuard+1","bronze:BugBarrage"],"picked":"bronze:CutThrough+1","floor":31},{"not_picked":["bronze:Backtrace+1","bronze:BitShift"],"picked":"bronze:FollowUp","floor":32},{"not_picked":["bronze:Assembly","bronze:AlphaBuild"],"picked":"bronze:Verify+1","floor":33},{"not_picked":["bronze:Invalidate+1","bronze:MaxOutput+1"],"picked":"bronze:Repair+1","floor":36},{"not_picked":["bronze:Overheat","bronze:CutThrough"],"picked":"bronze:DarkDash+1","floor":37},{"not_picked":["bronze:CutThrough","bronze:MaxOutput+1","bronze:Shield"],"picked":"SKIP","floor":38},{"not_picked":["bronze:Invalidate","bronze:CloningBeam+1"],"picked":"bronze:Overheat+1","floor":40},{"not_picked":["bronze:WildBeam","bronze:Invalidate+1"],"picked":"bronze:DelayedSlice","floor":42},{"not_picked":["bronze:ClassDefault+1","bronze:Repulsor+1","bronze:ShipIt"],"picked":"SKIP","floor":43},{"not_picked":["bronze:BitShift+1","bronze:BuggyMess+1"],"picked":"bronze:Boost+1","floor":44},{"not_picked":["bronze:Frontload","bronze:Invalidate+1"],"picked":"bronze:DelayedSlice+1","floor":45},{"not_picked":["bronze:DigitalCarnage+1","bronze:FineTuning","bronze:DelayedGuard"],"picked":"SKIP","floor":47},{"not_picked":["bronze:BuggyMess+1","bronze:Shield","bronze:WhirlingStrike"],"picked":"SKIP","floor":48},{"not_picked":["bronze:WhirlingStrike","bronze:Overload+1"],"picked":"bronze:Shield+1","floor":49}],"player_experience":847679,"relics_obtained":[{"floor":7.0,"key":"CeramicFish"},{"floor":9.0,"key":"PreservedInsect"},{"floor":14.0,"key":"Mummified Hand"},{"floor":20.0,"key":"Red Mask"},{"floor":24.0,"key":"Bag of Preparation"},{"floor":29,"key":"Oddly Smooth Stone"},{"floor":31,"key":"Frozen Egg 2"},{"floor":39,"key":"Gambling Chip"},{"floor":41,"key":"Pantograph"},{"floor":44,"key":"Nunchaku"}],"event_choices":[{"damage_healed":0.0,"max_hp_gain":0.0,"max_hp_loss":0.0,"gold_gain":0.0,"event_name":"Masked Bandits","player_choice":"Fought Bandits","floor":20.0,"gold_loss":0.0,"damage_taken":0.0},{"damage_healed":0,"gold_gain":0,"player_choice":"Ignored","damage_taken":0,"max_hp_gain":0,"max_hp_loss":0,"event_name":"NoteForYourself","floor":27,"gold_loss":0}],"is_beta":false,"boss_relics":[{"not_picked":["Coffee Dripper","Empty Cage"],"picked":"bronze:MakeshiftBattery"},{"not_picked":["Velvet Choker","Runic Pyramid"],"picked":"bronze:PlatinumCore"}],"items_purged_floors":[10,30,43],"is_endless":false,"potions_floor_spawned":[4,5,8,9,16,20,21,26,29,33,39,40,45,48,49],"ascension_level":0}}