{"host":"12g8pzxdn4uh7yby","time":1612261232,"event":{"mods":["AchievementEnabler","BaseMod","Colored Map","Highlight Path","Minty Spire (QoL Compilation)","Relic Stats","StSLib"],"gold_per_floor":[113,126,126,1,1,44,69,69,118,118,45,85,85,109,109,234,234,247,247,247,263,20,64,64,87,87,108,108,108],"floor_reached":28,"playtime":1907,"items_purged":["Doubt","Shame"],"score":271,"play_id":"2e01ac40-59b4-462e-a8d0-0cf12d76dbae","local_time":"20210202032032","is_ascension_mode":true,"campfire_choices":[{"data":"Sucker Punch","floor":8.0,"key":"SMITH"},{"data":"Blade Dance","floor":10.0,"key":"SMITH"},{"floor":13.0,"key":"REST"},{"data":"Burst","floor":15.0,"key":"SMITH"},{"data":"Adrenaline","floor":24,"key":"SMITH"}],"circlet_count":0,"master_deck":["Strike_G","Strike_G","Strike_G","Defend_G","Defend_G","Defend_G","Defend_G","Defend_G","Survivor","Neutralize","Phantasmal Killer","Blade Dance+1","Sucker Punch+1","Poisoned Stab","Noxious Fumes","Burst+1","Envenom","Well Laid Plans","Adrenaline+1","Accuracy","Prepared+1"],"relics":["Ring of the Snake","Golden Idol","Potion Belt","Ancient Tea Set","Anchor","Empty Cage","Nloth\u0027s Gift","Vajra","Dream Catcher","Toy Ornithopter"],"acts_visited":["Exordium","TheCity"],"potions_floor_usage":[27,28],"damage_taken":[{"damage":6.0,"enemies":"Cultist","floor":1.0,"turns":3.0},{"damage":1.0,"enemies":"2 Louse","floor":2.0,"turns":2.0},{"damage":28.0,"enemies":"Gremlin Nob","floor":6.0,"turns":4.0},{"damage":0.0,"enemies":"Small Slimes","floor":7.0,"turns":2.0},{"damage":18.0,"enemies":"Lagavulin","floor":12.0,"turns":3.0},{"damage":1.0,"enemies":"2 Fungi Beasts","floor":14.0,"turns":3.0},{"damage":11.0,"enemies":"The Guardian","floor":16.0,"turns":10.0},{"damage":7.0,"enemies":"Chosen","floor":18.0,"turns":5.0},{"damage":3,"enemies":"3 Byrds","floor":21,"turns":5},{"damage":24,"enemies":"Book of Stabbing","floor":23,"turns":6},{"damage":21,"enemies":"Snake Plant","floor":25,"turns":5},{"damage":19,"enemies":"Centurion and Healer","floor":27,"turns":5},{"damage":8,"enemies":"Snecko","floor":28,"turns":2}],"seed_played":"-1588565931393544189","potions_obtained":[{"floor":6.0,"key":"Strength Potion"},{"floor":16.0,"key":"Fire Potion"},{"floor":23,"key":"SpeedPotion"}],"is_trial":false,"path_per_floor":["M","M","?","$","?","E","M","R","T","R","$","E","R","M","R","B",null,"M","?","?","M","$","E","R","M","T","M","M"],"character_chosen":"THE_SILENT","items_purchased":["FearPotion","Noxious Fumes","Vajra"],"campfire_rested":1,"item_purchase_floors":[4,11,22],"current_hp_per_floor":[64,63,63,63,68,40,40,40,40,40,40,22,43,42,42,31,70,63,63,63,60,60,36,36,15,15,1,0,0],"gold":108,"neow_bonus":"THREE_RARE_CARDS","is_daily":false,"chose_seed":false,"campfire_upgraded":4,"win_rate":0.0,"timestamp":1612261232,"path_taken":["M","?","?","$","?","E","M","R","T","R","$","E","R","M","R","BOSS","M","?","?","M","$","E","R","M","T","M","?"],"items_purchased_type":["Potion","Card","Relic"],"build_version":"2020-12-13","purchased_purges":2,"victory":false,"max_hp_per_floor":[70,70,65,65,70,70,70,70,70,70,70,70,70,70,70,70,70,70,70,70,70,70,70,70,70,70,70,70,70],"relic_stats":{"Dream Catcher":0,"counters":[13,55],"Golden Idol":79,"Nloth\u0027s Gift":1,"obtain_stats":[{"Potion Belt":6,"Anchor":12,"Dream Catcher":23,"Golden Idol":3,"Vajra":22,"PreservedInsect":19,"Nloth\u0027s Gift":20,"Ancient Tea Set":9,"Empty Cage":17,"Toy Ornithopter":26,"Ring of the Snake":0},{"Potion Belt":3,"Anchor":5,"Dream Catcher":10,"Golden Idol":2,"Vajra":9,"PreservedInsect":8,"Nloth\u0027s Gift":8,"Ancient Tea Set":4,"Empty Cage":7,"Toy Ornithopter":11,"Ring of the Snake":0},{"Potion Belt":9,"Anchor":14,"Dream Catcher":43,"Golden Idol":5,"Vajra":37,"PreservedInsect":32,"Nloth\u0027s Gift":32,"Ancient Tea Set":11,"Empty Cage":27,"Toy Ornithopter":48,"Ring of the Snake":0}],"Toy Ornithopter":10,"Ring of the Snake":[26]},"card_choices":[{"not_picked":["Storm of Steel","Burst"],"picked":"Phantasmal Killer","floor":0.0},{"not_picked":["Cloak And Dagger","Backstab"],"picked":"Blade Dance","floor":1.0},{"not_picked":["Outmaneuver","Prepared"],"picked":"Sucker Punch","floor":2.0},{"not_picked":["Deadly Poison","Sucker Punch","Underhanded Strike"],"picked":"SKIP","floor":6.0},{"not_picked":["Underhanded Strike","Choke"],"picked":"Poisoned Stab","floor":7.0},{"not_picked":["Catalyst","Masterful Stab"],"picked":"Burst","floor":12.0},{"not_picked":["Leg Sweep","Tactician","Underhanded Strike"],"picked":"SKIP","floor":14.0},{"not_picked":["Bullet Time","Die Die Die"],"picked":"Envenom","floor":16.0},{"not_picked":["Deadly Poison+1","Quick Slash","Dagger Throw"],"picked":"SKIP","floor":18},{"not_picked":["Outmaneuver","Poisoned Stab"],"picked":"Well Laid Plans","floor":21},{"not_picked":["Predator+1","Dodge and Roll"],"picked":"Adrenaline","floor":23},{"not_picked":["Deadly Poison+1","Tactician"],"picked":"Accuracy","floor":25},{"not_picked":["Outmaneuver+1","Terror"],"picked":"Prepared+1","floor":27}],"player_experience":95510,"relics_obtained":[{"floor":6.0,"key":"Potion Belt"},{"floor":9.0,"key":"Ancient Tea Set"},{"floor":12.0,"key":"Anchor"},{"floor":23,"key":"Dream Catcher"},{"floor":26,"key":"Toy Ornithopter"}],"event_choices":[{"damage_healed":0.0,"max_hp_gain":0.0,"max_hp_loss":5.0,"gold_gain":0.0,"event_name":"Golden Idol","player_choice":"Lose Max HP","floor":3.0,"gold_loss":0.0,"damage_taken":0.0,"relics_obtained":["Golden Idol"]},{"damage_healed":0.0,"max_hp_gain":5.0,"max_hp_loss":0.0,"gold_gain":0.0,"event_name":"Big Fish","player_choice":"Donut","floor":5.0,"gold_loss":0.0,"damage_taken":0.0},{"damage_healed":0,"gold_gain":0,"player_choice":"Stole Relic","damage_taken":0,"relics_obtained":["PreservedInsect"],"max_hp_gain":0,"max_hp_loss":0,"event_name":"Addict","floor":19,"gold_loss":0,"cards_obtained":["Shame"]},{"damage_healed":0,"gold_gain":0,"player_choice":"Traded Relic","damage_taken":0,"relics_obtained":["Nloth\u0027s Gift"],"max_hp_gain":0,"max_hp_loss":0,"event_name":"N\u0027loth","floor":20,"relics_lost":["PreservedInsect"],"gold_loss":0}],"is_beta":false,"boss_relics":[{"not_picked":["Fusion Hammer","Black Star"],"picked":"Empty Cage"}],"items_purged_floors":[4,22],"is_endless":false,"potions_floor_spawned":[6,16,23],"killed_by":"Snecko","ascension_level":2}}