{"host":"0s8kyghz8ihx2r41","time":1612292310,"event":{"mods":["2.2 Compatiblity","Act Like it!","Bard","BaseMod","CapriCore","Chen","Conspire","Downfall","Friendly Minions","Hermit","HololiveMod","Hubris","Koishi","Lobotomy","LobotomyExtend","Marisa（霧雨　魔理沙）","Minty Spire (QoL Compilation)","Prisma Mod","READ ME - Snecko Mod","Reimu（博??梦）","Replay The Spire","Spire Birthday Party","StSLib","The Clintock","The Construct","The Cursed","The Disciple","The Druid","The Gatherer","The Immortal","The Mystic","The Servant 0.9.4","TheVacant","Waifu the Spire","Yuyuko","everything is the same but u backflip on backflip","slay the spire mod where everything is the same but ironclad has a cowboy hat"],"gold_per_floor":[113,128,128,139,139,139,149,162,189,219,219,233,249,170,170,270,270,270,77,77,97,110,110,124,124,124,124,224,257,276,290,290,393,393,410,430,430,0,50,50,50,50],"floor_reached":41,"language":"ENG","playtime":2509,"items_purged":["mysticmod:Strike_Mystic"],"score":413,"play_id":"8cfc6302-2267-438b-aa13-c7b64e7e26af","local_time":"20210202135830","is_ascension_mode":false,"campfire_choices":[{"data":"mysticmod:HeavyStrike","floor":6,"key":"SMITH"},{"floor":11,"key":"REST"},{"floor":15,"key":"REST"},{"data":"mysticmod:Spellstrike","floor":23,"key":"SMITH"},{"floor":25,"key":"REST"},{"floor":32,"key":"REST"},{"floor":40,"key":"REST"}],"circlet_count":0,"master_deck":["mysticmod:Strike_Mystic","mysticmod:Strike_Mystic","mysticmod:Strike_Mystic","mysticmod:Defend_Mystic","mysticmod:Defend_Mystic","mysticmod:Defend_Mystic","mysticmod:Defend_Mystic","mysticmod:ArcaneDodge+1","mysticmod:ShockingGrasp","mysticmod:HeavyStrike+1","mysticmod:Alacrity","mysticmod:Fireball","mysticmod:ComponentsPouch","mysticmod:MightyMagic","mysticmod:HunkerDown","mysticmod:BladedDash","mysticmod:LightningBolt","mysticmod:Feint","mysticmod:Spellstrike+1","mysticmod:SummonFamiliar","mysticmod:Riposte+1","mysticmod:Disengage","mysticmod:Discipline","mysticmod:KnowledgePool","mysticmod:Alacrity+1","mysticmod:DiviningBlow+1","mysticmod:Snowball","mysticmod:Fly","mysticmod:SuddenClarity"],"relics":["mysticmod:BlessedBook","hubris:SlimyHat","Snack Pack","LetterFromLob","Philosopher\u0027s Stone","Anchor","conspire:DecoderRing","HornCleat","hubris:Zylophone"],"acts_visited":["Exordium","TheCity","TheBeyond"],"potions_floor_usage":[10,41,41],"damage_taken":[{"damage":6,"enemies":"Cultist","floor":1,"turns":3},{"damage":0,"enemies":"conspire:RoseBush","floor":2,"turns":5},{"damage":5,"enemies":"Jaw Worm","floor":4,"turns":5},{"damage":7,"enemies":"Blue Slaver","floor":7,"turns":4},{"damage":0,"enemies":"Lots of Slimes","floor":8,"turns":1},{"damage":43,"enemies":"Lagavulin","floor":10,"turns":8},{"damage":0,"enemies":"Large Slime","floor":12,"turns":5},{"damage":9,"enemies":"conspire:2 RoseBushes","floor":13,"turns":6},{"damage":71,"enemies":"Hexaghost","floor":16,"turns":14},{"damage":16,"enemies":"Shell Parasite","floor":21,"turns":4},{"damage":0,"enemies":"Spheric Guardian","floor":22,"turns":3},{"damage":18,"enemies":"conspire:HollyBat","floor":24,"turns":7},{"damage":16,"enemies":"conspire:Head Lice","floor":29,"turns":5},{"damage":7,"enemies":"Snecko","floor":30,"turns":5},{"damage":13,"enemies":"Shelled Parasite and Fungi","floor":31,"turns":3},{"damage":124,"enemies":"Automaton","floor":33,"turns":14},{"damage":6,"enemies":"3 Shapes","floor":35,"turns":4},{"damage":1,"enemies":"Orb Walker","floor":36,"turns":3},{"damage":33,"enemies":"Mind Bloom Boss Battle","floor":39,"turns":7},{"damage":108,"enemies":"Giant Head","floor":41,"turns":11}],"seed_played":"-60948360905867245","potions_obtained":[{"floor":2,"key":"FearPotion"},{"floor":12,"key":"FairyPotion"},{"floor":21,"key":"FairyPotion"},{"floor":22,"key":"Weak Potion"},{"floor":33,"key":"Ancient Potion"},{"floor":35,"key":"SpeedPotion"}],"is_trial":false,"path_per_floor":["M","M","?","M","$","R","M","M","T","E","R","M","M","$","R","B",null,"M","$","?","M","M","R","M","R","T","?","?","E","M","M","R","B",null,"M","M","?","$","?","R","E"],"character_chosen":"MYSTIC_CLASS","items_purchased":["mysticmod:Feint","Anchor","mysticmod:SummonFamiliar","HornCleat","mysticmod:Snowball","mysticmod:Fly"],"campfire_rested":5,"item_purchase_floors":[14,19,19,38,38,38],"current_hp_per_floor":[71,71,76,71,71,71,64,64,64,21,45,45,38,38,62,24,82,82,82,82,66,72,72,60,82,82,82,82,68,63,52,76,26,82,78,79,79,79,51,75,0,0],"gold":50,"neow_bonus":"UPGRADE_CARD","is_daily":false,"chose_seed":false,"campfire_upgraded":2,"win_rate":0.0,"timestamp":1612292310,"path_taken":["M","?","?","M","?","R","M","?","T","E","R","M","M","$","R","BOSS","M","$","?","M","M","R","M","R","T","?","?","E","?","M","R","BOSS","M","M","?","$","?","R","E"],"items_purchased_type":["Card","Relic","Card","Relic","Card","Card"],"build_version":"2020-12-22","purchased_purges":1,"victory":false,"max_hp_per_floor":[77,77,82,82,82,82,82,82,82,82,82,82,82,82,82,82,82,82,82,82,82,82,82,82,82,82,82,82,82,82,82,82,82,82,82,82,82,82,82,82,82,82],"card_choices":[{"not_picked":["mysticmod:BulkUp","mysticmod:Riposte"],"picked":"mysticmod:HeavyStrike","floor":1},{"not_picked":["mysticmod:Probe","mysticmod:Daze"],"picked":"mysticmod:Alacrity","floor":2},{"not_picked":["mysticmod:Flourish","mysticmod:SuddenClarity"],"picked":"mysticmod:Fireball","floor":4},{"not_picked":["mysticmod:PowerSlash","mysticmod:HunkerDown"],"picked":"mysticmod:ComponentsPouch","floor":7},{"not_picked":["mysticmod:DiviningBlow","mysticmod:FloatingDisk"],"picked":"mysticmod:MightyMagic","floor":8},{"not_picked":["mysticmod:ComponentsPouch","mysticmod:CorrosiveTouch"],"picked":"mysticmod:HunkerDown","floor":10},{"not_picked":["mysticmod:TomeOfSpells","mysticmod:RapidCaster"],"picked":"mysticmod:BladedDash","floor":12},{"not_picked":["mysticmod:Disengage","mysticmod:MagicMissile"],"picked":"mysticmod:LightningBolt","floor":13},{"not_picked":["mysticmod:Disintegrate","mysticmod:KnowledgePool"],"picked":"mysticmod:Spellstrike","floor":16},{"not_picked":["mysticmod:LightningBolt","mysticmod:Sideswipe"],"picked":"mysticmod:Riposte+1","floor":21},{"not_picked":["mysticmod:Sideswipe","mysticmod:HeavyStrike"],"picked":"mysticmod:Disengage","floor":22},{"not_picked":["mysticmod:ClosingBarrage","mysticmod:ComponentsPouch","mysticmod:Riposte"],"picked":"SKIP","floor":24},{"not_picked":["mysticmod:Sideswipe","mysticmod:HeavyStrike"],"picked":"mysticmod:Discipline","floor":29},{"not_picked":["mysticmod:Grapple","mysticmod:Shield","mysticmod:Daze+1"],"picked":"SKIP","floor":30},{"not_picked":["mysticmod:Daze+1","mysticmod:Feint+1","mysticmod:ComponentsPouch"],"picked":"SKIP","floor":31},{"not_picked":["mysticmod:Spellstrike","mysticmod:EnchantedMoulinet"],"picked":"mysticmod:KnowledgePool","floor":33},{"not_picked":["mysticmod:Daze","mysticmod:BulkUp+1"],"picked":"mysticmod:Alacrity+1","floor":35},{"not_picked":["mysticmod:Shield","mysticmod:Daze+1"],"picked":"mysticmod:DiviningBlow+1","floor":36},{"not_picked":["mysticmod:Flurry","mysticmod:LightningBolt"],"picked":"mysticmod:SuddenClarity","floor":39}],"player_experience":320236,"relics_obtained":[{"floor":9,"key":"hubris:SlimyHat"},{"floor":10,"key":"Snack Pack"},{"floor":12,"key":"LetterFromLob"},{"floor":26,"key":"conspire:DecoderRing"},{"floor":39,"key":"hubris:Zylophone"}],"event_choices":[{"damage_healed":0,"gold_gain":0,"player_choice":"Donut","damage_taken":0,"max_hp_gain":5,"max_hp_loss":0,"event_name":"Big Fish","floor":3,"gold_loss":0},{"damage_healed":0,"gold_gain":100,"player_choice":"Pray","damage_taken":0,"max_hp_gain":0,"max_hp_loss":0,"event_name":"Golden Shrine","floor":28,"gold_loss":0},{"damage_healed":0,"gold_gain":0,"player_choice":"Fight","damage_taken":0,"max_hp_gain":0,"max_hp_loss":0,"event_name":"MindBloom","floor":39,"gold_loss":0}],"is_beta":false,"boss_relics":[{"not_picked":["Sozu","Ectoplasm"],"picked":"Philosopher\u0027s Stone"},{"not_picked":["Runic Dome","hubris:GrandSneckoEye"],"picked":"mysticmod:BlessedBook"}],"items_purged_floors":[38],"is_endless":false,"potions_floor_spawned":[2,12,21,22,33,35,39],"killed_by":"Giant Head","ascension_level":0}}