{"host":"ypzb5vvnu9f3ii1t","time":1612257547,"event":{"mods":["AchievementEnabler","BaseMod","Colored Map","DeckTracker","Keyboard Shortcuts","Minty Spire (QoL Compilation)","Permanent Neow","Quick Restart","SuperFastMode"],"gold_per_floor":[119,119,119,119,133,133,149,161,186,215,229,245,259,270,270,270,270],"floor_reached":16,"language":"KOR","playtime":378,"items_purged":[],"score":131,"play_id":"15733f00-f950-4dc5-9351-1f431f91a5f5","local_time":"20210202181907","daily_mods":["Hoarder","Vintage","Heirloom","Time Dilation","Flight"],"is_ascension_mode":false,"campfire_choices":[{"data":"Eruption","floor":6.0,"key":"SMITH"},{"floor":15,"key":"REST"}],"circlet_count":0,"master_deck":["Strike_P","Strike_P","Strike_P","Strike_P","Defend_P","Defend_P","Defend_P","Defend_P","Eruption+1","Vigilance"],"relics":["PureWater","TungstenRod","Ancient Tea Set","StoneCalendar","Bag of Preparation","Frozen Egg 2","PreservedInsect","Meat on the Bone","Damaru","Prayer Wheel","Torii","Blood Vial"],"acts_visited":["Exordium"],"potions_floor_usage":[13,16],"damage_taken":[{"damage":0.0,"enemies":"Jaw Worm","floor":1.0,"turns":3.0},{"damage":0.0,"enemies":"Cultist","floor":5.0,"turns":2.0},{"damage":0.0,"enemies":"Small Slimes","floor":7.0,"turns":3.0},{"damage":13.0,"enemies":"2 Fungi Beasts","floor":8.0,"turns":3.0},{"damage":0.0,"enemies":"Gremlin Nob","floor":10.0,"turns":2.0},{"damage":0,"enemies":"Blue Slaver","floor":11,"turns":1},{"damage":11,"enemies":"Exordium Wildlife","floor":12,"turns":4},{"damage":3,"enemies":"Large Slime","floor":13,"turns":3},{"damage":0,"enemies":"2 Fungi Beasts","floor":14,"turns":1},{"damage":22,"enemies":"The Guardian","floor":16,"turns":4}],"seed_played":"3537540978075746291","potions_obtained":[{"floor":7.0,"key":"Strength Potion"},{"floor":8.0,"key":"ColorlessPotion"},{"floor":10.0,"key":"Explosive Potion"},{"floor":12,"key":"SteroidPotion"},{"floor":13,"key":"AttackPotion"}],"is_trial":true,"path_per_floor":["M","$","$","$","M","R","M","M","T","E","M","M","M","M","R","B"],"character_chosen":"WATCHER","items_purchased":[],"campfire_rested":1,"item_purchase_floors":[],"current_hp_per_floor":[72,72,72,72,72,72,72,59,59,59,59,48,45,45,66,46,46],"gold":270,"neow_bonus":"","is_daily":false,"chose_seed":false,"campfire_upgraded":1,"win_rate":0.0,"timestamp":1612257547,"path_taken":["M","$","$","$","M","R","M","M","T","E","M","M","M","M","R","BOSS"],"items_purchased_type":[],"build_version":"2020-12-22","purchased_purges":0,"victory":false,"max_hp_per_floor":[72,72,72,72,72,72,72,72,72,72,72,72,72,72,72,72,72],"card_choices":[{"not_picked":["EmptyBody","SpiritShield","InnerPeace"],"picked":"SKIP","floor":10.0},{"not_picked":["EmptyBody","SpiritShield","InnerPeace"],"picked":"SKIP","floor":10.0}],"player_experience":161961,"relics_obtained":[{"floor":1.0,"key":"Ancient Tea Set"},{"floor":5.0,"key":"StoneCalendar"},{"floor":7.0,"key":"Bag of Preparation"},{"floor":8.0,"key":"Frozen Egg 2"},{"floor":9.0,"key":"PreservedInsect"},{"floor":10.0,"key":"Meat on the Bone"},{"floor":11,"key":"Damaru"},{"floor":12,"key":"Prayer Wheel"},{"floor":13,"key":"Torii"},{"floor":14,"key":"Blood Vial"}],"event_choices":[],"is_beta":false,"boss_relics":[],"items_purged_floors":[],"is_endless":false,"potions_floor_spawned":[7,8,10,12,13],"killed_by":"The Guardian","ascension_level":0}}