{"host":"4jj9j1v1tx707ann","time":1612276961,"event":{"mods":["AchievementEnabler","BaseMod","Colored Map","Keyboard Shortcuts","Minty Spire (QoL Compilation)","Permanent Neow","Quick Restart","Rare Cards Sparkle","StSLib","SuperFastMode","everything is the same but u backflip on backflip"],"gold_per_floor":[109,120,132,150,168,199,179,209,279,299,299,330,346,521,521,618,618,636,636,160,179,198,198,231,231],"floor_reached":24,"language":"KOR","playtime":970,"items_purged":["Doubt"],"score":300,"play_id":"87889b24-1e8f-4dcb-a628-47538e1200fd","local_time":"20210202234241","is_ascension_mode":true,"campfire_choices":[{"data":"Body Slam","floor":11.0,"key":"SMITH"},{"data":"True Grit","floor":15.0,"key":"SMITH"},{"data":"Flame Barrier","floor":23,"key":"SMITH"}],"circlet_count":0,"master_deck":["Strike_R","Strike_R","Strike_R","Defend_R","Defend_R","Defend_R","Defend_R","Bash","Body Slam+1","Combust","Shrug It Off","Armaments","Cleave","Second Wind","Warcry","True Grit+1","Reaper","Ghostly Armor","Flame Barrier+1"],"relics":["Burning Blood","The Courier","CaptainsWheel","Lizard Tail","Runic Pyramid","Nloth\u0027s Gift","TheAbacus","Incense Burner","PreservedInsect"],"acts_visited":["Exordium","TheCity"],"potions_floor_usage":[],"damage_taken":[{"damage":3.0,"enemies":"Cultist","floor":1.0,"turns":3.0},{"damage":8.0,"enemies":"Jaw Worm","floor":2.0,"turns":4.0},{"damage":4.0,"enemies":"Small Slimes","floor":3.0,"turns":4.0},{"damage":5.0,"enemies":"Blue Slaver","floor":4.0,"turns":4.0},{"damage":10.0,"enemies":"Red Slaver","floor":5.0,"turns":4.0},{"damage":17.0,"enemies":"Lagavulin","floor":6.0,"turns":6.0},{"damage":11.0,"enemies":"3 Sentries","floor":8.0,"turns":5.0},{"damage":6.0,"enemies":"Exordium Thugs","floor":10.0,"turns":3.0},{"damage":32.0,"enemies":"Lagavulin","floor":12.0,"turns":8.0},{"damage":2.0,"enemies":"Exordium Wildlife","floor":13.0,"turns":3.0},{"damage":23.0,"enemies":"Slime Boss","floor":16.0,"turns":11.0},{"damage":37,"enemies":"2 Thieves","floor":18,"turns":4},{"damage":32,"enemies":"3 Byrds","floor":21,"turns":5},{"damage":12,"enemies":"Snake Plant","floor":22,"turns":7},{"damage":19,"enemies":"Book of Stabbing","floor":24,"turns":9}],"seed_played":"-7216330262407253152","potions_obtained":[{"floor":2.0,"key":"Fruit Juice"},{"floor":4.0,"key":"Energy Potion"},{"floor":7.0,"key":"BlessingOfTheForge"},{"floor":10.0,"key":"EntropicBrew"},{"floor":12.0,"key":"Strength Potion"},{"floor":16.0,"key":"BlessingOfTheForge"},{"floor":24,"key":"Dexterity Potion"}],"is_trial":false,"path_per_floor":["M","M","M","M","M","E","?","E","T","M","R","E","M","?","R","B",null,"M","?","$","M","M","R","E"],"character_chosen":"IRONCLAD","items_purchased":["Ghostly Armor","TheAbacus","Incense Burner"],"campfire_rested":0,"item_purchase_floors":[20,20,20],"current_hp_per_floor":[72,75,77,77,73,62,62,57,57,57,57,31,35,35,35,18,62,41,41,41,21,18,18,10,10],"gold":231,"neow_bonus":"TRANSFORM_TWO_CARDS","is_daily":false,"chose_seed":false,"campfire_upgraded":3,"win_rate":0.0,"timestamp":1612276961,"path_taken":["M","M","?","M","M","E","?","E","T","M","R","E","?","?","R","BOSS","M","?","$","?","M","R","E"],"items_purchased_type":["Card","Relic","Relic"],"build_version":"2020-12-22","purchased_purges":1,"victory":false,"max_hp_per_floor":[72,77,77,77,77,77,77,77,77,77,77,77,77,77,77,77,77,77,77,77,77,77,77,77,77],"card_choices":[{"not_picked":["Iron Wave","Reckless Charge"],"picked":"Shrug It Off","floor":1.0},{"not_picked":["Iron Wave","Flex"],"picked":"Armaments","floor":2.0},{"not_picked":["Perfected Strike","Pommel Strike"],"picked":"Cleave","floor":3.0},{"not_picked":["Havoc","Pummel","Wild Strike"],"picked":"SKIP","floor":4.0},{"not_picked":["Dual Wield","Entrench"],"picked":"Second Wind","floor":5.0},{"not_picked":["Iron Wave","Sentinel","Twin Strike"],"picked":"SKIP","floor":6.0},{"not_picked":["Exhume","Thunderclap"],"picked":"Warcry","floor":8.0},{"not_picked":["Armaments","Infernal Blade","Twin Strike"],"picked":"SKIP","floor":10.0},{"not_picked":["Thunderclap","Havoc","Fire Breathing"],"picked":"SKIP","floor":12.0},{"not_picked":["Rage","Twin Strike"],"picked":"True Grit","floor":13.0},{"not_picked":["Corruption","Double Tap"],"picked":"Reaper","floor":16.0},{"not_picked":["Armaments","Bloodletting","Headbutt"],"picked":"SKIP","floor":18},{"not_picked":["Warcry","Headbutt+1"],"picked":"Flame Barrier","floor":21},{"not_picked":["Inflame","Heavy Blade","Anger+1"],"picked":"SKIP","floor":22}],"player_experience":177942,"relics_obtained":[{"floor":6.0,"key":"The Courier"},{"floor":8.0,"key":"CaptainsWheel"},{"floor":9.0,"key":"Paper Frog"},{"floor":12.0,"key":"Lizard Tail"},{"floor":24,"key":"PreservedInsect"}],"event_choices":[{"damage_healed":0.0,"max_hp_gain":0.0,"max_hp_loss":0.0,"gold_gain":0.0,"event_name":"The Woman in Blue","player_choice":"Bought 1 Potion","floor":7.0,"gold_loss":0.0,"damage_taken":0.0},{"damage_healed":0.0,"max_hp_gain":0.0,"max_hp_loss":0.0,"gold_gain":175.0,"event_name":"Liars Game","player_choice":"AGREE","floor":14.0,"gold_loss":0.0,"damage_taken":0.0,"cards_obtained":["Doubt"]},{"damage_healed":0,"gold_gain":0,"player_choice":"Traded Relic","damage_taken":0,"relics_obtained":["Nloth\u0027s Gift"],"max_hp_gain":0,"max_hp_loss":0,"event_name":"N\u0027loth","floor":19,"relics_lost":["Paper Frog"],"gold_loss":0}],"is_beta":false,"boss_relics":[{"not_picked":["Runic Dome","Cursed Key"],"picked":"Runic Pyramid"}],"items_purged_floors":[20],"is_endless":false,"potions_floor_spawned":[2,4,10,12,16,24],"killed_by":"Book of Stabbing","ascension_level":5}}