{"host":"eou1lapfs4ybncd8","time":1612297306,"event":{"mods":["BaseMod","Hubris","Infinite Spire","Minty Spire (QoL Compilation)","StSLib","The Clintock","The Cursed","The Druid","The Juggle","The Jungle"],"gold_per_floor":[112,62,62,162,180,180,207,207,231,231,37,55,66,76,76,171,171,188,188,198,12,24,51,51,51,51],"floor_reached":25,"language":"DEU","playtime":1824,"items_purged":[],"score":254,"play_id":"4b874e9a-6cd7-43fa-b177-64a4cd372795","local_time":"20210202212146","is_ascension_mode":true,"campfire_choices":[{"data":"PathToVictory","floor":6,"key":"SMITH"},{"floor":8,"key":"REST"},{"data":"Consecrate","floor":10,"key":"SMITH"},{"data":"Apotheosis","floor":15,"key":"SMITH"},{"floor":24,"key":"REST"}],"circlet_count":0,"master_deck":["Strike_P","Strike_P","Strike_P","Defend_P","Defend_P","Defend_P","Defend_P","Eruption","Vigilance","Consecrate+1","PathToVictory+1","Apotheosis+1","DeceiveReality","Establishment","LikeWater","FollowUp"],"relics":["PureWater","Art of War","Happy Flower","Blood Vial","Sozu","Membership Card","infinitespire:ShieldingShard"],"acts_visited":["Exordium","TheCity"],"potions_floor_usage":[7,16],"damage_taken":[{"damage":3,"enemies":"2 Louse","floor":1,"turns":4},{"damage":0,"enemies":"Small Slimes","floor":5,"turns":4},{"damage":30,"enemies":"Lagavulin","floor":7,"turns":5},{"damage":0,"enemies":"Cultist","floor":12,"turns":2},{"damage":0,"enemies":"Blue Slaver","floor":13,"turns":4},{"damage":4,"enemies":"Exordium Thugs","floor":14,"turns":8},{"damage":35,"enemies":"The Guardian","floor":16,"turns":13},{"damage":0,"enemies":"Shell Parasite","floor":18,"turns":6},{"damage":26,"enemies":"Spheric Guardian","floor":20,"turns":8},{"damage":10,"enemies":"Shelled Parasite and Fungi","floor":22,"turns":6},{"damage":50,"enemies":"Gremlin Leader","floor":23,"turns":8},{"damage":69,"enemies":"Cultist and Chosen","floor":25,"turns":4}],"seed_played":"2313779360976481587","potions_obtained":[{"floor":1,"key":"ColorlessPotion"},{"floor":14,"key":"Dexterity Potion"},{"floor":16,"key":"FairyPotion"}],"is_trial":false,"path_per_floor":["M","?","$","?","M","R","E","R","T","R","$","M","M","M","R","B",null,"M","?","M","$","M","E","R","M"],"character_chosen":"WATCHER","items_purchased":["Apotheosis","Membership Card","LikeWater"],"campfire_rested":2,"item_purchase_floors":[11,21,21],"current_hp_per_floor":[69,69,69,69,69,69,39,60,60,60,60,62,64,62,62,29,72,72,72,46,46,38,39,60,0,0],"gold":51,"neow_bonus":"RANDOM_COMMON_RELIC","is_daily":false,"chose_seed":false,"campfire_upgraded":3,"win_rate":0.0,"timestamp":1612297306,"path_taken":["M","?","$","?","?","R","E","R","T","R","$","M","M","M","R","BOSS","M","?","M","$","?","E","R","M"],"items_purchased_type":["Card","Relic","Card"],"build_version":"2020-12-22","purchased_purges":0,"victory":false,"max_hp_per_floor":[72,72,72,72,72,72,72,72,72,72,72,72,72,72,72,72,72,72,72,72,72,72,72,72,72,72],"card_choices":[{"not_picked":["FlyingSleeves","SashWhip"],"picked":"Consecrate","floor":1},{"not_picked":["Crescendo","FlyingSleeves"],"picked":"PathToVictory","floor":5},{"not_picked":["Sanctity","CutThroughFate","Tantrum"],"picked":"SKIP","floor":7},{"not_picked":["TalkToTheHand","EmptyBody","CrushJoints"],"picked":"SKIP","floor":12},{"not_picked":["FlyingSleeves","WaveOfTheHand"],"picked":"DeceiveReality","floor":13},{"not_picked":["CrushJoints","EmptyBody","Halt"],"picked":"SKIP","floor":14},{"not_picked":["DeusExMachina","ConjureBlade"],"picked":"Establishment","floor":16},{"not_picked":["Halt","Evaluate","Pray"],"picked":"SKIP","floor":18},{"not_picked":["FlurryOfBlows","FearNoEvil","InnerPeace"],"picked":"SKIP","floor":20},{"not_picked":["SashWhip","ThirdEye+1","EmptyFist"],"picked":"SKIP","floor":22},{"not_picked":["JustLucky","BowlingBash"],"picked":"FollowUp","floor":23}],"player_experience":393875,"relics_obtained":[{"floor":7,"key":"Happy Flower"},{"floor":9,"key":"Blood Vial"},{"floor":23,"key":"infinitespire:ShieldingShard"}],"event_choices":[{"cards_removed":["Strike_P"],"damage_healed":0,"gold_gain":0,"player_choice":"Card Removal","damage_taken":0,"max_hp_gain":0,"max_hp_loss":0,"event_name":"The Cleric","floor":2,"gold_loss":50},{"damage_healed":0,"gold_gain":100,"player_choice":"Pray","damage_taken":0,"max_hp_gain":0,"max_hp_loss":0,"event_name":"Golden Shrine","floor":4,"gold_loss":0},{"damage_healed":0,"gold_gain":0,"player_choice":"Got Potions","damage_taken":0,"max_hp_gain":0,"max_hp_loss":0,"event_name":"Lab","floor":19,"gold_loss":0}],"is_beta":false,"boss_relics":[{"not_picked":["Snecko Eye","Calling Bell"],"picked":"Sozu"}],"items_purged_floors":[],"is_endless":false,"potions_floor_spawned":[1,14,16,22],"killed_by":"Cultist and Chosen","ascension_level":3}}