{"host":"2ty4h143nj8vwezc","time":1612245858,"event":{"mods":["BaseMod","Colored Map","Googly Eyes","Highlight Path","Minty Spire (QoL Compilation)","Quick Restart","StSLib"],"gold_per_floor":[114,114,130,195,81,81,100,126,126,126,141,158,178,193,193,264,264,277,81,131,17,0,0,50,50,75,75,109,124,136,186,186,186,186],"floor_reached":33,"language":"ENG","playtime":1411,"items_purged":["Strike_G"],"score":517,"play_id":"e6857b11-901e-4c6e-8e51-142534c4cd9e","local_time":"20210202010418","is_ascension_mode":true,"campfire_choices":[{"data":"Noxious Fumes","floor":6.0,"key":"SMITH"},{"floor":10.0,"key":"REST"},{"floor":15.0,"key":"REST"},{"floor":23.0,"key":"REST"},{"data":"Bouncing Flask","floor":25.0,"key":"SMITH"},{"data":"Doppelganger","floor":27.0,"key":"SMITH"},{"floor":32.0,"key":"REST"}],"circlet_count":0,"master_deck":["AscendersBane","Strike_G","Strike_G","Strike_G","Strike_G","Defend_G","Defend_G","Defend_G","Defend_G","Defend_G","Survivor","Neutralize","Bouncing Flask+1","Backstab","Noxious Fumes+1","Setup","Venomology","Doppelganger+1","Bullet Time","PiercingWail","Writhe","Footwork+1","Escape Plan","Ghostly","Ghostly","Ghostly"],"relics":["Ring of the Snake","NeowsBlessing","SsserpentHead","Anchor","Happy Flower","Runic Pyramid","TwistedFunnel","Letter Opener","Lantern","Tingsha"],"acts_visited":["Exordium","TheCity"],"potions_floor_usage":[33,33],"damage_taken":[{"damage":0.0,"enemies":"Small Slimes","floor":1.0,"turns":1.0},{"damage":0.0,"enemies":"Cultist","floor":3.0,"turns":1.0},{"damage":0.0,"enemies":"Jaw Worm","floor":4.0,"turns":1.0},{"damage":21.0,"enemies":"Exordium Thugs","floor":7.0,"turns":5.0},{"damage":21.0,"enemies":"Lagavulin","floor":8.0,"turns":6.0},{"damage":4.0,"enemies":"2 Fungi Beasts","floor":11.0,"turns":4.0},{"damage":3.0,"enemies":"Looter","floor":12.0,"turns":3.0},{"damage":9.0,"enemies":"3 Louse","floor":13.0,"turns":5.0},{"damage":5.0,"enemies":"Hexaghost","floor":16.0,"turns":7.0},{"damage":18.0,"enemies":"Spheric Guardian","floor":18.0,"turns":5.0},{"damage":8.0,"enemies":"2 Thieves","floor":22.0,"turns":5.0},{"damage":45.0,"enemies":"Slavers","floor":28.0,"turns":7.0},{"damage":0.0,"enemies":"Snake Plant","floor":29.0,"turns":4.0},{"damage":2.0,"enemies":"3 Cultists","floor":30.0,"turns":4.0},{"damage":23,"enemies":"Champ","floor":33,"turns":12}],"seed_played":"-2526468833683421863","potions_obtained":[{"floor":3.0,"key":"Swift Potion"},{"floor":7.0,"key":"SkillPotion"},{"floor":12.0,"key":"SkillPotion"},{"floor":13.0,"key":"DuplicationPotion"},{"floor":18.0,"key":"Strength Potion"},{"floor":28.0,"key":"DistilledChaos"},{"floor":30.0,"key":"DistilledChaos"}],"is_trial":false,"path_per_floor":["M","?","M","M","$","R","M","E","T","R","M","M","M","?","R","B",null,"M","$","?","$","M","R","?","R","T","R","E","M","M","?","R","B"],"character_chosen":"THE_SILENT","items_purchased":["Noxious Fumes","Bullet Time","PiercingWail","TwistedFunnel"],"campfire_rested":4,"item_purchase_floors":[5,19,19,21],"current_hp_per_floor":[59,59,59,59,59,59,38,17,17,36,32,29,20,36,55,50,62,44,44,44,44,36,55,55,55,55,55,10,10,8,8,17,0,0],"gold":186,"neow_bonus":"THREE_ENEMY_KILL","is_daily":false,"chose_seed":false,"campfire_upgraded":3,"win_rate":0.0,"timestamp":1612245858,"path_taken":["M","?","M","?","$","R","M","E","T","R","M","M","M","?","R","BOSS","M","$","?","?","M","R","?","R","T","R","E","M","M","?","R","BOSS"],"items_purchased_type":["Card","Card","Card","Relic"],"build_version":"2020-12-22","purchased_purges":1,"victory":false,"max_hp_per_floor":[66,66,66,66,66,66,66,66,66,66,66,66,66,66,66,66,66,66,66,66,66,66,66,66,66,66,66,66,66,66,33,33,33,33],"card_choices":[{"not_picked":["Sucker Punch","Endless Agony","Dagger Throw"],"picked":"SKIP","floor":1.0},{"not_picked":["Prepared","Cloak And Dagger"],"picked":"Bouncing Flask","floor":3.0},{"not_picked":["PiercingWail","Dash"],"picked":"Backstab","floor":4.0},{"not_picked":["Cloak And Dagger","Backflip","Flying Knee"],"picked":"SKIP","floor":7.0},{"not_picked":["Outmaneuver","Bouncing Flask"],"picked":"Setup","floor":8.0},{"not_picked":["PiercingWail","Poisoned Stab"],"picked":"Venomology","floor":11.0},{"not_picked":["Concentrate","Slice","Backflip"],"picked":"SKIP","floor":12.0},{"not_picked":["Riddle With Holes","Flying Knee","Dodge and Roll"],"picked":"SKIP","floor":13.0},{"not_picked":["Malaise","Glass Knife"],"picked":"Doppelganger","floor":16.0},{"not_picked":["Choke","Dagger Spray","Quick Slash+1"],"picked":"SKIP","floor":18.0},{"not_picked":["Blade Dance","Bane","Outmaneuver"],"picked":"SKIP","floor":22.0},{"not_picked":["Flying Knee","Deadly Poison"],"picked":"Footwork+1","floor":28.0},{"not_picked":["Backflip","Bane"],"picked":"Escape Plan","floor":29.0},{"not_picked":["Distraction","Endless Agony","Cloak And Dagger"],"picked":"SKIP","floor":30.0}],"player_experience":333596,"relics_obtained":[{"floor":8.0,"key":"Anchor"},{"floor":9.0,"key":"Happy Flower"},{"floor":26.0,"key":"Lantern"},{"floor":28.0,"key":"Tingsha"}],"event_choices":[{"damage_healed":0.0,"max_hp_gain":0.0,"max_hp_loss":0.0,"gold_gain":0.0,"event_name":"FaceTrader","player_choice":"Trade","floor":2.0,"gold_loss":0.0,"damage_taken":0.0,"relics_obtained":["SsserpentHead"]},{"damage_healed":16.0,"max_hp_gain":0.0,"max_hp_loss":0.0,"gold_gain":0.0,"event_name":"The Cleric","player_choice":"Healed","floor":14.0,"gold_loss":35.0,"damage_taken":0.0},{"damage_healed":0.0,"max_hp_gain":0.0,"max_hp_loss":0.0,"gold_gain":0.0,"event_name":"Vampires","player_choice":"Ignored","floor":20.0,"gold_loss":0.0,"damage_taken":0.0},{"damage_healed":0.0,"max_hp_gain":0.0,"max_hp_loss":0.0,"gold_gain":0.0,"event_name":"The Mausoleum","player_choice":"Opened","floor":24.0,"gold_loss":0.0,"damage_taken":0.0,"relics_obtained":["Letter Opener"],"cards_obtained":["Writhe"]},{"damage_healed":0.0,"max_hp_gain":0.0,"max_hp_loss":33.0,"gold_gain":0.0,"event_name":"Ghosts","player_choice":"Became a Ghost","floor":31.0,"gold_loss":0.0,"damage_taken":0.0,"cards_obtained":["Ghostly","Ghostly","Ghostly"]}],"is_beta":false,"boss_relics":[{"not_picked":["Busted Crown","WristBlade"],"picked":"Runic Pyramid"}],"items_purged_floors":[5],"is_endless":false,"potions_floor_spawned":[3,7,12,13,18,28,30],"killed_by":"Champ","ascension_level":19}}