{"host":"52m1o8iwwagurbjs","time":1612230994,"event":{"mods":["AchievementEnabler","BaseMod","Bestiary","Colored Powertips","GifTheSpireLib","Minty Spire (QoL Compilation)","Quick Restart","RNG Fix","Relic Stats","StSLib"],"gold_per_floor":[109,123,133,133,133,162,178,213,213,213,243,243,260,274,274,369,369,380,305,315,20,35,60,60,94,94,94,109,124,124,124],"floor_reached":30,"language":"ENG","playtime":1089,"items_purged":[],"score":358,"play_id":"359da4ce-3640-428b-8c36-59b7034e834d","local_time":"20210201205634","is_ascension_mode":true,"campfire_choices":[{"data":"Fission","floor":10.0,"key":"SMITH"},{"data":"Seek","floor":12.0,"key":"SMITH"},{"data":"Coolheaded","floor":15.0,"key":"SMITH"},{"data":"Defragment","floor":27,"key":"SMITH"}],"circlet_count":0,"master_deck":["Strike_B","Strike_B","Defend_B","Defend_B","Defend_B","Zap","Dualcast","Doom and Gloom","Double Energy+1","Sweeping Beam","Fission+1","Coolheaded+1","BootSequence","Seek+1","Sweeping Beam","Electrodynamics","Hologram","Defragment+1","Coolheaded","Recycle","Reinforced Body+1","Seek","Glacier"],"relics":["Cracked Core","Ice Cream","MealTicket","Pear","Bag of Preparation","Empty Cage","PreservedInsect","Smiling Mask","Orichalcum","Prayer Wheel"],"acts_visited":["Exordium","TheCity"],"potions_floor_usage":[28,30,30],"damage_taken":[{"damage":1.0,"enemies":"2 Louse","floor":1.0,"turns":2.0},{"damage":1.0,"enemies":"Cultist","floor":2.0,"turns":3.0},{"damage":15.0,"enemies":"Small Slimes","floor":3.0,"turns":2.0},{"damage":8.0,"enemies":"3 Sentries","floor":6.0,"turns":3.0},{"damage":5.0,"enemies":"Looter","floor":7.0,"turns":3.0},{"damage":8.0,"enemies":"Gremlin Nob","floor":8.0,"turns":3.0},{"damage":11.0,"enemies":"3 Sentries","floor":11.0,"turns":5.0},{"damage":7.0,"enemies":"Blue Slaver","floor":13.0,"turns":3.0},{"damage":0.0,"enemies":"Exordium Wildlife","floor":14.0,"turns":1.0},{"damage":8.0,"enemies":"Slime Boss","floor":16.0,"turns":9.0},{"damage":3.0,"enemies":"2 Thieves","floor":18.0,"turns":2.0},{"damage":0.0,"enemies":"3 Byrds","floor":20.0,"turns":2.0},{"damage":27.0,"enemies":"Sentry and Sphere","floor":22.0,"turns":4.0},{"damage":6.0,"enemies":"Gremlin Leader","floor":23.0,"turns":4.0},{"damage":0,"enemies":"Slavers","floor":25,"turns":2},{"damage":6,"enemies":"Centurion and Healer","floor":28,"turns":4},{"damage":0,"enemies":"3 Cultists","floor":29,"turns":2},{"damage":39,"enemies":"Book of Stabbing","floor":30,"turns":10}],"seed_played":"8104742647115622259","potions_obtained":[{"floor":1.0,"key":"Strength Potion"},{"floor":3.0,"key":"Explosive Potion"},{"floor":6.0,"key":"AttackPotion"},{"floor":11.0,"key":"FocusPotion"},{"floor":18.0,"key":"Dexterity Potion"},{"floor":29,"key":"Fruit Juice"}],"is_trial":false,"path_per_floor":["M","M","M","?","?","E","M","E","T","R","E","R","M","M","R","B",null,"M","?","M","$","M","E","?","E","T","R","M","M","E"],"character_chosen":"DEFECT","items_purchased":["Defragment","PreservedInsect","Coolheaded","SkillPotion"],"campfire_rested":0,"item_purchase_floors":[21,21,21,21],"current_hp_per_floor":[81,80,65,65,70,62,57,49,59,59,48,48,41,41,41,33,97,94,94,94,97,70,64,64,64,64,64,58,58,24,24],"gold":124,"neow_bonus":"TEN_PERCENT_HP_BONUS","is_daily":false,"chose_seed":false,"campfire_upgraded":4,"win_rate":0.0,"timestamp":1612230994,"path_taken":["M","M","M","?","?","E","M","E","T","R","E","R","M","M","R","BOSS","M","?","?","$","M","E","?","E","T","R","M","?","E"],"items_purchased_type":["Card","Relic","Card","Potion"],"build_version":"2020-12-22","purchased_purges":0,"victory":false,"max_hp_per_floor":[82,82,82,82,87,87,87,87,97,97,97,97,97,97,97,97,97,97,97,97,97,97,97,97,97,97,97,97,97,102,102],"relic_stats":{"counters":[18,64],"MealTicket":3,"Prayer Wheel":2,"PreservedInsect":129,"Bag of Preparation":[22],"Orichalcum":[18],"Smiling Mask":0,"obtain_stats":[{"Ice Cream":6,"Pear":9,"MealTicket":8,"Prayer Wheel":26,"PreservedInsect":21,"Bag of Preparation":11,"Orichalcum":25,"Cracked Core":0,"Empty Cage":17,"Smiling Mask":23},{"Ice Cream":4,"Pear":6,"MealTicket":6,"Prayer Wheel":15,"PreservedInsect":12,"Bag of Preparation":7,"Orichalcum":15,"Cracked Core":0,"Empty Cage":10,"Smiling Mask":14},{"Ice Cream":10,"Pear":16,"MealTicket":16,"Prayer Wheel":48,"PreservedInsect":38,"Bag of Preparation":21,"Orichalcum":48,"Cracked Core":0,"Empty Cage":34,"Smiling Mask":46}]},"card_choices":[{"not_picked":["Rebound","Hologram"],"picked":"Doom and Gloom","floor":1.0},{"not_picked":["Steam Power","Gash"],"picked":"Double Energy","floor":2.0},{"not_picked":["Hologram","Barrage"],"picked":"Sweeping Beam","floor":3.0},{"not_picked":["Stack","Conserve Battery"],"picked":"Fission","floor":6.0},{"not_picked":["Streamline","Fusion"],"picked":"Coolheaded","floor":7.0},{"not_picked":["Beam Cell","Stack"],"picked":"BootSequence","floor":8.0},{"not_picked":["Undo","Beam Cell"],"picked":"Seek","floor":11.0},{"not_picked":["BootSequence","Gash"],"picked":"Sweeping Beam","floor":13.0},{"not_picked":["Barrage","Gash","Chaos"],"picked":"SKIP","floor":14.0},{"not_picked":["Buffer","Echo Form"],"picked":"Electrodynamics","floor":16.0},{"not_picked":["Go for the Eyes","BootSequence+1"],"picked":"Hologram","floor":18.0},{"not_picked":["Hello World+1","Rip and Tear+1","Consume+1"],"picked":"SKIP","floor":20.0},{"not_picked":["Streamline+1","Storm"],"picked":"Recycle","floor":22.0},{"not_picked":["Steam","Chaos"],"picked":"Reinforced Body+1","floor":23},{"not_picked":["Storm","Steam","Sweeping Beam"],"picked":"SKIP","floor":25},{"not_picked":["Streamline","Storm","Leap"],"picked":"SKIP","floor":28},{"not_picked":["Tempest+1","Cold Snap","Sweeping Beam"],"picked":"SKIP","floor":28},{"not_picked":["Sweeping Beam","Hello World+1"],"picked":"Glacier","floor":29},{"not_picked":["Rainbow","Barrage","Beam Cell+1"],"picked":"SKIP","floor":29}],"player_experience":1278020,"relics_obtained":[{"floor":6.0,"key":"Ice Cream"},{"floor":8.0,"key":"MealTicket"},{"floor":9.0,"key":"Pear"},{"floor":11.0,"key":"Bag of Preparation"},{"floor":23,"key":"Smiling Mask"},{"floor":25,"key":"Orichalcum"},{"floor":26,"key":"Prayer Wheel"}],"event_choices":[{"damage_healed":0.0,"max_hp_gain":0.0,"max_hp_loss":0.0,"gold_gain":0.0,"event_name":"Upgrade Shrine","player_choice":"Upgraded","floor":4.0,"gold_loss":0.0,"damage_taken":0.0,"cards_upgraded":["Double Energy"]},{"damage_healed":0.0,"max_hp_gain":5.0,"max_hp_loss":0.0,"gold_gain":0.0,"event_name":"Big Fish","player_choice":"Donut","floor":5.0,"gold_loss":0.0,"damage_taken":0.0},{"cards_removed":["Defend_B"],"damage_healed":0.0,"max_hp_gain":0.0,"max_hp_loss":0.0,"gold_gain":0.0,"event_name":"Beggar","player_choice":"Gave Gold","floor":19.0,"gold_loss":75.0,"damage_taken":0.0},{"damage_healed":0,"gold_gain":0,"player_choice":"Read","damage_taken":0,"max_hp_gain":0,"max_hp_loss":0,"event_name":"The Library","floor":24,"gold_loss":0,"cards_obtained":["Seek"]}],"is_beta":false,"boss_relics":[{"not_picked":["Snecko Eye","Ectoplasm"],"picked":"Empty Cage"}],"items_purged_floors":[],"is_endless":false,"potions_floor_spawned":[1,3,6,11,18,25,29],"killed_by":"Book of Stabbing","ascension_level":1}}