{"host":"zlryddw6xv0ljf8b","time":1612275841,"event":{"mods":["AchievementEnabler","BaseMod","Colored Map","Colored Powertips","Highlight Path","Minty Spire (QoL Compilation)","Permanent Neow","Quick Restart","StSLib"],"gold_per_floor":[111,130,147,147,3,3,39,39,39,53,53,97,121,121,121,242,242,242,242,242,242,167,167,167,167,167,167,167,167,167,167,167,167,167,167,167,167,167,117,117,117,117,117],"floor_reached":42,"language":"ENG","playtime":2499,"items_purged":["Strike_P","Strike_P"],"score":544,"play_id":"ae4bbe8d-80fe-4aa8-a7ef-6ae72d1bf64f","local_time":"20210202082401","is_ascension_mode":false,"campfire_choices":[{"data":"Eruption","floor":6.0,"key":"SMITH"},{"floor":8.0,"key":"REST"},{"data":"ClearTheMind","floor":11.0,"key":"SMITH"},{"floor":15.0,"key":"REST"},{"floor":27.0,"key":"REST"},{"floor":32.0,"key":"REST"},{"floor":41.0,"key":"REST"}],"circlet_count":0,"master_deck":["Strike_P","Strike_P+1","Defend_P","Defend_P","Defend_P","Defend_P","Vigilance","FlurryOfBlows","LikeWater","FollowUp+1","ClearTheMind+1","CutThroughFate","Alpha+1","ClearTheMind","Scrawl+1","Establishment","Wish"],"relics":["Black Star","Bloody Idol","Sundial","Pear","StrikeDummy","Turnip","Bronze Scales","Eternal Feather","Ectoplasm","Singing Bowl","Meat on the Bone","Strawberry","Whetstone","War Paint","Smiling Mask","Lantern","Empty Cage","Bottled Tornado","Juzu Bracelet","Dream Catcher"],"acts_visited":["Exordium","TheCity","TheBeyond"],"potions_floor_usage":[],"damage_taken":[{"damage":0.0,"enemies":"Small Slimes","floor":1.0,"turns":6.0},{"damage":9.0,"enemies":"2 Louse","floor":2.0,"turns":2.0},{"damage":0.0,"enemies":"Cultist","floor":3.0,"turns":2.0},{"damage":28.0,"enemies":"Gremlin Nob","floor":7.0,"turns":4.0},{"damage":0.0,"enemies":"Blue Slaver","floor":10.0,"turns":5.0},{"damage":11.0,"enemies":"Lagavulin","floor":12.0,"turns":7.0},{"damage":3.0,"enemies":"Red Slaver","floor":13.0,"turns":3.0},{"damage":46.0,"enemies":"Hexaghost","floor":16.0,"turns":10.0},{"damage":16.0,"enemies":"3 Byrds","floor":18.0,"turns":2.0},{"damage":23.0,"enemies":"2 Thieves","floor":22.0,"turns":4.0},{"damage":18.0,"enemies":"Book of Stabbing","floor":23.0,"turns":5.0},{"damage":10.0,"enemies":"Shelled Parasite and Fungi","floor":25.0,"turns":7.0},{"damage":27.0,"enemies":"Gremlin Leader","floor":28.0,"turns":4.0},{"damage":2.0,"enemies":"Sentry and Sphere","floor":29.0,"turns":4.0},{"damage":34.0,"enemies":"Book of Stabbing","floor":30.0,"turns":4.0},{"damage":40.0,"enemies":"Automaton","floor":33.0,"turns":9.0},{"damage":10.0,"enemies":"3 Darklings","floor":35.0,"turns":2.0},{"damage":15.0,"enemies":"3 Shapes","floor":37.0,"turns":3.0},{"damage":7.0,"enemies":"Sphere and 2 Shapes","floor":38.0,"turns":5.0},{"damage":43.0,"enemies":"Nemesis","floor":40.0,"turns":9.0},{"damage":94,"enemies":"Reptomancer","floor":42,"turns":4}],"seed_played":"-7287799273521360292","potions_obtained":[{"floor":1.0,"key":"Dexterity Potion"},{"floor":10.0,"key":"Explosive Potion"},{"floor":12.0,"key":"BlessingOfTheForge"},{"floor":16.0,"key":"Weak Potion"},{"floor":24.0,"key":"LiquidMemories"},{"floor":24.0,"key":"Block Potion"},{"floor":25.0,"key":"LiquidBronze"},{"floor":28.0,"key":"Swift Potion"},{"floor":33.0,"key":"EssenceOfSteel"},{"floor":35.0,"key":"Swift Potion"}],"is_trial":false,"path_per_floor":["M","M","M","?","$","R","E","R","T","M","R","E","M","?","R","B",null,"M","$","?","?","M","E","?","M","T","R","E","M","E","$","R","B",null,"M","T","M","M","$","E","R","E"],"character_chosen":"WATCHER","items_purchased":["LikeWater"],"campfire_rested":5,"item_purchase_floors":[5],"current_hp_per_floor":[72,63,63,45,45,45,27,51,51,51,51,40,37,34,67,21,82,66,66,66,66,43,27,27,31,38,74,49,59,39,39,77,49,97,89,89,76,71,71,42,84,0,0],"gold":117,"neow_bonus":"BOSS_RELIC","is_daily":false,"chose_seed":false,"campfire_upgraded":2,"win_rate":0.0,"timestamp":1612275841,"path_taken":["M","M","M","?","$","R","E","R","T","M","R","E","M","?","R","BOSS","M","$","?","?","?","E","?","M","T","R","E","M","E","$","R","BOSS","M","?","?","M","$","E","R","E"],"items_purchased_type":["Card"],"build_version":"2020-12-22","purchased_purges":2,"victory":false,"max_hp_per_floor":[72,72,72,72,72,72,82,82,82,82,82,82,82,82,82,82,82,82,82,82,82,82,84,84,86,93,93,95,95,97,97,97,97,97,99,99,101,103,103,105,107,107,107],"card_choices":[{"not_picked":["Fasting2","Halt","SashWhip"],"picked":"SKIP","floor":1.0},{"not_picked":["Halt","ForeignInfluence"],"picked":"FlurryOfBlows","floor":2.0},{"not_picked":["Prostrate","Consecrate"],"picked":"Worship","floor":3.0},{"not_picked":["FlyingSleeves","ThirdEye"],"picked":"FollowUp","floor":7.0},{"not_picked":["MentalFortress","Crescendo"],"picked":"ClearTheMind","floor":10.0},{"not_picked":["Worship","WaveOfTheHand","FollowUp"],"picked":"SKIP","floor":12.0},{"not_picked":["EmptyMind","EmptyFist"],"picked":"CutThroughFate","floor":13.0},{"not_picked":["Ragnarok","Judgement"],"picked":"Alpha","floor":16.0},{"not_picked":["BowlingBash","Protect"],"picked":"ClearTheMind","floor":18.0},{"not_picked":["Protect","FlurryOfBlows+1"],"picked":"Scrawl","floor":22.0},{"not_picked":["SignatureMove+1","EmptyBody+1","FearNoEvil"],"picked":"Singing Bowl","floor":23.0},{"not_picked":["Halt+1","Crescendo","WreathOfFlame"],"picked":"Singing Bowl","floor":25.0},{"not_picked":["CrushJoints","Fasting2","Weave"],"picked":"Singing Bowl","floor":28.0},{"not_picked":["ThirdEye","FollowUp"],"picked":"Establishment","floor":29.0},{"not_picked":["Wallop","SashWhip+1","EmptyBody"],"picked":"Singing Bowl","floor":30.0},{"not_picked":["Blasphemy","LessonLearned"],"picked":"Wish","floor":33.0},{"not_picked":["PathToVictory+1","CutThroughFate+1","Collect"],"picked":"Singing Bowl","floor":35.0},{"not_picked":["EmptyFist+1","Worship","SignatureMove+1"],"picked":"Singing Bowl","floor":37.0},{"not_picked":["CarveReality","ClearTheMind","FlyingSleeves+1"],"picked":"Singing Bowl","floor":38.0},{"not_picked":["Collect+1","ForeignInfluence","FlyingSleeves"],"picked":"Singing Bowl","floor":40.0},{"not_picked":["ClearTheMind+1","Blasphemy","FlyingSleeves+1"],"picked":"Singing Bowl","floor":41.0}],"player_experience":52356,"relics_obtained":[{"floor":7.0,"key":"Sundial"},{"floor":7.0,"key":"Pear"},{"floor":9.0,"key":"StrikeDummy"},{"floor":12.0,"key":"Turnip"},{"floor":12.0,"key":"Bronze Scales"},{"floor":23.0,"key":"Singing Bowl"},{"floor":23.0,"key":"Meat on the Bone"},{"floor":26.0,"key":"Strawberry"},{"floor":28.0,"key":"Whetstone"},{"floor":28.0,"key":"War Paint"},{"floor":30.0,"key":"Smiling Mask"},{"floor":30.0,"key":"Lantern"},{"floor":36.0,"key":"Bottled Tornado"},{"floor":40.0,"key":"Juzu Bracelet"},{"floor":40.0,"key":"Dream Catcher"}],"event_choices":[{"damage_healed":0.0,"max_hp_gain":0.0,"max_hp_loss":0.0,"gold_gain":0.0,"event_name":"Golden Idol","player_choice":"Take Damage","floor":4.0,"gold_loss":0.0,"damage_taken":18.0,"relics_obtained":["Golden Idol"]},{"damage_healed":0.0,"max_hp_gain":0.0,"max_hp_loss":0.0,"gold_gain":0.0,"event_name":"Scrap Ooze","player_choice":"Success","floor":14.0,"gold_loss":0.0,"damage_taken":3.0,"relics_obtained":["Eternal Feather"]},{"damage_healed":0.0,"max_hp_gain":0.0,"max_hp_loss":0.0,"gold_gain":0.0,"event_name":"Forgotten Altar","player_choice":"Gave Idol","floor":20.0,"relics_lost":["Golden Idol"],"gold_loss":0.0,"damage_taken":0.0,"relics_obtained":["Bloody Idol"]},{"damage_healed":0.0,"max_hp_gain":0.0,"max_hp_loss":0.0,"gold_gain":0.0,"event_name":"The Woman in Blue","player_choice":"Bought 0 Potions","floor":21.0,"gold_loss":0.0,"damage_taken":0.0},{"damage_healed":0.0,"max_hp_gain":0.0,"max_hp_loss":0.0,"gold_gain":0.0,"event_name":"Lab","player_choice":"Got Potions","floor":24.0,"gold_loss":0.0,"damage_taken":0.0}],"is_beta":false,"boss_relics":[{"not_picked":["Snecko Eye","SlaversCollar"],"picked":"Ectoplasm"},{"not_picked":["SacredBark","Pandora\u0027s Box"],"picked":"Empty Cage"}],"items_purged_floors":[5,39],"is_endless":false,"potions_floor_spawned":[1,10,12,16,25,28,33,35],"killed_by":"Reptomancer","ascension_level":0}}