{"host":"k7udt7atmcuzf6l0","time":1612238858,"event":{"mods":["AchievementEnabler","BaseMod","BetterRewards","Colored Map","Colored Powertips","Highlight Path","Minty Spire (QoL Compilation)","Quick Restart","Rare Cards Sparkle","Relic Stats","StSLib","UnlockEverythingMod"],"gold_per_floor":[114,94,108,119,119,119,133,163,163,178,178,25,25,41,41,139,139,150,161,161,177,58,58,58,86,111,131,160,160,160,177,177,279,329,343,343,343,343,353,353,388,83,83,110,125,125,145,157,157,157,157],"floor_reached":50,"language":"ZHS","playtime":1370,"items_purged":["Regret"],"score":562,"play_id":"a8bc5473-a745-4798-b995-d0b239f1ee9f","local_time":"20210202120738","is_ascension_mode":false,"campfire_choices":[{"data":"Inflame","floor":6.0,"key":"SMITH"},{"data":"Flex","floor":11.0,"key":"SMITH"},{"data":"Rupture","floor":13.0,"key":"SMITH"},{"data":"Offering","floor":15.0,"key":"SMITH"},{"data":"Brutality","floor":23.0,"key":"SMITH"},{"data":"Armaments","floor":32,"key":"SMITH"},{"data":"Limit Break","floor":40,"key":"SMITH"},{"data":"Berserk","floor":46,"key":"SMITH"},{"data":"Offering","floor":49,"key":"SMITH"}],"circlet_count":0,"master_deck":["Strike_R","Strike_R","Strike_R+1","Strike_R","Strike_R","Defend_R","Defend_R","Defend_R","Defend_R","Bash","Inflame+1","Thunderclap","Anger","Offering+1","Flex+1","Rupture+1","Brutality+1","CurseOfTheBell","Pommel Strike+1","Flex+1","Reaper","Armaments+1","Shockwave","Limit Break+1","Pummel+1","Havoc+1","Hemokinesis+1","Berserk+1","Dark Embrace+1","Headbutt+1","Madness","Madness","Heavy Blade+1","Sword Boomerang+1","Sword Boomerang+1","Combust+1","Twin Strike+1","Offering+1"],"relics":["Burning Blood","NeowsBlessing","Meat on the Bone","Ice Cream","Gambling Chip","Calling Bell","Anchor","Paper Frog","Unceasing Top","Kunai","Vajra","Molten Egg 2","MutagenicStrength","Tiny House","Mango","Pocketwatch","Frozen Egg 2","Pear","Orichalcum"],"acts_visited":["Exordium","TheCity","TheBeyond"],"potions_floor_usage":[33,45,47,50],"damage_taken":[{"damage":0.0,"enemies":"Small Slimes","floor":1.0,"turns":1.0},{"damage":0.0,"enemies":"Cultist","floor":3.0,"turns":1.0},{"damage":0.0,"enemies":"2 Louse","floor":4.0,"turns":2.0},{"damage":17.0,"enemies":"Looter","floor":7.0,"turns":3.0},{"damage":33.0,"enemies":"3 Sentries","floor":8.0,"turns":5.0},{"damage":7.0,"enemies":"3 Louse","floor":10.0,"turns":3.0},{"damage":6.0,"enemies":"Blue Slaver","floor":14.0,"turns":1.0},{"damage":49.0,"enemies":"The Guardian","floor":16.0,"turns":6.0},{"damage":13.0,"enemies":"2 Thieves","floor":18.0,"turns":3.0},{"damage":18.0,"enemies":"3 Byrds","floor":19.0,"turns":3.0},{"damage":7.0,"enemies":"Snake Plant","floor":21.0,"turns":2.0},{"damage":37.0,"enemies":"Slavers","floor":25.0,"turns":4.0},{"damage":10.0,"enemies":"Cultist and Chosen","floor":27.0,"turns":5.0},{"damage":59.0,"enemies":"Gremlin Leader","floor":28.0,"turns":3.0},{"damage":7,"enemies":"3 Cultists","floor":31,"turns":2},{"damage":47,"enemies":"Automaton","floor":33,"turns":6},{"damage":18,"enemies":"3 Shapes","floor":35,"turns":3},{"damage":7,"enemies":"3 Darklings","floor":39,"turns":2},{"damage":15,"enemies":"Nemesis","floor":41,"turns":3},{"damage":28,"enemies":"Writhing Mass","floor":45,"turns":3},{"damage":9,"enemies":"Jaw Worm Horde","floor":47,"turns":4},{"damage":13,"enemies":"3 Darklings","floor":48,"turns":3},{"damage":109,"enemies":"Donu and Deca","floor":50,"turns":5}],"seed_played":"-2809889992287344801","potions_obtained":[{"floor":1.0,"key":"Dexterity Potion"},{"floor":2.0,"key":"CultistPotion"},{"floor":8.0,"key":"LiquidBronze"},{"floor":14.0,"key":"Swift Potion"},{"floor":16.0,"key":"Strength Potion"},{"floor":19.0,"key":"Fire Potion"},{"floor":25.0,"key":"SneckoOil"},{"floor":31,"key":"ColorlessPotion"},{"floor":34,"key":"ElixirPotion"},{"floor":35,"key":"Explosive Potion"},{"floor":41,"key":"ColorlessPotion"}],"is_trial":false,"path_per_floor":["M","?","M","M","?","R","M","E","T","M","R","$","R","M","R","B",null,"M","M","?","M","$","R","?","E","T","M","E","?","?","M","R","B",null,"M","?","?","?","M","R","E","$","T","T","M","R","M","M","R","B"],"character_chosen":"IRONCLAD","items_purchased":["Rupture","Reaper","Armaments","Frozen Egg 2","Sword Boomerang+1"],"campfire_rested":0,"item_purchase_floors":[12,22,22,42,42],"current_hp_per_floor":[80,80,80,80,80,80,69,54,54,53,53,53,53,53,53,22,80,73,61,61,60,60,60,60,75,75,80,39,39,39,80,80,68,85,73,62,62,76,99,99,90,90,100,100,78,78,84,77,77,0,0],"gold":157,"neow_bonus":"THREE_ENEMY_KILL","is_daily":false,"chose_seed":false,"campfire_upgraded":9,"win_rate":0.0,"timestamp":1612238858,"path_taken":["M","?","?","M","?","R","M","E","T","M","R","$","R","M","R","BOSS","M","M","?","M","$","R","?","E","T","M","E","?","?","M","R","BOSS","M","?","?","?","?","R","E","$","T","?","M","R","M","?","R","BOSS"],"items_purchased_type":["Card","Card","Card","Relic","Card"],"build_version":"2020-12-22","purchased_purges":1,"victory":false,"max_hp_per_floor":[80,80,80,80,80,80,80,80,80,80,80,80,80,80,80,80,80,80,80,80,80,80,80,80,80,80,80,80,80,80,80,80,80,85,85,85,85,99,99,99,99,99,109,109,109,109,109,109,109,109,109],"relic_stats":{"counters":[23,73],"Gambling Chip":[33],"Kunai":[13],"Orichalcum":[24],"obtain_stats":[{"Ice Cream":8,"Tiny House":34,"Pear":43,"NeowsBlessing":0,"Vajra":26,"Mango":38,"Frozen Egg 2":42,"Orichalcum":44,"Burning Blood":0,"Calling Bell":17,"Anchor":17,"Gambling Chip":9,"MutagenicStrength":29,"Molten Egg 2":28,"Kunai":25,"Unceasing Top":17,"Meat on the Bone":5,"Paper Frog":17,"Pocketwatch":41},{"Ice Cream":5,"Tiny House":16,"Pear":19,"NeowsBlessing":0,"Vajra":12,"Mango":17,"Frozen Egg 2":19,"Orichalcum":19,"Burning Blood":0,"Calling Bell":8,"Anchor":8,"Gambling Chip":5,"MutagenicStrength":14,"Molten Egg 2":14,"Kunai":12,"Unceasing Top":8,"Meat on the Bone":3,"Paper Frog":8,"Pocketwatch":19},{"Ice Cream":12,"Tiny House":50,"Pear":58,"NeowsBlessing":0,"Vajra":34,"Mango":53,"Frozen Egg 2":58,"Orichalcum":58,"Burning Blood":0,"Calling Bell":22,"Anchor":22,"Gambling Chip":12,"MutagenicStrength":42,"Molten Egg 2":42,"Kunai":34,"Unceasing Top":22,"Meat on the Bone":4,"Paper Frog":22,"Pocketwatch":58}],"Burning Blood":99,"Unceasing Top":[5],"Meat on the Bone":36,"Pocketwatch":[9]},"card_choices":[{"not_picked":["Carnage","Perfected Strike","Burning Pact"],"picked":"SKIP","floor":1.0},{"not_picked":["Thunderclap","Reckless Charge"],"picked":"Inflame","floor":3.0},{"not_picked":["Metallicize","Body Slam"],"picked":"Thunderclap","floor":4.0},{"not_picked":["Perfected Strike","Iron Wave"],"picked":"Anger","floor":7.0},{"not_picked":["Iron Wave","Anger"],"picked":"Offering","floor":8.0},{"not_picked":["Metallicize","Feel No Pain"],"picked":"Flex","floor":10.0},{"not_picked":["Blood for Blood","Havoc","Inflame"],"picked":"SKIP","floor":14.0},{"not_picked":["Exhume","Immolate"],"picked":"Brutality","floor":16.0},{"not_picked":["Metallicize","Flex"],"picked":"Pommel Strike+1","floor":18.0},{"not_picked":["Wild Strike","Havoc"],"picked":"Flex+1","floor":19.0},{"not_picked":["Twin Strike","Evolve","Clash"],"picked":"SKIP","floor":21.0},{"not_picked":["Uppercut","Body Slam"],"picked":"Limit Break","floor":25.0},{"not_picked":["Dark Embrace","Clothesline"],"picked":"Pummel+1","floor":27.0},{"not_picked":["Searing Blow+1","Metallicize"],"picked":"Havoc+1","floor":28.0},{"not_picked":["True Grit","Havoc+1"],"picked":"Hemokinesis+1","floor":31},{"not_picked":["Juggernaut","Reaper+1"],"picked":"Berserk","floor":33},{"not_picked":["Shrug It Off","Inflame"],"picked":"Dark Embrace+1","floor":34},{"not_picked":["Warcry","Burning Pact"],"picked":"Headbutt+1","floor":35},{"not_picked":["Armaments+1","Flex"],"picked":"Heavy Blade+1","floor":39},{"not_picked":["Body Slam+1","Perfected Strike+1"],"picked":"Sword Boomerang+1","floor":41},{"not_picked":["Carnage+1","Havoc+1"],"picked":"Combust+1","floor":45},{"not_picked":["Dark Embrace+1","Perfected Strike+1"],"picked":"Twin Strike+1","floor":47},{"not_picked":["Power Through+1","Havoc+1"],"picked":"Offering","floor":48}],"player_experience":33486,"relics_obtained":[{"floor":8.0,"key":"Ice Cream"},{"floor":9.0,"key":"Gambling Chip"},{"floor":17.0,"key":"Anchor"},{"floor":17.0,"key":"Paper Frog"},{"floor":17.0,"key":"Unceasing Top"},{"floor":25.0,"key":"Kunai"},{"floor":26.0,"key":"Vajra"},{"floor":28.0,"key":"Molten Egg 2"},{"floor":41,"key":"Pocketwatch"},{"floor":43,"key":"Pear"},{"floor":44,"key":"Orichalcum"}],"event_choices":[{"damage_healed":0.0,"max_hp_gain":0.0,"max_hp_loss":0.0,"gold_gain":0.0,"event_name":"The Woman in Blue","player_choice":"Bought 1 Potion","floor":2.0,"gold_loss":0.0,"damage_taken":0.0},{"damage_healed":0.0,"max_hp_gain":0.0,"max_hp_loss":0.0,"gold_gain":0.0,"event_name":"Big Fish","player_choice":"Box","floor":5.0,"gold_loss":0.0,"damage_taken":0.0,"relics_obtained":["Meat on the Bone"],"cards_obtained":["Regret"]},{"damage_healed":0.0,"max_hp_gain":0.0,"max_hp_loss":0.0,"gold_gain":0.0,"event_name":"Vampires","player_choice":"Ignored","floor":20.0,"gold_loss":0.0,"damage_taken":0.0},{"damage_healed":0.0,"max_hp_gain":0.0,"max_hp_loss":0.0,"gold_gain":0.0,"event_name":"The Library","player_choice":"Read","floor":24.0,"gold_loss":0.0,"damage_taken":0.0,"cards_obtained":["Shockwave"]},{"damage_healed":0.0,"max_hp_gain":0.0,"max_hp_loss":0.0,"gold_gain":0.0,"event_name":"Drug Dealer","player_choice":"Inject Mutagens","floor":29.0,"gold_loss":0.0,"damage_taken":0.0,"relics_obtained":["MutagenicStrength"]},{"damage_healed":0.0,"max_hp_gain":0.0,"max_hp_loss":0.0,"gold_gain":0.0,"event_name":"Ghosts","player_choice":"Ignored","floor":30.0,"gold_loss":0.0,"damage_taken":0.0},{"damage_healed":0,"gold_gain":0,"player_choice":"Embrace Madness","damage_taken":11,"max_hp_gain":0,"max_hp_loss":0,"event_name":"Winding Halls","floor":36,"gold_loss":0,"cards_obtained":["Madness","Madness"]},{"damage_healed":0,"gold_gain":0,"player_choice":"Ignored","damage_taken":0,"max_hp_gain":0,"max_hp_loss":0,"event_name":"Tomb of Lord Red Mask","floor":37,"gold_loss":0},{"damage_healed":0,"gold_gain":0,"player_choice":"Gave Potion","damage_taken":0,"relics_obtained":["Mango"],"max_hp_gain":0,"max_hp_loss":0,"event_name":"WeMeetAgain","floor":38,"gold_loss":0}],"is_beta":false,"boss_relics":[{"not_picked":["Black Blood","Busted Crown"],"picked":"Calling Bell"},{"not_picked":["SacredBark","Snecko Eye"],"picked":"Tiny House"}],"items_purged_floors":[12],"is_endless":false,"potions_floor_spawned":[1,8,14,16,19,25,31,35,41],"killed_by":"Donu and Deca","ascension_level":0}}