{"host":"sp1f3sybb350mzsh","time":1612298932,"event":{"mods":["AchievementEnabler","BaseMod","Bestiary","Colored Map","Colored Powertips","Filter the Spire","Minty Spire (QoL Compilation)","Puzzle Mod","Relic Stats","StSLib"],"gold_per_floor":[115,134,204,7,24,51,51,76,103,68,80,95,95,95,95,198,198,212,224,224,240,240,266,266,266,266],"floor_reached":25,"language":"ENG","playtime":2835,"items_purged":[],"score":323,"play_id":"9d6ea473-b708-4dde-b54b-6c25f95910d4","local_time":"20210202144852","is_ascension_mode":true,"campfire_choices":[{"data":"Zap","floor":7,"key":"SMITH"},{"data":"Barrage","floor":13,"key":"SMITH"},{"floor":15,"key":"REST"},{"floor":24,"key":"REST"}],"circlet_count":0,"master_deck":["Zap+1","Dualcast","Cold Snap","Skim","Coolheaded","Barrage+1","Loop","Hello World","Rip and Tear","Barrage","Meteor Strike","Seek","Scrape","Darkness","Tempest","Tempest","Glacier","Reboot","Rebound+1","Conserve Battery+1","Creative AI","Turbo"],"relics":["Inserter","StrikeDummy","Bronze Scales","Toy Ornithopter","Orichalcum","DataDisk","Pandora\u0027s Box","Juzu Bracelet"],"acts_visited":["Exordium","TheCity"],"potions_floor_usage":[6,12,16,23,25,25],"damage_taken":[{"damage":1,"enemies":"Cultist","floor":1,"turns":3},{"damage":7,"enemies":"Jaw Worm","floor":2,"turns":4},{"damage":16,"enemies":"Small Slimes","floor":5,"turns":4},{"damage":29,"enemies":"Gremlin Nob","floor":6,"turns":5},{"damage":15,"enemies":"3 Sentries","floor":8,"turns":7},{"damage":10,"enemies":"Red Slaver","floor":11,"turns":4},{"damage":1,"enemies":"Blue Slaver","floor":12,"turns":3},{"damage":0,"enemies":"Slime Boss","floor":16,"turns":5},{"damage":6,"enemies":"Chosen","floor":18,"turns":4},{"damage":26,"enemies":"2 Thieves","floor":19,"turns":5},{"damage":13,"enemies":"Snake Plant","floor":21,"turns":4},{"damage":33,"enemies":"Book of Stabbing","floor":23,"turns":6},{"damage":44,"enemies":"Slavers","floor":25,"turns":5}],"seed_played":"-6764293675374263059","potions_obtained":[{"floor":5,"key":"FocusPotion"},{"floor":6,"key":"Weak Potion"},{"floor":8,"key":"EssenceOfDarkness"},{"floor":12,"key":"Weak Potion"},{"floor":14,"key":"SneckoOil"},{"floor":14,"key":"Weak Potion"},{"floor":18,"key":"PotionOfCapacity"}],"is_trial":false,"path_per_floor":["M","M","T","$","M","E","R","E","T","?","M","M","R","?","R","B",null,"M","M","?","M","?","E","R","E"],"character_chosen":"DEFECT","items_purchased":["Coolheaded","Bronze Scales"],"campfire_rested":2,"item_purchase_floors":[4,4],"current_hp_per_floor":[74,67,67,67,51,22,22,7,7,25,15,19,19,19,41,46,75,69,43,43,30,30,2,24,0,0],"gold":266,"neow_bonus":"BOSS_RELIC","is_daily":false,"chose_seed":false,"campfire_upgraded":2,"win_rate":0.0,"timestamp":1612298932,"path_taken":["M","?","?","$","M","E","R","E","T","?","M","M","R","?","R","BOSS","M","M","?","M","?","E","R","E"],"items_purchased_type":["Card","Relic"],"build_version":"2020-12-22","purchased_purges":0,"victory":false,"max_hp_per_floor":[75,75,75,75,75,75,75,75,75,75,75,75,75,75,75,75,75,75,75,75,75,75,75,75,75,75],"relic_stats":{"Inserter":[29],"counters":[13,59],"Bronze Scales":[180],"Pandora\u0027s Box":["Meteor Strike","Seek","Scrape","Darkness","Tempest","Tempest","Glacier","Reboot"],"Juzu Bracelet":0,"Orichalcum":[48],"obtain_stats":[{"DataDisk":9,"Inserter":0,"Bronze Scales":4,"Pandora\u0027s Box":17,"Juzu Bracelet":23,"Orichalcum":8,"Cracked Core":0,"StrikeDummy":3,"Toy Ornithopter":6},{"DataDisk":5,"Inserter":0,"Bronze Scales":2,"Pandora\u0027s Box":8,"Juzu Bracelet":12,"Orichalcum":5,"Cracked Core":0,"StrikeDummy":2,"Toy Ornithopter":4},{"DataDisk":23,"Inserter":0,"Bronze Scales":7,"Pandora\u0027s Box":35,"Juzu Bracelet":54,"Orichalcum":23,"Cracked Core":0,"StrikeDummy":7,"Toy Ornithopter":16}],"Toy Ornithopter":25},"card_choices":[{"not_picked":["Go for the Eyes","Redo"],"picked":"Cold Snap","floor":1},{"not_picked":["Beam Cell","Hologram"],"picked":"Skim","floor":2},{"not_picked":["Chaos","Gash"],"picked":"Barrage","floor":5},{"not_picked":["Go for the Eyes","Steam"],"picked":"Loop","floor":6},{"not_picked":["Coolheaded","Steam"],"picked":"Hello World","floor":8},{"not_picked":["Double Energy","Creative AI"],"picked":"Rip and Tear","floor":11},{"not_picked":["Double Energy","Gash"],"picked":"Barrage","floor":12},{"not_picked":["Core Surge","Multi-Cast"],"picked":"Reboot","floor":16},{"not_picked":["Compile Driver","Gash+1"],"picked":"Rebound+1","floor":18},{"not_picked":["Stack","Turbo"],"picked":"Conserve Battery+1","floor":19},{"not_picked":["Sweeping Beam+1","Turbo"],"picked":"Creative AI","floor":21},{"not_picked":["Hello World+1","Rip and Tear+1"],"picked":"Turbo","floor":23}],"player_experience":160261,"relics_obtained":[{"floor":3,"key":"StrikeDummy"},{"floor":6,"key":"Toy Ornithopter"},{"floor":8,"key":"Orichalcum"},{"floor":9,"key":"DataDisk"},{"floor":23,"key":"Juzu Bracelet"}],"event_choices":[{"damage_healed":18,"gold_gain":0,"player_choice":"Healed","damage_taken":0,"max_hp_gain":0,"max_hp_loss":0,"event_name":"The Cleric","floor":10,"gold_loss":35},{"damage_healed":0,"gold_gain":0,"player_choice":"Got Potions","damage_taken":0,"max_hp_gain":0,"max_hp_loss":0,"event_name":"Lab","floor":14,"gold_loss":0},{"damage_healed":0,"gold_gain":0,"player_choice":"Ignored","damage_taken":0,"max_hp_gain":0,"max_hp_loss":0,"event_name":"Vampires","floor":20,"gold_loss":0},{"cards_removed":["Reboot"],"damage_healed":0,"gold_gain":0,"player_choice":"Purged","damage_taken":0,"max_hp_gain":0,"max_hp_loss":0,"event_name":"Purifier","floor":22,"gold_loss":0}],"is_beta":false,"boss_relics":[{"not_picked":["Astrolabe","Calling Bell"],"picked":"Pandora\u0027s Box"}],"items_purged_floors":[],"is_endless":false,"potions_floor_spawned":[5,6,8,12,18,21],"killed_by":"Slavers","ascension_level":3}}