{"host":"xwgrz7y3g1a3iikb","time":1612303435,"event":{"mods":["BaseMod","Bestiary","Minty Spire (QoL Compilation)","Permanent Neow","Quick Restart","Relic Stats","StSLib","ojb\u0027s Info Mod"],"gold_per_floor":[361,30,30,40,40,40,71,71,71,101,112,112,143,155,167,269,281,312,249,261,323,360,403,434,446,458,470,470],"floor_reached":27,"language":"ENG","playtime":955,"items_purged":["Strike_G"],"score":544,"play_id":"8f76b215-b43f-4163-9839-94cc758e53e6","local_time":"20210202140355","is_ascension_mode":true,"campfire_choices":[{"data":"Neutralize","floor":6,"key":"SMITH"},{"data":"Terror","floor":12,"key":"SMITH"},{"data":"Finisher","floor":15,"key":"SMITH"},{"floor":25,"key":"REST"}],"circlet_count":0,"master_deck":["AscendersBane","Strike_G","Strike_G","Strike_G","Defend_G","Defend_G+1","Defend_G","Defend_G","Survivor+1","Neutralize+1","Quick Slash","Blade Dance","Finisher+1","Terror+1","Calculated Gamble","Die Die Die","Burst","Deflect"],"relics":["Ring of the Snake","Nunchaku","War Paint","Orichalcum","HornCleat","MawBank","Golden Idol","Runic Pyramid","Snake Skull","The Courier"],"acts_visited":["Exordium","TheCity"],"potions_floor_usage":[7,10,18,27],"damage_taken":[{"damage":8,"enemies":"Small Slimes","floor":1,"turns":5},{"damage":0,"enemies":"Jaw Worm","floor":4,"turns":4},{"damage":3,"enemies":"Gremlin Nob","floor":7,"turns":3},{"damage":7,"enemies":"3 Sentries","floor":10,"turns":9},{"damage":0,"enemies":"Cultist","floor":11,"turns":2},{"damage":0,"enemies":"Gremlin Nob","floor":13,"turns":3},{"damage":8,"enemies":"Slime Boss","floor":16,"turns":6},{"damage":0,"enemies":"Shell Parasite","floor":18,"turns":3},{"damage":1,"enemies":"3 Byrds","floor":22,"turns":5},{"damage":12,"enemies":"Book of Stabbing","floor":23,"turns":4},{"damage":17,"enemies":"Shelled Parasite and Fungi","floor":24,"turns":4},{"damage":58,"enemies":"Slavers","floor":27,"turns":11}],"seed_played":"-3927270218866439611","potions_obtained":[{"floor":4,"key":"FearPotion"},{"floor":7,"key":"GhostInAJar"},{"floor":13,"key":"Block Potion"},{"floor":18,"key":"FairyPotion"}],"is_trial":false,"path_per_floor":["M","$","?","M","?","R","E","?","T","E","M","R","E","?","R","B",null,"M","?","$","?","M","E","M","R","T","E"],"character_chosen":"THE_SILENT","items_purchased":["Blade Dance","Explosive Potion","Nunchaku"],"campfire_rested":1,"item_purchase_floors":[2,2,2],"current_hp_per_floor":[51,51,56,56,56,56,53,53,53,46,46,46,46,46,46,38,54,54,54,54,49,48,36,19,36,36,0,0],"gold":470,"neow_bonus":"TWO_FIFTY_GOLD","is_daily":false,"chose_seed":false,"campfire_upgraded":3,"win_rate":0.0,"timestamp":1612303435,"path_taken":["M","$","?","M","?","R","E","?","T","E","?","R","E","?","R","BOSS","M","?","$","?","M","E","?","R","T","E"],"items_purchased_type":["Card","Potion","Relic"],"build_version":"2020-12-22","purchased_purges":1,"victory":false,"max_hp_per_floor":[60,60,65,65,65,65,65,65,65,65,65,65,65,59,59,59,59,59,59,59,59,59,59,59,59,59,59,59],"relic_stats":{"Nunchaku":[15],"counters":[12,59],"Golden Idol":37,"Snake Skull":[0],"War Paint":["Defend_G","Survivor"],"Orichalcum":[66],"MawBank":168,"obtain_stats":[{"Nunchaku":2,"HornCleat":10,"Golden Idol":14,"Snake Skull":23,"The Courier":26,"War Paint":7,"Orichalcum":9,"MawBank":13,"Ring of the Snake":0,"Runic Pyramid":17},{"Nunchaku":1,"HornCleat":4,"Golden Idol":6,"Snake Skull":10,"The Courier":11,"War Paint":3,"Orichalcum":3,"MawBank":6,"Ring of the Snake":0,"Runic Pyramid":7},{"Nunchaku":5,"HornCleat":21,"Golden Idol":26,"Snake Skull":44,"The Courier":48,"War Paint":12,"Orichalcum":12,"MawBank":26,"Ring of the Snake":0,"Runic Pyramid":32}],"Ring of the Snake":[24]},"card_choices":[{"not_picked":["Acrobatics","Sucker Punch"],"picked":"Quick Slash","floor":1},{"not_picked":["Dodge and Roll","Prepared","Deflect"],"picked":"SKIP","floor":4},{"not_picked":["Bane","Noxious Fumes"],"picked":"Finisher","floor":7},{"not_picked":["Well Laid Plans","Heel Hook"],"picked":"Terror","floor":10},{"not_picked":["Dash","Poisoned Stab"],"picked":"Calculated Gamble","floor":11},{"not_picked":["Riddle With Holes","Poisoned Stab","Cloak And Dagger"],"picked":"SKIP","floor":13},{"not_picked":["Venomology","Burst"],"picked":"Die Die Die","floor":16},{"not_picked":["Predator","Underhanded Strike","Caltrops"],"picked":"SKIP","floor":18},{"not_picked":["Acrobatics","Distraction","Deadly Poison"],"picked":"SKIP","floor":22},{"not_picked":["Prepared+1","Dagger Spray"],"picked":"Burst","floor":23},{"not_picked":["Riddle With Holes+1","Prepared"],"picked":"Deflect","floor":24}],"player_experience":317577,"relics_obtained":[{"floor":7,"key":"War Paint"},{"floor":9,"key":"Orichalcum"},{"floor":10,"key":"HornCleat"},{"floor":13,"key":"MawBank"},{"floor":23,"key":"Snake Skull"},{"floor":26,"key":"The Courier"}],"event_choices":[{"damage_healed":0,"gold_gain":0,"player_choice":"Donut","damage_taken":0,"max_hp_gain":5,"max_hp_loss":0,"event_name":"Big Fish","floor":3,"gold_loss":0},{"damage_healed":0,"gold_gain":0,"player_choice":"Ignored","damage_taken":0,"max_hp_gain":0,"max_hp_loss":0,"event_name":"Liars Game","floor":5,"gold_loss":0},{"cards_removed":["Defend_G"],"damage_healed":0,"gold_gain":0,"player_choice":"Offered Basic","damage_taken":0,"max_hp_gain":0,"max_hp_loss":0,"event_name":"Bonfire Elementals","floor":8,"gold_loss":0},{"damage_healed":0,"gold_gain":0,"player_choice":"Lose Max HP","damage_taken":0,"relics_obtained":["Golden Idol"],"max_hp_gain":0,"max_hp_loss":6,"event_name":"Golden Idol","floor":14,"gold_loss":0},{"cards_removed":["Strike_G"],"damage_healed":0,"gold_gain":0,"player_choice":"Gave Gold","damage_taken":0,"max_hp_gain":0,"max_hp_loss":0,"event_name":"Beggar","floor":19,"gold_loss":75},{"damage_healed":0,"gold_gain":50,"player_choice":"Touch","damage_taken":5,"max_hp_gain":0,"max_hp_loss":0,"event_name":"FaceTrader","floor":21,"gold_loss":0}],"is_beta":false,"boss_relics":[{"not_picked":["Ectoplasm","Velvet Choker"],"picked":"Runic Pyramid"}],"items_purged_floors":[2],"is_endless":false,"potions_floor_spawned":[4,7,13,16,18,23],"killed_by":"Slavers","ascension_level":20}}