{"host":"56d873i5r3uhle0q","time":1612310245,"event":{"mods":["100% Spire Juice","Act Like it!","BaseMod","Block Reminder","Dota2Spire","Gensokyo","Hermit","Lobotomy","LobotomyExtend","Marisa????????","Marked Mod","Minty Spire (QoL Compilation)","Reliquary","Replay The Spire","StSLib","The Animator","The Bug Knight","The Cursed","The Marked","The Servant 0.9.4","Wandering Minibosses","everything is the same but u backflip on backflip","??????REMEMod"],"gold_per_floor":[110,110,120,120,120,120,133,133,133,58,58,58,114,178,178,322,322,336,179,194,194],"floor_reached":20,"language":"ENG","playtime":1131,"items_purged":["Hallucinations"],"score":187,"play_id":"f2b5d922-373d-4378-ac71-5d3c84199361","local_time":"20210202165725","is_ascension_mode":false,"campfire_choices":[{"data":"Feed","floor":6,"key":"SMITH"},{"data":"ReplayTheSpireMod:Calculation Training","floor":8,"key":"SMITH"},{"floor":15,"key":"REST"}],"circlet_count":0,"master_deck":["Strike_B","Strike_B","Strike_B","Strike_B","Defend_B","Defend_B","Defend_B","Dualcast","Feed+1","BigBadWolf","ReplayTheSpireMod:Calculation Training+1","Double Energy","Turbo","Turbo","REME_Compress"],"relics":["Cracked Core","REME_ComplimentaryCards","CogitoBucket","LetterFromLob","ReplayTheSpireMod:Ring of Challenge","Centennial Puzzle","Nuclear Battery","Prayer Wheel","TreeSap","Runic Capacitor"],"acts_visited":["Gensokyo:Gensokyo","Gensokyo:Gensokyoer"],"potions_floor_usage":[16],"damage_taken":[{"damage":13,"enemies":"Gensokyo:Gryphon","floor":1,"turns":5},{"damage":1,"enemies":"Gensokyo:Python","floor":3,"turns":4},{"damage":6,"enemies":"Gensokyo:2_Kodama","floor":7,"turns":3},{"damage":10,"enemies":"Gensokyo:VengefulSpirit","floor":13,"turns":8},{"damage":50,"enemies":"Gensokyo:LivingMonolith","floor":14,"turns":5},{"damage":24,"enemies":"Gensokyo:Yukari","floor":16,"turns":13},{"damage":66,"enemies":"Gensokyo:3_Dogs","floor":18,"turns":8},{"damage":31,"enemies":"Gensokyo:Chomper","floor":20,"turns":5}],"seed_played":"7409605453009128511","potions_obtained":[{"floor":1,"key":"SkillPotion"},{"floor":16,"key":"Cursed Concoction"}],"is_trial":false,"path_per_floor":["M","?","M","?","?","R","M","R","T","$","M","$","M","M","R","B",null,"M","$","M"],"character_chosen":"DEFECT","items_purchased":["Runic Capacitor"],"campfire_rested":1,"item_purchase_floors":[19],"current_hp_per_floor":[65,65,67,67,67,67,65,65,65,65,65,65,59,13,38,18,90,28,28,0,0],"gold":194,"neow_bonus":"","is_daily":false,"chose_seed":false,"campfire_upgraded":2,"win_rate":0.0,"timestamp":1612310245,"path_taken":["M","?","M","?","?","R","M","R","T","?","M","$","?","M","R","BOSS","M","$","M"],"items_purchased_type":["Relic"],"build_version":"2020-12-22","purchased_purges":1,"victory":false,"max_hp_per_floor":[78,71,74,74,74,74,78,78,78,78,78,78,82,86,86,90,90,94,94,94,94],"card_choices":[{"not_picked":["Rudolta","Wellcheers"],"picked":"BigBadWolf","floor":1},{"not_picked":["Hello World","Coolheaded"],"picked":"ReplayTheSpireMod:Calculation Training","floor":1},{"not_picked":["Cold Snap","REME_Whirling"],"picked":"Double Energy","floor":3},{"not_picked":["Streamline","Ball Lightning"],"picked":"Turbo","floor":7},{"not_picked":["Ball Lightning","Chill","Core Surge"],"picked":"SKIP","floor":13},{"not_picked":["Time Bomb","REME_Whirling","Rebound"],"picked":"SKIP","floor":14},{"not_picked":["Electrodynamics","Machine Learning"],"picked":"ReplayTheSpireMod:Fabricate Wheel","floor":16},{"not_picked":["Gash","ReplayTheSpireMod:Omega Cannon"],"picked":"Turbo","floor":18},{"not_picked":["BasicCrystalCard","Leap"],"picked":"REME_Compress","floor":18}],"player_experience":699196,"relics_obtained":[{"floor":1,"key":"LetterFromLob"},{"floor":5,"key":"ReplayTheSpireMod:Ring of Challenge"},{"floor":9,"key":"Centennial Puzzle"}],"event_choices":[],"is_beta":false,"boss_relics":[{"not_picked":["Cursed Key","ChewingGum"],"picked":"Nuclear Battery"}],"items_purged_floors":[10],"is_endless":false,"potions_floor_spawned":[1,16],"killed_by":"Gensokyo:Chomper","ascension_level":0}}