{"host":"1vzdexsn8vtq5lt7","time":1612254989,"event":{"mods":["Act Like it!","BaseMod","Colored Map","Colored Powertips","Conspire","Downfall","Easy Mod","Energized Spire","Minty Spire (QoL Compilation)","Quick Restart","Relic Stats","Replay The Spire","StSLib","SuperFastMode","TestMod","【功能Mod】Neow奖励","【功能Mod】混沌之环修复补丁","【功能Mod】精心准备","【遗物卡牌】REMEMod","没有小屋子和绿帽子啦"],"gold_per_floor":[109,147,162,178,178,178,178],"floor_reached":6,"language":"ZHS","playtime":229,"items_purged":[],"score":59,"play_id":"90b44827-483f-40ac-a268-1acb2f7c0151","local_time":"20210202163629","is_ascension_mode":true,"campfire_choices":[],"circlet_count":0,"master_deck":["AscendersBane","Strike_G","Strike_G","Strike_G","Strike_G","Strike_G","Defend_G","Defend_G","Defend_G","Defend_G","Defend_G","Survivor","Neutralize+1","Calculated Gamble+1","conspire:DoublingDagger+1","PiercingWail+1","Tactician","Prepared"],"relics":["REME_ComplimentaryCards","testmod-BloodSacrificeSpiritualization","Coffee Dripper","testmod-EnergyCheck","Toy Ornithopter"],"acts_visited":["Exordium"],"potions_floor_usage":[],"damage_taken":[{"damage":11,"enemies":"Jaw Worm","floor":1,"turns":4},{"damage":19,"enemies":"conspire:MimicChest","floor":2,"turns":6},{"damage":7,"enemies":"Small Slimes","floor":3,"turns":3},{"damage":7,"enemies":"2 Louse","floor":4,"turns":3},{"damage":16,"enemies":"Gremlin Nob","floor":6,"turns":4}],"seed_played":"-8492148689983243572","potions_obtained":[{"floor":3,"key":"Languid Potion"}],"is_trial":false,"path_per_floor":["M","?","M","M","?","E"],"character_chosen":"THE_SILENT","items_purchased":[],"campfire_rested":0,"item_purchase_floors":[],"current_hp_per_floor":[52,34,33,26,26,10,10],"gold":178,"neow_bonus":"BOSS_RELIC","is_daily":false,"chose_seed":false,"campfire_upgraded":0,"win_rate":0.0,"timestamp":1612254989,"path_taken":["M","?","M","M","?","E"],"items_purchased_type":[],"build_version":"2020-12-22","purchased_purges":0,"victory":false,"max_hp_per_floor":[70,70,70,70,70,70,70],"relic_stats":{"counters":[5,20],"obtain_stats":[{"testmod-TestBox":0,"Coffee Dripper":0,"testmod-BloodSacrificeSpiritualization":0,"testmod-EnergyCheck":0,"Toy Ornithopter":2,"Ring of the Snake":0,"REME_ComplimentaryCards":0},{"testmod-TestBox":0,"Coffee Dripper":0,"testmod-BloodSacrificeSpiritualization":0,"testmod-EnergyCheck":0,"Toy Ornithopter":2,"Ring of the Snake":0,"REME_ComplimentaryCards":0},{"testmod-TestBox":0,"Coffee Dripper":0,"testmod-BloodSacrificeSpiritualization":0,"testmod-EnergyCheck":0,"Toy Ornithopter":10,"Ring of the Snake":0,"REME_ComplimentaryCards":0}],"Toy Ornithopter":0},"card_choices":[{"not_picked":["PiercingWail","Backflip"],"picked":"conspire:DoublingDagger","floor":1},{"not_picked":["Deflect","ReplayTheSpireMod:The Works"],"picked":"PiercingWail","floor":2},{"not_picked":["Bouncing Flask","Blade Dance"],"picked":"Tactician","floor":3},{"not_picked":["Dodge and Roll","ReplayTheSpireMod:The Works"],"picked":"Prepared","floor":4}],"player_experience":254076,"relics_obtained":[{"floor":2,"key":"Toy Ornithopter"}],"event_choices":[],"is_beta":false,"boss_relics":[],"items_purged_floors":[],"is_endless":false,"potions_floor_spawned":[3],"killed_by":"Gremlin Nob","ascension_level":13}}