{"host":"usru02jcpe2a942d","time":1612280727,"event":{"mods":["ATMod(°¢èªMod)","Act Like it!","BaseMod","Challenge The Spire","Colored Powertips","Friendly Minions","GifTheSpireLib","Highlight Path","Hubris","Infinite Spire","Jedi Mod","Jorbs\u0027s Wanderer Trilogy","Minty Spire (QoL Compilation)","MostiFishMod","Pale of the Ancients","Prisma Mod","Quick Restart","Relic Stats","Reliquary","RumiaBox-Â¶Ã×æ«µÄÉñÃØºÐ×Ó","StSLib","noobMod","¡¾ÒÅÎï¿¨ÅÆ¡¿REMEMod","óô»ðÖ¸ÄÏ"],"gold_per_floor":[711,735,755,755,768,796,796,796,796,829,829,843,843,853,853,953,953,968,968,993,1012,867,886,924,318,318,356,969,969,981,981,381,481,481,504,515,515,515,737,765,817,457,527,527,325,440,508,565,166,241],"floor_reached":51,"language":"ZHS","playtime":3611,"items_purged":["Writhe","stsjorbsmod:Strike_Wanderer","AT_LightSaberMaster","stsjorbsmod:Pyromancy","stsjorbsmod:HoldMonster"],"score":980,"play_id":"688fc6df-ab86-49ba-8584-7e7cffbaeb9e","local_time":"20210202234527","is_ascension_mode":false,"campfire_choices":[{"data":"AT_FamilyPortrait","floor":7,"key":"SMITH"},{"data":"stsjorbsmod:Index","floor":15,"key":"SMITH"}],"circlet_count":0,"master_deck":["stsjorbsmod:ForbiddenGrimoire+1","AT_FamilyPortrait+1","stsjorbsmod:WanderingMind","stsjorbsmod:RefuseToForget","stsjorbsmod:LocateObject","stsjorbsmod:Thorns","stsjorbsmod:Counterspell+1","stsjorbsmod:Index+1","stsjorbsmod:Trauma","stsjorbsmod:Index+1","stsjorbsmod:BlackTentacles","stsjorbsmod:DeathThroes","CurseOfTheBell","hubris:DuctTapeCard","stsjorbsmod:LocateObject","Madness","Madness","Discovery","stsjorbsmod:Pyromancy+1","stsjorbsmod:Rediscovery","stsjorbsmod:IvoryTower","stsjorbsmod:GatherPower","stsjorbsmod:MirrorImage","stsjorbsmod:Rediscovery","stsjorbsmod:ThirstingSword","stsjorbsmod:Trauma","stsjorbsmod:SchoolsOfMagic+1","AT_FamilyPortrait","stsjorbsmod:Aid+1","stsjorbsmod:FranticSearch","stsjorbsmod:TinyHut"],"relics":["stsjorbsmod:GrimoireRelic","DaveBox","ice","REME_ComplimentaryCards","AT_ATBox","ThornShield","SynthV:TestCard","AT_ArcaneBoots","SSSystem","MagicDraw2","Dream Catcher","jedi:HeartOfTheCards","Black Star","reliquary:ExpiredCoupon","Smiling Mask","Red Mask","MostiFishMod:AdaptiveDefenses","Ornamental Fan","Happy Flower","SynthV:C4","Akabeko","reliquary:BoilingFlask","FeatherPendant","hubris:Icosahedron","Civilization","reliquary:Aerogel","infinitespire:Eraser","Calling Bell","Tiny Chest","Bird Faced Urn","hubris:DuctTape","SumBook","infinitespire:FocusingShard","ZombieArmy","AT_Manta","Art of War","REME_ArchaeologicalTools","infinitespire:EmpoweringShard","hubris:HerbalPaste","jedi:cryingmask","CeramicFish","Singing Bowl","reliquary:JackalopeAntler","hubris:TenFootPole","reliquary:TridentHead"],"acts_visited":["Exordium","TheCity","TheBeyond"],"potions_floor_usage":[16,16,16,27],"damage_taken":[{"damage":0,"enemies":"infinitespire:Voidling","floor":1,"turns":2},{"damage":0,"enemies":"Small Slimes","floor":2,"turns":3},{"damage":2,"enemies":"2 Louse","floor":3,"turns":2},{"damage":1,"enemies":"Exordium Wildlife","floor":5,"turns":5},{"damage":30,"enemies":"3 Sentries","floor":6,"turns":8},{"damage":9,"enemies":"2 Fungi Beasts","floor":10,"turns":4},{"damage":6,"enemies":"Blue Slaver","floor":12,"turns":3},{"damage":11,"enemies":"Large Slime","floor":14,"turns":6},{"damage":36,"enemies":"Slime Boss","floor":16,"turns":11},{"damage":1,"enemies":"Spheric Guardian","floor":18,"turns":3},{"damage":0,"enemies":"2 Thieves","floor":21,"turns":1},{"damage":0,"enemies":"3 Cultists","floor":23,"turns":2},{"damage":0,"enemies":"Masked Bandits","floor":24,"turns":2},{"damage":24,"enemies":"REME_1_Revenger","floor":27,"turns":3},{"damage":6,"enemies":"Centurion and Healer","floor":28,"turns":3},{"damage":0,"enemies":"Snecko","floor":30,"turns":1},{"damage":3,"enemies":"Collector","floor":33,"turns":4},{"damage":0,"enemies":"3 Darklings","floor":35,"turns":1},{"damage":0,"enemies":"Orb Walker","floor":36,"turns":1},{"damage":0,"enemies":"Nightmare","floor":40,"turns":1},{"damage":3,"enemies":"2 Orb Walkers","floor":41,"turns":1},{"damage":0,"enemies":"Giant Head","floor":46,"turns":1},{"damage":0,"enemies":"3 Darklings","floor":47,"turns":1},{"damage":0,"enemies":"Reptomancer","floor":48,"turns":1},{"damage":17,"enemies":"Time Eater","floor":50,"turns":4}],"seed_played":"-3366768007568911019","potions_obtained":[{"floor":5,"key":"SteroidPotion"},{"floor":6,"key":"Weak Potion"},{"floor":10,"key":"AttackPotion"},{"floor":16,"key":"jedi:wingpotion"},{"floor":21,"key":"Fire Potion"},{"floor":23,"key":"EntropicBrew"},{"floor":27,"key":"Weak Potion"},{"floor":30,"key":"Dexterity Potion"},{"floor":33,"key":"stsjorbsmod:BurningPotion"},{"floor":36,"key":"jedi:wingpotion"}],"is_trial":false,"path_per_floor":["M","M","M","?","M","E","R","?","T","M","?","M","T","M","R","B",null,"M","?","T","M","$","M","?","R","T","E","M","?","M","?","R","B",null,"M","M","?","AVR","?","NM","?","R","T","T","R","E","M","E","R","B",null],"character_chosen":"WANDERER","items_purchased":["AT_LightSaberMaster","MostiFishMod:AdaptiveDefenses","Ornamental Fan","Happy Flower","Civilization","reliquary:Aerogel","infinitespire:Eraser","Art of War","AT_FamilyPortrait","hubris:HerbalPaste","hubris:TenFootPole","reliquary:TridentHead"],"campfire_rested":0,"item_purchase_floors":[22,25,25,25,32,32,32,42,42,45,49,49],"current_hp_per_floor":[74,74,73,73,74,44,44,37,37,30,35,30,30,22,22,55,82,81,81,81,81,81,81,81,81,81,64,59,59,59,59,59,63,75,77,80,70,70,70,84,86,86,86,86,86,91,96,95,95,92],"gold":241,"neow_bonus":"TEN_PERCENT_HP_BONUS","is_daily":false,"chose_seed":false,"campfire_upgraded":2,"win_rate":0.0,"timestamp":1612280727,"path_taken":["M","?","M","?","?","E","R","?","T","M","?","M","?","?","R","BOSS","M","?","?","M","?","?","?","R","T","E","M","?","?","?","R","BOSS","M","M","?","AVR","?","NM","?","R","T","?","R","E","M","E","R","BOSS"],"items_purchased_type":["Card","Relic","Relic","Relic","Relic","Relic","Relic","Relic","Card","Relic","Relic","Relic"],"build_version":"2020-12-22","purchased_purges":5,"victory":true,"max_hp_per_floor":[74,74,74,74,74,74,74,74,74,74,79,79,79,79,79,82,82,83,83,83,83,83,83,85,85,85,88,89,67,67,67,67,75,75,77,80,80,80,80,84,89,89,89,89,89,91,96,95,95,92],"relic_stats":{"Dream Catcher":0,"Happy Flower":[7],"Singing Bowl":0,"counters":[25,74],"Ornamental Fan":[56],"Bird Faced Urn":[20],"CeramicFish":27,"Tiny Chest":1,"Black Star":4,"Art of War":[0],"Smiling Mask":375,"obtain_stats":[{"AT_ATBox":0,"DaveBox":0,"Singing Bowl":48,"reliquary:Aerogel":32,"reliquary:BoilingFlask":27,"CeramicFish":46,"SSSystem":6,"MostiFishMod:AdaptiveDefenses":25,"AT_ArcaneBoots":14,"ice":0,"jedi:command_boss":29,"Smiling Mask":20,"MagicDraw2":8,"SynthV:C4":26,"Civilization":32,"reliquary:TridentHead":49,"Dream Catcher":9,"hubris:Icosahedron":31,"hubris:HerbalPaste":45,"Tiny Chest":34,"jedi:cryingmask":46,"Red Mask":24,"REME_ArchaeologicalTools":43,"infinitespire:Eraser":32,"SumBook":38,"ZombieArmy":40,"Happy Flower":25,"hubris:DuctTape":34,"AT_Manta":41,"stsjorbsmod:GrimoireRelic":0,"infinitespire:FocusingShard":40,"ThornShield":0,"jedi:HeartOfTheCards":13,"Akabeko":27,"Calling Bell":34,"reliquary:JackalopeAntler":48,"reliquary:ExpiredCoupon":19,"AT_SpeedBoots":4,"SynthV:TestCard":1,"Ornamental Fan":25,"FeatherPendant":29,"Bird Faced Urn":34,"Black Star":17,"Art of War":42,"infinitespire:EmpoweringShard":44,"hubris:TenFootPole":49,"REME_ComplimentaryCards":0},{"AT_ATBox":0,"DaveBox":0,"Singing Bowl":24,"reliquary:Aerogel":16,"reliquary:BoilingFlask":14,"CeramicFish":22,"SSSystem":5,"MostiFishMod:AdaptiveDefenses":13,"AT_ArcaneBoots":8,"ice":0,"jedi:command_boss":15,"Smiling Mask":10,"MagicDraw2":5,"SynthV:C4":13,"Civilization":16,"reliquary:TridentHead":24,"Dream Catcher":5,"hubris:Icosahedron":16,"hubris:HerbalPaste":21,"Tiny Chest":17,"jedi:cryingmask":22,"Red Mask":13,"REME_ArchaeologicalTools":21,"infinitespire:Eraser":16,"SumBook":19,"ZombieArmy":20,"Happy Flower":13,"hubris:DuctTape":17,"AT_Manta":21,"stsjorbsmod:GrimoireRelic":0,"infinitespire:FocusingShard":20,"ThornShield":0,"jedi:HeartOfTheCards":7,"Akabeko":14,"Calling Bell":17,"reliquary:JackalopeAntler":24,"reliquary:ExpiredCoupon":10,"AT_SpeedBoots":3,"SynthV:TestCard":1,"Ornamental Fan":13,"FeatherPendant":15,"Bird Faced Urn":17,"Black Star":9,"Art of War":21,"infinitespire:EmpoweringShard":21,"hubris:TenFootPole":24,"REME_ComplimentaryCards":0},{"AT_ATBox":0,"DaveBox":0,"Singing Bowl":70,"reliquary:Aerogel":59,"reliquary:BoilingFlask":55,"CeramicFish":68,"SSSystem":20,"MostiFishMod:AdaptiveDefenses":52,"AT_ArcaneBoots":30,"ice":0,"jedi:command_boss":58,"Smiling Mask":47,"MagicDraw2":20,"SynthV:C4":52,"Civilization":59,"reliquary:TridentHead":70,"Dream Catcher":20,"hubris:Icosahedron":59,"hubris:HerbalPaste":67,"Tiny Chest":63,"jedi:cryingmask":68,"Red Mask":52,"REME_ArchaeologicalTools":67,"infinitespire:Eraser":59,"SumBook":65,"ZombieArmy":66,"Happy Flower":52,"hubris:DuctTape":63,"AT_Manta":67,"stsjorbsmod:GrimoireRelic":0,"infinitespire:FocusingShard":66,"ThornShield":0,"jedi:HeartOfTheCards":27,"Akabeko":55,"Calling Bell":63,"reliquary:JackalopeAntler":70,"reliquary:ExpiredCoupon":47,"AT_SpeedBoots":7,"SynthV:TestCard":2,"Ornamental Fan":52,"FeatherPendant":58,"Bird Faced Urn":63,"Black Star":44,"Art of War":67,"infinitespire:EmpoweringShard":67,"hubris:TenFootPole":70,"REME_ComplimentaryCards":0}]},"card_choices":[{"not_picked":["stsjorbsmod:TrueStrike","stsjorbsmod:Index"],"picked":"stsjorbsmod:WanderingMind","floor":1},{"not_picked":["stsjorbsmod:Materialize","stsjorbsmod:Will","stsjorbsmod:DisguiseSelf","stsjorbsmod:Firebolt"],"picked":"stsjorbsmod:RefuseToForget","floor":2},{"not_picked":["stsjorbsmod:ChainLightning","stsjorbsmod:RayOfFrost","stsjorbsmod:ChatteringStrike","stsjorbsmod:FlameWard"],"picked":"stsjorbsmod:LocateObject","floor":3},{"not_picked":["stsjorbsmod:Rest","stsjorbsmod:Determination","stsjorbsmod:WanderingMind","stsjorbsmod:DoubleCheck"],"picked":"stsjorbsmod:Thorns","floor":5},{"not_picked":["stsjorbsmod:DisguiseSelf","stsjorbsmod:Stalwart","stsjorbsmod:MistyStep","stsjorbsmod:Index"],"picked":"stsjorbsmod:Counterspell","floor":6},{"not_picked":["stsjorbsmod:DisguiseSelf","stsjorbsmod:Materialize","stsjorbsmod:MistyStep","stsjorbsmod:Prepare","stsjorbsmod:AnimateObjects"],"picked":"SKIP","floor":10},{"not_picked":["stsjorbsmod:ParryingBlow","stsjorbsmod:Stalwart","stsjorbsmod:TrueStrike","stsjorbsmod:Index"],"picked":"stsjorbsmod:HoldMonster","floor":12},{"not_picked":["stsjorbsmod:Rest","stsjorbsmod:Prestidigitation","stsjorbsmod:MagicMirror","stsjorbsmod:ArcaneWeapon"],"picked":"stsjorbsmod:Index","floor":14},{"not_picked":["stsjorbsmod:Pyromancy","stsjorbsmod:MirrorImage","stsjorbsmod:CorrodingBarrier","stsjorbsmod:Banish"],"picked":"stsjorbsmod:Trauma","floor":16},{"not_picked":["stsjorbsmod:MagicMirror+1","stsjorbsmod:Prestidigitation","stsjorbsmod:Mending+1","stsjorbsmod:Hurt"],"picked":"stsjorbsmod:Index+1","floor":18},{"not_picked":["stsjorbsmod:Mindworm","stsjorbsmod:Firebolt","stsjorbsmod:Prepare+1","stsjorbsmod:BurningFlask","stsjorbsmod:Hurt+1"],"picked":"SKIP","floor":21},{"not_picked":["stsjorbsmod:SchoolsOfMagic","stsjorbsmod:FracturedMind","stsjorbsmod:ArcaneWeapon","stsjorbsmod:Prepare"],"picked":"stsjorbsmod:Message","floor":23},{"not_picked":["stsjorbsmod:TollTheDead","stsjorbsmod:ChatteringStrike","stsjorbsmod:Rest","stsjorbsmod:FindFamiliar"],"picked":"stsjorbsmod:BlackTentacles","floor":27},{"not_picked":["stsjorbsmod:ChainLightning","stsjorbsmod:DisguiseSelf","stsjorbsmod:Index+1","stsjorbsmod:HedgeWizard"],"picked":"stsjorbsmod:FaerieFire+1","floor":28},{"not_picked":["stsjorbsmod:AnimateObjects","stsjorbsmod:Rest+1","stsjorbsmod:DoubleCheck","stsjorbsmod:WanderingMind","stsjorbsmod:Firebolt"],"picked":"SKIP","floor":30},{"not_picked":["stsjorbsmod:Pyromancy","stsjorbsmod:Entangle","stsjorbsmod:SiphonEnergy","stsjorbsmod:ThirstingSword"],"picked":"stsjorbsmod:DeathThroes","floor":33},{"not_picked":["stsjorbsmod:SchoolsOfMagic+1","stsjorbsmod:FaerieFire","stsjorbsmod:SmithingStrike+1","stsjorbsmod:TrueStrike+1","stsjorbsmod:MistyStep+1"],"picked":"SKIP","floor":35},{"not_picked":["stsjorbsmod:ChatteringStrike","stsjorbsmod:Materialize","stsjorbsmod:Stalwart","stsjorbsmod:TinyHut+1"],"picked":"stsjorbsmod:LocateObject","floor":36},{"not_picked":["Master of Strategy","hubris:Ssssneak","REME_MawOfCthun","Mind Blast"],"picked":"Madness","floor":37},{"not_picked":["Dark Shackles","Jack Of All Trades","REME_BuildACard","AT_CelerityRune"],"picked":"Madness","floor":37},{"not_picked":["Bandage Up","MostiFishMod:MusicBox","MostiFishMod:TheLastGuard","REME_TheoryOfElimination"],"picked":"Discovery","floor":37},{"not_picked":["stsjorbsmod:Rest","stsjorbsmod:RayOfFrost","stsjorbsmod:Determination","stsjorbsmod:Entangle"],"picked":"stsjorbsmod:SchoolsOfMagic+1","floor":40},{"not_picked":["stsjorbsmod:HedgeWizard","stsjorbsmod:OldPocket+1","stsjorbsmod:BurningFlask","stsjorbsmod:ColorSpray"],"picked":"stsjorbsmod:Aid+1","floor":46},{"not_picked":["stsjorbsmod:WeightOfMemory","stsjorbsmod:Materialize+1","stsjorbsmod:Fireball","stsjorbsmod:Mania"],"picked":"stsjorbsmod:FranticSearch","floor":47},{"not_picked":["stsjorbsmod:ChatteringStrike+1","stsjorbsmod:Hibernate","stsjorbsmod:Firebolt+1","stsjorbsmod:Materialize+1"],"picked":"stsjorbsmod:TinyHut","floor":48}],"player_experience":248207,"relics_obtained":[{"floor":1,"key":"SynthV:TestCard"},{"floor":6,"key":"SSSystem"},{"floor":9,"key":"Dream Catcher"},{"floor":13,"key":"jedi:HeartOfTheCards"},{"floor":20,"key":"Smiling Mask"},{"floor":24,"key":"Red Mask"},{"floor":26,"key":"SynthV:C4"},{"floor":27,"key":"Akabeko"},{"floor":27,"key":"reliquary:BoilingFlask"},{"floor":34,"key":"Tiny Chest"},{"floor":34,"key":"Bird Faced Urn"},{"floor":34,"key":"hubris:DuctTape"},{"floor":40,"key":"infinitespire:FocusingShard"},{"floor":40,"key":"ZombieArmy"},{"floor":41,"key":"AT_Manta"},{"floor":43,"key":"REME_ArchaeologicalTools"},{"floor":44,"key":"infinitespire:EmpoweringShard"},{"floor":46,"key":"jedi:cryingmask"},{"floor":46,"key":"CeramicFish"},{"floor":48,"key":"Singing Bowl"},{"floor":48,"key":"reliquary:JackalopeAntler"}],"event_choices":[{"cards_removed":["MostiFishMod:Disappear"],"damage_healed":0,"gold_gain":0,"player_choice":"Gave Card","damage_taken":0,"relics_obtained":["AT_SpeedBoots"],"max_hp_gain":0,"max_hp_loss":0,"event_name":"WeMeetAgain","floor":4,"gold_loss":0},{"damage_healed":0,"gold_gain":0,"player_choice":"Success","damage_taken":7,"relics_obtained":["MagicDraw2"],"max_hp_gain":0,"max_hp_loss":0,"event_name":"Scrap Ooze","floor":8,"gold_loss":0},{"damage_healed":0,"gold_gain":0,"player_choice":"Donut","damage_taken":0,"max_hp_gain":5,"max_hp_loss":0,"event_name":"Big Fish","floor":11,"gold_loss":0},{"damage_healed":0,"gold_gain":0,"player_choice":"Opened","damage_taken":0,"relics_obtained":["reliquary:ExpiredCoupon"],"max_hp_gain":0,"max_hp_loss":0,"event_name":"The Mausoleum","floor":19,"gold_loss":0,"cards_obtained":["Writhe"]},{"damage_healed":0,"gold_gain":0,"player_choice":"Fought Bandits","damage_taken":0,"max_hp_gain":0,"max_hp_loss":0,"event_name":"Masked Bandits","floor":24,"gold_loss":0},{"damage_healed":0,"gold_gain":0,"player_choice":"Memory 3","damage_taken":10,"max_hp_gain":0,"max_hp_loss":0,"event_name":"SensoryStone","floor":37,"gold_loss":0},{"damage_healed":0,"gold_gain":222,"player_choice":"Wore Mask","damage_taken":0,"max_hp_gain":0,"max_hp_loss":0,"event_name":"Tomb of Lord Red Mask","floor":39,"gold_loss":0},{"damage_healed":0,"gold_gain":0,"player_choice":"Fight","damage_taken":0,"max_hp_gain":0,"max_hp_loss":0,"event_name":"Mysterious Sphere","floor":41,"gold_loss":0}],"is_beta":false,"boss_relics":[{"not_picked":["JellyFishMachine","hubris:BlackHole"],"picked":"Black Star"},{"not_picked":["reliquary:WritOfMandamus","reliquary:Ember"],"picked":"Calling Bell"}],"items_purged_floors":[22,25,32,42,45],"is_endless":false,"potions_floor_spawned":[5,6,10,16,21,23,27,30,33,36,46],"ascension_level":0}}