{"host":"92108ef2q9tm8rod","time":1612225235,"event":{"mods":["BaseMod","Defuse TimeMaze Blight","Minty Spire (QoL Compilation)","StSLib","The Jungle"],"gold_per_floor":[416,426,441,441,201,201,201,232,232,232,244,277,277,288,288,387,437,447,447,467,487,487,520,470,470,494,494,522,522,275,308,308,412,412,432,442,455,467,467,498,498,528,528,77,77,96,96,124,124,124],"floor_reached":51,"language":"ENG","playtime":2224,"items_purged":[],"score":951,"play_id":"bf61cb99-c51b-45f7-bda0-2f8bf64c30dd","local_time":"20210202002035","daily_mods":["SealedDeck","Colorless Cards","Heirloom","Flight"],"is_ascension_mode":false,"campfire_choices":[{"floor":6,"key":"REST"},{"data":"Backflip","floor":7,"key":"SMITH"},{"floor":10,"key":"REST"},{"data":"Accuracy","floor":13,"key":"SMITH"},{"data":"Deflect","floor":15,"key":"SMITH"},{"data":"Catalyst","floor":25,"key":"SMITH"},{"data":"Cloak And Dagger","floor":27,"key":"SMITH"},{"floor":29,"key":"REST"},{"data":"Blur","floor":32,"key":"SMITH"},{"floor":41,"key":"REST"},{"floor":45,"key":"REST"},{"data":"Corpse Explosion","floor":47,"key":"SMITH"},{"floor":49,"key":"REST"}],"circlet_count":0,"master_deck":["Dramatic Entrance","Dark Shackles","Dodge and Roll","Bane","Deadly Poison+1","Deflect+1","Infinite Blades","Backstab","Cloak And Dagger+1","Accuracy+1","Noxious Fumes+1","Backflip+1","Accuracy+1","Blur+1","Catalyst+1","Finesse","Corpse Explosion+1"],"relics":["Ring of the Snake","Old Coin","ClockworkSouvenir","TungstenRod","Peace Pipe","Happy Flower","Tiny House","Toy Ornithopter","Smiling Mask","Bag of Preparation","Bronze Scales","Vajra","WristBlade","Boot","Molten Egg 2","White Beast Statue","Medical Kit","Tingsha","Kunai"],"acts_visited":["Exordium","Exordium","TheBeyond"],"potions_floor_usage":[21,33,48,50,50,50],"damage_taken":[{"damage":0,"enemies":"Jaw Worm","floor":1,"turns":2},{"damage":0,"enemies":"2 Louse","floor":2,"turns":1},{"damage":0,"enemies":"Small Slimes","floor":3,"turns":2},{"damage":12,"enemies":"3 Sentries","floor":8,"turns":5},{"damage":0,"enemies":"Looter","floor":11,"turns":3},{"damage":7,"enemies":"Lagavulin","floor":12,"turns":4},{"damage":0,"enemies":"Blue Slaver","floor":14,"turns":2},{"damage":0,"enemies":"Slime Boss","floor":16,"turns":6},{"damage":0,"enemies":"Shell Parasite","floor":18,"turns":4},{"damage":1,"enemies":"theJungle:5_Spyders","floor":20,"turns":4},{"damage":16,"enemies":"theJungle:2_Snecko_Cultists","floor":21,"turns":4},{"damage":2,"enemies":"theJungle:2_Phrogs","floor":23,"turns":5},{"damage":9,"enemies":"theJungle:Cassacara","floor":28,"turns":5},{"damage":0,"enemies":"theJungle:2_Phrogs","floor":31,"turns":5},{"damage":0,"enemies":"theJungle:TotemBoss","floor":33,"turns":7},{"damage":0,"enemies":"Orb Walker","floor":35,"turns":3},{"damage":0,"enemies":"3 Darklings","floor":36,"turns":3},{"damage":10,"enemies":"Writhing Mass","floor":37,"turns":5},{"damage":0,"enemies":"Jaw Worm Horde","floor":38,"turns":1},{"damage":28,"enemies":"Reptomancer","floor":40,"turns":7},{"damage":1,"enemies":"Giant Head","floor":42,"turns":6},{"damage":0,"enemies":"Sphere and 2 Shapes","floor":46,"turns":3},{"damage":19,"enemies":"Reptomancer","floor":48,"turns":7},{"damage":43,"enemies":"Time Eater","floor":50,"turns":10}],"seed_played":"8447245993819165677","potions_obtained":[{"floor":1,"key":"SpeedPotion"},{"floor":8,"key":"SkillPotion"},{"floor":12,"key":"Ancient Potion"},{"floor":14,"key":"PowerPotion"},{"floor":33,"key":"EssenceOfSteel"},{"floor":36,"key":"Ancient Potion"},{"floor":46,"key":"Regen Potion"},{"floor":48,"key":"Weak Potion"}],"is_trial":true,"path_per_floor":["M","M","M","?","$","R","R","E","T","R","M","E","R","M","R","B",null,"M","?","M","M","?","E","?","R","T","R","E","R","$","E","R","B",null,"M","M","M","M","?","E","R","E","T","$","R","M","R","E","R","B",null],"character_chosen":"THE_SILENT","items_purchased":["ClockworkSouvenir","Backflip","Accuracy","Bronze Scales","Finesse","Medical Kit","Tingsha"],"campfire_rested":6,"item_purchase_floors":[5,5,5,30,30,44,44],"current_hp_per_floor":[70,70,70,56,56,70,70,58,58,70,70,63,63,63,63,63,75,75,75,74,58,68,66,66,66,66,66,57,75,75,75,75,75,75,75,75,65,65,65,37,59,58,58,58,75,75,75,70,75,32],"gold":124,"neow_bonus":"","is_daily":false,"chose_seed":false,"campfire_upgraded":7,"win_rate":0.0,"timestamp":1612225235,"path_taken":["M","M","M","?","$","R","R","E","T","R","M","E","R","M","R","BOSS","M","?","M","M","?","E","?","R","T","R","E","R","$","E","R","BOSS","M","M","M","M","?","E","R","E","T","$","R","M","R","E","R","BOSS"],"items_purchased_type":["Relic","Card","Card","Relic","Card","Relic","Relic"],"build_version":"2020-12-22","purchased_purges":0,"victory":true,"max_hp_per_floor":[70,70,70,70,70,70,70,70,70,70,70,70,70,70,70,70,75,75,75,75,75,75,75,75,75,75,75,75,75,75,75,75,75,75,75,75,75,75,75,75,75,75,75,75,75,75,75,75,75,75],"card_choices":[{"not_picked":["Dagger Throw","Skewer","Underhanded Strike"],"picked":"SKIP","floor":1},{"not_picked":["Tactician","Underhanded Strike"],"picked":"Noxious Fumes","floor":2},{"not_picked":["Outmaneuver","Cloak And Dagger","Deflect"],"picked":"SKIP","floor":3},{"not_picked":["Grand Finale","Outmaneuver","Deadly Poison"],"picked":"SKIP","floor":8},{"not_picked":["Endless Agony","Quick Slash","Bane"],"picked":"SKIP","floor":11},{"not_picked":["Dagger Spray","Skewer","Discovery"],"picked":"SKIP","floor":12},{"not_picked":["Choke","Dodge and Roll"],"picked":"Blur","floor":14},{"not_picked":["Deflect","Blade Dance+1"],"picked":"Catalyst","floor":18},{"not_picked":["Dagger Spray","Quick Slash","Bullet Time"],"picked":"SKIP","floor":20},{"not_picked":["Acrobatics","Prepared","Dagger Throw+1"],"picked":"SKIP","floor":21},{"not_picked":["Sucker Punch","Bane","Prepared+1"],"picked":"SKIP","floor":23},{"not_picked":["Enlightenment+1","Violence","Outmaneuver+1"],"picked":"SKIP","floor":28},{"not_picked":["Discovery","Deflect","Malaise"],"picked":"SKIP","floor":31},{"not_picked":["Storm of Steel","Die Die Die"],"picked":"Corpse Explosion","floor":33},{"not_picked":["Acrobatics","Panacea+1","Backflip+1"],"picked":"SKIP","floor":35},{"not_picked":["Purity","Blade Dance+1","Prepared"],"picked":"SKIP","floor":36},{"not_picked":["PiercingWail","Flying Knee+1","All Out Attack+1"],"picked":"SKIP","floor":37},{"not_picked":["Phantasmal Killer","Slice+1","Poisoned Stab+1"],"picked":"SKIP","floor":38},{"not_picked":["Flash of Steel","Metamorphosis","PiercingWail"],"picked":"SKIP","floor":40},{"not_picked":["Deflect","Leg Sweep+1","Slice+1"],"picked":"SKIP","floor":42},{"not_picked":["Underhanded Strike+1","Dagger Throw+1","PiercingWail"],"picked":"SKIP","floor":46},{"not_picked":["Venomology","Bane+1","Deflect+1"],"picked":"SKIP","floor":48}],"player_experience":3376504,"relics_obtained":[{"floor":8,"key":"TungstenRod"},{"floor":9,"key":"Peace Pipe"},{"floor":12,"key":"Happy Flower"},{"floor":23,"key":"Toy Ornithopter"},{"floor":26,"key":"Smiling Mask"},{"floor":28,"key":"Bag of Preparation"},{"floor":31,"key":"Vajra"},{"floor":40,"key":"Boot"},{"floor":42,"key":"Molten Egg 2"},{"floor":43,"key":"White Beast Statue"},{"floor":48,"key":"Kunai"}],"event_choices":[{"damage_healed":0,"gold_gain":0,"player_choice":"Entered Light","damage_taken":14,"max_hp_gain":0,"max_hp_loss":0,"event_name":"Shining Light","floor":4,"gold_loss":0,"cards_upgraded":["Accuracy","Deadly Poison"]},{"damage_healed":0,"gold_gain":0,"player_choice":"Ignored","damage_taken":0,"max_hp_gain":0,"max_hp_loss":0,"event_name":"Mysterious Sphere","floor":39,"gold_loss":0}],"is_beta":false,"boss_relics":[{"not_picked":["Empty Cage","Cursed Key"],"picked":"Tiny House"},{"not_picked":["Velvet Choker","Snecko Eye"],"picked":"WristBlade"}],"items_purged_floors":[],"is_endless":false,"potions_floor_spawned":[1,8,12,14,20,33,36,37,38,46,48],"ascension_level":0}}