{"host":"n8m0so6y44v0klfv","time":1612282213,"event":{"mods":["BaseMod","Colored Map","Downfall","Minty Spire (QoL Compilation)","StSLib"],"gold_per_floor":[0,0,14,32,32,32,32,32,58,58,72,57,57,86,98,98,98,98],"floor_reached":16,"language":"ENG","playtime":757,"items_purged":[],"score":119,"play_id":"0d1afcc3-b3c1-47d5-8080-92047e9511e9","local_time":"20210202111013","is_ascension_mode":true,"campfire_choices":[{"data":"bronze:Goto","floor":1,"key":"SMITH"},{"floor":6,"key":"RECALL"},{"data":"bronze:Optimize","floor":8,"key":"SMITH"},{"floor":10,"key":"REST"},{"data":"bronze:ChosenStrike","floor":13,"key":"SMITH"}],"circlet_count":0,"master_deck":["bronze:Strike","bronze:Strike","bronze:Defend","bronze:Defend","bronze:Defend+1","bronze:Replicate+1","bronze:Goto+1","bronze:Boost","bronze:DigitalCarnage","Regret","bronze:Hardcode+1","bronze:Optimize+1","downfall:Malfunctioning","bronze:Constructor","bronze:MaxOutput","bronze:ChosenStrike+1","bronze:Separator"],"relics":["bronze:BronzeCore","Calipers","Bronze Scales","Juzu Bracelet","HornCleat"],"acts_visited":["Exordium"],"potions_floor_usage":[16,16],"damage_taken":[{"damage":3,"enemies":"Small Slimes","floor":3,"turns":3},{"damage":2,"enemies":"Cultist","floor":4,"turns":2},{"damage":19,"enemies":"Gremlin Nob","floor":9,"turns":4},{"damage":7,"enemies":"Jaw Worm","floor":11,"turns":2},{"damage":8,"enemies":"downfall:FleeingMerchant","floor":12,"turns":4},{"damage":31,"enemies":"3 Sentries","floor":14,"turns":7},{"damage":0,"enemies":"3 Louse","floor":15,"turns":1},{"damage":26,"enemies":"IC_STATUS_ARCHETYPE","floor":16,"turns":6}],"seed_played":"6296330079567391920","potions_obtained":[{"floor":4,"key":"AttackPotion"},{"floor":14,"key":"Dexterity Potion"},{"floor":15,"key":"PowerPotion"}],"is_trial":false,"path_per_floor":["R","?","M","M","?","R","T","R","E","R","M","$","R","E","M","B"],"character_chosen":"THE_AUTOMATON","items_purchased":[],"campfire_rested":1,"item_purchase_floors":[],"current_hp_per_floor":[70,70,67,65,65,65,65,65,46,67,60,52,52,21,21,0,0,0],"gold":98,"neow_bonus":"ONE_RARE_RELIC","is_daily":false,"chose_seed":false,"campfire_upgraded":3,"win_rate":0.0,"timestamp":1612282213,"path_taken":["R","?","?","M","?","R","T","R","E","R","M","?","R","E","M","BOSS"],"items_purchased_type":[],"build_version":"2020-12-22","purchased_purges":0,"victory":false,"max_hp_per_floor":[70,70,70,70,70,70,70,70,70,70,70,70,70,70,70,70,70,70],"card_choices":[{"not_picked":["bronze:ForLoop","bronze:OilSpill","bronze:Shield"],"picked":"SKIP","floor":3},{"not_picked":["bronze:Frontload","bronze:WildBeam"],"picked":"bronze:Optimize","floor":4},{"not_picked":["bronze:DigitalCarnage","bronze:InfiniteBeams"],"picked":"bronze:Constructor","floor":9},{"not_picked":["bronze:Turbo","bronze:Frontload"],"picked":"bronze:MaxOutput","floor":11},{"not_picked":["bronze:BronzeArmor","bronze:Invalidate"],"picked":"bronze:ChosenStrike","floor":12},{"not_picked":["bronze:CutThrough","bronze:BuggyMess","bronze:ClassDefault"],"picked":"SKIP","floor":14},{"not_picked":["bronze:Constructor","bronze:OilSpill"],"picked":"bronze:Separator","floor":15}],"player_experience":525498,"relics_obtained":[{"floor":7,"key":"Bronze Scales"},{"floor":9,"key":"Juzu Bracelet"},{"floor":14,"key":"HornCleat"}],"event_choices":[],"is_beta":false,"boss_relics":[],"items_purged_floors":[],"is_endless":false,"potions_floor_spawned":[4,14,15],"killed_by":"IC_STATUS_ARCHETYPE","ascension_level":2}}