{"host":"sc0o2qwpf9j16a4i","time":1612267694,"event":{"mods":["AchievementEnabler","BaseMod","BetterRewards","Block Reminder","Colored Map","Colored Powertips","Custom Start","Highlight Path","Minty Spire (QoL Compilation)","Relic Stats"],"gold_per_floor":[115,115,115,125,125,159,159,173,173,27,41,75,86,96,96,213,213,228,269,279,288,7,35,48,48,106,106,119,119,163,163,163,282,282,302,318,328,328,26,26,70,70,134,152,164,223,261,625,625,625],"floor_reached":51,"language":"ENG","playtime":1647,"items_purged":[],"score":1103,"play_id":"2bdd43e4-506c-4262-9742-e1a5dd586f98","local_time":"20210202140814","daily_mods":["Cursed Run","Vintage","Binary"],"is_ascension_mode":false,"campfire_choices":[{"data":"Flying Knee","floor":15,"key":"SMITH"},{"data":"Crippling Poison","floor":25,"key":"SMITH"},{"floor":29,"key":"REST"},{"data":"Leg Sweep","floor":32,"key":"SMITH"},{"data":"Blur","floor":40,"key":"SMITH"},{"data":"Venomology","floor":42,"key":"SMITH"},{"data":"Acrobatics","floor":49,"key":"SMITH"}],"circlet_count":0,"master_deck":["Strike_G+1","Strike_G","Strike_G","Strike_G","Defend_G+1","Defend_G","Defend_G","Defend_G","Defend_G","Survivor+1","Neutralize+1","Venomology+1","Writhe","Flying Knee+1","Pain","A Thousand Cuts+1","Infinite Blades+1","Crippling Poison+1","Noxious Fumes+1","Leg Sweep+1","Parasite","Blur+1","Regret","After Image+1","Sucker Punch+1","Acrobatics+1","Shame","Madness","Madness","Well Laid Plans+1","PiercingWail","Calculated Gamble+1"],"relics":["Cursed Key","Darkstone Periapt","Du-Vu Doll","StoneCalendar","Frozen Egg 2","Ornamental Fan","FaceOfCleric","StrikeDummy","Turnip","TwistedFunnel","CeramicFish","Strawberry","Vajra","Boot","SacredBark","Pantograph","Red Mask","Ninja Scroll","Frozen Eye","PreservedInsect","Whetstone","Centennial Puzzle","Orichalcum","Bottled Flame","Philosopher\u0027s Stone","MealTicket","Gremlin Horn","Question Card","Molten Egg 2","Tingsha","Regal Pillow","Letter Opener","Lizard Tail","Omamori","Old Coin"],"acts_visited":["Exordium","TheCity","TheBeyond"],"potions_floor_usage":[6,12,12,13,16,16,16,19,20,23,23,23,33,33,37,45,46,47,47,50,50,50],"damage_taken":[{"damage":0,"enemies":"2 Louse","floor":1,"turns":3},{"damage":0,"enemies":"Cultist","floor":4,"turns":4},{"damage":11,"enemies":"3 Sentries","floor":6,"turns":7},{"damage":1,"enemies":"Jaw Worm","floor":8,"turns":4},{"damage":8,"enemies":"Red Slaver","floor":11,"turns":3},{"damage":0,"enemies":"Lagavulin","floor":12,"turns":6},{"damage":0,"enemies":"2 Fungi Beasts","floor":13,"turns":2},{"damage":0,"enemies":"Large Slime","floor":14,"turns":5},{"damage":0,"enemies":"Slime Boss","floor":16,"turns":7},{"damage":3,"enemies":"Shell Parasite","floor":18,"turns":4},{"damage":5,"enemies":"Masked Bandits","floor":19,"turns":3},{"damage":0,"enemies":"3 Byrds","floor":20,"turns":2},{"damage":1,"enemies":"Gremlin Leader","floor":23,"turns":4},{"damage":15,"enemies":"Snake Plant","floor":24,"turns":3},{"damage":5,"enemies":"Cultist and Chosen","floor":28,"turns":3},{"damage":10,"enemies":"Slavers","floor":30,"turns":3},{"damage":10,"enemies":"Champ","floor":33,"turns":8},{"damage":7,"enemies":"3 Darklings","floor":35,"turns":4},{"damage":0,"enemies":"3 Shapes","floor":36,"turns":3},{"damage":0,"enemies":"3 Darklings","floor":37,"turns":3},{"damage":1,"enemies":"Reptomancer","floor":41,"turns":3},{"damage":4,"enemies":"Transient","floor":45,"turns":5},{"damage":9,"enemies":"Mind Bloom Boss Battle","floor":46,"turns":4},{"damage":21,"enemies":"Nemesis","floor":47,"turns":5},{"damage":17,"enemies":"2 Orb Walkers","floor":48,"turns":3},{"damage":37,"enemies":"Awakened One","floor":50,"turns":12}],"seed_played":"1604663218252326880","potions_obtained":[{"floor":4,"key":"Dexterity Potion"},{"floor":11,"key":"PowerPotion"},{"floor":12,"key":"Strength Potion"},{"floor":16,"key":"FairyPotion"},{"floor":28,"key":"AttackPotion"},{"floor":35,"key":"AttackPotion"}],"is_trial":true,"path_per_floor":["M","?","?","M","?","E","?","M","T","$","M","E","M","M","R","B",null,"M","?","M","?","$","E","M","R","T","?","M","R","E","?","R","B",null,"M","M","M","?","$","R","E","R","T","?","M","?","E","?","R","B",null],"character_chosen":"THE_SILENT","items_purchased":["TwistedFunnel","Noxious Fumes+1","Leg Sweep","Frozen Eye","Molten Egg 2","Sucker Punch+1"],"campfire_rested":1,"item_purchase_floors":[10,22,22,22,39,39],"current_hp_per_floor":[70,70,56,56,56,45,45,45,51,51,44,52,53,54,54,61,95,93,89,90,90,90,90,76,76,82,60,56,89,80,80,80,120,120,114,115,116,116,123,123,123,123,129,113,110,123,103,87,87,76],"gold":625,"neow_bonus":"","is_daily":false,"chose_seed":false,"campfire_upgraded":6,"win_rate":0.0,"timestamp":1612267694,"path_taken":["M","?","?","M","?","E","?","M","T","$","M","E","M","?","R","BOSS","M","?","M","?","$","E","M","R","T","?","M","R","E","?","R","BOSS","M","M","M","?","$","R","E","R","T","?","M","?","E","?","R","BOSS"],"items_purchased_type":["Relic","Card","Card","Relic","Relic","Card"],"build_version":"2020-12-22","purchased_purges":0,"victory":true,"max_hp_per_floor":[70,70,70,70,70,70,70,71,77,77,78,86,87,88,88,95,95,96,97,98,98,98,99,100,100,106,111,112,112,113,113,113,120,120,121,122,123,123,123,123,124,124,130,130,131,132,133,134,134,135],"relic_stats":{"Darkstone Periapt":30,"Regal Pillow":0,"Gremlin Horn":[11,11],"counters":[26,113],"CeramicFish":171,"StoneCalendar":[123],"Tingsha":[35],"PreservedInsect":143,"Whetstone":["Strike_G","Strike_G"],"Letter Opener":[32],"Orichalcum":[12],"Cursed Key":3,"Boot":[29],"Question Card":4,"Centennial Puzzle":[30],"Lizard Tail":0,"FaceOfCleric":23,"Ornamental Fan":[192],"Pantograph":71,"MealTicket":7,"Turnip":[15],"obtain_stats":[{"Darkstone Periapt":0,"TwistedFunnel":10,"Regal Pillow":43,"Gremlin Horn":36,"CeramicFish":11,"SacredBark":17,"Vajra":13,"StoneCalendar":1,"Whetstone":24,"Cursed Key":0,"Boot":14,"Old Coin":48,"Frozen Eye":22,"Centennial Puzzle":26,"Lizard Tail":46,"FaceOfCleric":7,"Ninja Scroll":20,"Strawberry":12,"Pantograph":18,"Philosopher\u0027s Stone":34,"MealTicket":35,"Red Mask":19,"Tingsha":41,"PreservedInsect":23,"Omamori":47,"Letter Opener":45,"Frozen Egg 2":4,"Orichalcum":28,"Question Card":37,"Du-Vu Doll":0,"Bottled Flame":30,"Ornamental Fan":6,"Molten Egg 2":39,"Turnip":9,"StrikeDummy":8},{"Darkstone Periapt":0,"TwistedFunnel":4,"Regal Pillow":21,"Gremlin Horn":19,"CeramicFish":5,"SacredBark":9,"Vajra":7,"StoneCalendar":1,"Whetstone":14,"Cursed Key":0,"Boot":8,"Old Coin":25,"Frozen Eye":12,"Centennial Puzzle":14,"Lizard Tail":23,"FaceOfCleric":3,"Ninja Scroll":12,"Strawberry":6,"Pantograph":10,"Philosopher\u0027s Stone":17,"MealTicket":18,"Red Mask":11,"Tingsha":21,"PreservedInsect":13,"Omamori":24,"Letter Opener":22,"Frozen Egg 2":2,"Orichalcum":15,"Question Card":20,"Du-Vu Doll":0,"Bottled Flame":16,"Ornamental Fan":3,"Molten Egg 2":20,"Turnip":4,"StrikeDummy":4},{"Darkstone Periapt":0,"TwistedFunnel":18,"Regal Pillow":84,"Gremlin Horn":78,"CeramicFish":21,"SacredBark":41,"Vajra":29,"StoneCalendar":3,"Whetstone":57,"Cursed Key":0,"Boot":34,"Old Coin":101,"Frozen Eye":50,"Centennial Puzzle":57,"Lizard Tail":93,"FaceOfCleric":14,"Ninja Scroll":50,"Strawberry":27,"Pantograph":45,"Philosopher\u0027s Stone":71,"MealTicket":75,"Red Mask":48,"Tingsha":84,"PreservedInsect":54,"Omamori":98,"Letter Opener":89,"Frozen Egg 2":7,"Orichalcum":60,"Question Card":81,"Du-Vu Doll":0,"Bottled Flame":63,"Ornamental Fan":14,"Molten Egg 2":81,"Turnip":18,"StrikeDummy":18}]},"card_choices":[{"not_picked":["Dodge and Roll"],"picked":"Venomology","floor":6},{"not_picked":["Slice"],"picked":"Flying Knee","floor":12},{"not_picked":["Storm of Steel"],"picked":"A Thousand Cuts+1","floor":16},{"not_picked":["Poisoned Stab"],"picked":"Infinite Blades+1","floor":19},{"not_picked":["Bouncing Flask","Eviscerate"],"picked":"SKIP","floor":23},{"not_picked":["Slice"],"picked":"Blur","floor":30},{"not_picked":["Unload"],"picked":"After Image+1","floor":33},{"not_picked":["Infinite Blades+1","Eviscerate+1"],"picked":"Acrobatics","floor":41},{"not_picked":["Bane+1","Blade Dance"],"picked":"Well Laid Plans+1","floor":46},{"not_picked":["Setup+1","Backflip"],"picked":"PiercingWail","floor":47},{"not_picked":["Riddle With Holes+1","Dagger Throw+1"],"picked":"Calculated Gamble+1","floor":48}],"player_experience":1132739,"relics_obtained":[{"floor":1,"key":"StoneCalendar"},{"floor":4,"key":"Frozen Egg 2"},{"floor":6,"key":"Ornamental Fan"},{"floor":8,"key":"StrikeDummy"},{"floor":9,"key":"Turnip"},{"floor":11,"key":"CeramicFish"},{"floor":12,"key":"Strawberry"},{"floor":13,"key":"Vajra"},{"floor":14,"key":"Boot"},{"floor":18,"key":"Pantograph"},{"floor":19,"key":"Red Mask"},{"floor":20,"key":"Ninja Scroll"},{"floor":23,"key":"PreservedInsect"},{"floor":24,"key":"Whetstone"},{"floor":26,"key":"Centennial Puzzle"},{"floor":28,"key":"Orichalcum"},{"floor":30,"key":"Bottled Flame"},{"floor":35,"key":"MealTicket"},{"floor":36,"key":"Gremlin Horn"},{"floor":37,"key":"Question Card"},{"floor":41,"key":"Tingsha"},{"floor":43,"key":"Regal Pillow"},{"floor":45,"key":"Letter Opener"},{"floor":46,"key":"Lizard Tail"},{"floor":47,"key":"Omamori"},{"floor":48,"key":"Old Coin"}],"event_choices":[{"damage_healed":0,"gold_gain":0,"player_choice":"Leave","damage_taken":0,"max_hp_gain":0,"max_hp_loss":0,"event_name":"The Cleric","floor":2,"gold_loss":0},{"damage_healed":0,"gold_gain":0,"player_choice":"Entered Light","damage_taken":14,"max_hp_gain":0,"max_hp_loss":0,"event_name":"Shining Light","floor":3,"gold_loss":0,"cards_upgraded":["Neutralize","Defend_G"]},{"damage_healed":0,"gold_gain":0,"player_choice":"Grow","damage_taken":0,"max_hp_gain":0,"max_hp_loss":0,"event_name":"Living Wall","floor":5,"gold_loss":0,"cards_upgraded":["Survivor"]},{"damage_healed":0,"gold_gain":0,"player_choice":"Trade","damage_taken":0,"relics_obtained":["FaceOfCleric"],"max_hp_gain":0,"max_hp_loss":0,"event_name":"FaceTrader","floor":7,"gold_loss":0},{"damage_healed":0,"gold_gain":0,"player_choice":"Fought Bandits","damage_taken":0,"max_hp_gain":0,"max_hp_loss":0,"event_name":"Masked Bandits","floor":19,"gold_loss":0},{"damage_healed":0,"gold_gain":0,"player_choice":"Read","damage_taken":0,"max_hp_gain":0,"max_hp_loss":0,"event_name":"The Library","floor":21,"gold_loss":0,"cards_obtained":["Crippling Poison"]},{"damage_healed":0,"gold_gain":0,"player_choice":"Shed Blood","damage_taken":27,"max_hp_gain":5,"max_hp_loss":0,"event_name":"Forgotten Altar","floor":27,"gold_loss":0},{"damage_healed":0,"gold_gain":0,"player_choice":"Ignored","damage_taken":0,"max_hp_gain":0,"max_hp_loss":0,"event_name":"Beggar","floor":31,"gold_loss":0},{"cards_removed":["Strike_G"],"damage_healed":0,"gold_gain":0,"player_choice":"Removed Attack","damage_taken":0,"max_hp_gain":0,"max_hp_loss":0,"event_name":"Falling","floor":38,"gold_loss":0},{"damage_healed":0,"gold_gain":0,"player_choice":"Embrace Madness","damage_taken":16,"max_hp_gain":0,"max_hp_loss":0,"event_name":"Winding Halls","floor":44,"gold_loss":0,"cards_obtained":["Madness","Madness"]},{"damage_healed":0,"gold_gain":0,"player_choice":"Fight","damage_taken":0,"max_hp_gain":0,"max_hp_loss":0,"event_name":"MindBloom","floor":46,"gold_loss":0},{"damage_healed":0,"gold_gain":0,"player_choice":"Fight","damage_taken":0,"max_hp_gain":0,"max_hp_loss":0,"event_name":"Mysterious Sphere","floor":48,"gold_loss":0}],"is_beta":false,"boss_relics":[{"not_picked":["Busted Crown","Ectoplasm"],"picked":"SacredBark"},{"not_picked":["Runic Dome","Empty Cage"],"picked":"Philosopher\u0027s Stone"}],"items_purged_floors":[],"is_endless":false,"potions_floor_spawned":[4,11,12,16,19,20,28,35,36,41,46],"ascension_level":0}}