{"host":"vjkx177ju3wjmzef","time":1612287381,"event":{"mods":["BaseMod","Block Reminder","Colored Map","Colored Powertips","DeckTracker","Googly Eyes","Highlight Path","Minty Spire (QoL Compilation)","Quick Restart","Random Character Button","Relic Stats","Replay The Spire","StSLib"],"gold_per_floor":[115,115,115,125,142,174,174,185,185,185,204,204,216,216,216,321,321,335,22,22,40,115,115,125,25,25,40,40,140,154,170,170,170,170],"floor_reached":33,"language":"ENG","playtime":3050,"items_purged":["Regret","Armaments"],"score":249,"play_id":"00322948-e353-4a96-b2b5-2a10118b2529","local_time":"20210202113621","is_ascension_mode":false,"campfire_choices":[{"data":"Offering","floor":7,"key":"SMITH"},{"data":"Armaments","floor":7,"key":"SMITH"},{"data":"Sword Boomerang","floor":10,"key":"SMITH"},{"data":"Twin Strike","floor":10,"key":"SMITH"},{"data":"Warcry","floor":12,"key":"SMITH"},{"data":"Dark Embrace","floor":12,"key":"SMITH"},{"floor":15,"key":"DIG"},{"floor":23,"key":"REST"},{"floor":28,"key":"REST"},{"data":"Strike_R","floor":32,"key":"PURGE"}],"circlet_count":0,"master_deck":["Strike_R","Strike_R","Strike_R","Strike_R","Defend_R","Defend_R","Defend_R","Defend_R","Bash","Dark Embrace+1","Twin Strike+1","Armaments+1","Offering+1","Sword Boomerang+1","Warcry+1","Armaments+1","Exhume+1","Rage","ReplayReversal","Flex","Iron Wave","Evolve"],"relics":["Burning Blood","NeowsBlessing","Bag of Marbles","Replay:Arrowhead","Ancient Tea Set","Golden Egg","Lantern","Fusion Hammer","Letter Opener","ReplayTheSpireMod:Ninjato","Replay:Bottled Flurry"],"acts_visited":["Exordium","TheCity"],"potions_floor_usage":[6,16,16,31,33,33],"damage_taken":[{"damage":0.0,"enemies":"Small Slimes","floor":1.0,"turns":1.0},{"damage":0.0,"enemies":"Cultist","floor":4.0,"turns":1.0},{"damage":0.0,"enemies":"2 Louse","floor":5.0,"turns":1.0},{"damage":33,"enemies":"3 Sentries","floor":6,"turns":10},{"damage":24,"enemies":"Lots of Slimes","floor":8,"turns":5},{"damage":7,"enemies":"Large Slime","floor":11,"turns":5},{"damage":7,"enemies":"Blue Slaver","floor":13,"turns":2},{"damage":22,"enemies":"Slime Boss","floor":16,"turns":8},{"damage":22,"enemies":"2 Thieves","floor":18,"turns":4},{"damage":12,"enemies":"Chosen","floor":21,"turns":2},{"damage":25,"enemies":"Centurion and Healer","floor":24,"turns":5},{"damage":16,"enemies":"Shelled Parasite and Fungi","floor":27,"turns":4},{"damage":12,"enemies":"Snecko","floor":30,"turns":4},{"damage":9,"enemies":"Chosen and Byrds","floor":31,"turns":6},{"damage":60,"enemies":"Pondfish","floor":33,"turns":13}],"seed_played":"-7734519910435224032","potions_obtained":[{"floor":5.0,"key":"AttackPotion"},{"floor":8,"key":"BloodPotion"},{"floor":13,"key":"CultistPotion"},{"floor":16,"key":"EssenceOfSteel"},{"floor":18,"key":"SteroidPotion"},{"floor":31,"key":"Dexterity Potion"}],"is_trial":false,"path_per_floor":["M","?","?","M","M","E","R","M","T","R","M","R","M","?","R_BF","B",null,"M","$","T","M","?","R","M","$","T","M","R","?","M","M","R_BF","B"],"character_chosen":"IRONCLAD","items_purchased":["Letter Opener"],"campfire_rested":2,"item_purchase_floors":[19],"current_hp_per_floor":[80,77,77,80,80,53,53,35,35,35,34,34,33,33,33,33,80,64,64,64,58,50,74,55,55,55,45,69,69,63,60,60,0,0],"gold":170,"neow_bonus":"THREE_ENEMY_KILL","is_daily":false,"chose_seed":false,"campfire_upgraded":6,"win_rate":0.0,"timestamp":1612287381,"path_taken":["M","?","?","M","M","E","R","M","T","R","M","R","M","?","R_BF","BOSS","M","$","?","M","?","R","M","$","T","?","R","?","?","M","R_BF","BOSS"],"items_purchased_type":["Relic"],"build_version":"2020-12-22","purchased_purges":2,"victory":false,"max_hp_per_floor":[80,80,80,80,80,80,80,80,80,80,80,80,80,80,80,80,80,80,80,80,80,80,80,80,80,80,80,80,80,80,80,80,80,80],"relic_stats":{"counters":[15,71],"Letter Opener":[153],"obtain_stats":[{"Golden Egg":9,"Lantern":15,"ReplayTheSpireMod:Ninjato":20,"NeowsBlessing":0,"Fusion Hammer":17,"Bag of Marbles":2,"Replay:Bottled Flurry":26,"Letter Opener":19,"Ancient Tea Set":6,"Burning Blood":0,"Replay:Arrowhead":3},{"Golden Egg":5,"Lantern":7,"ReplayTheSpireMod:Ninjato":9,"NeowsBlessing":0,"Fusion Hammer":8,"Bag of Marbles":1,"Replay:Bottled Flurry":11,"Letter Opener":9,"Ancient Tea Set":4,"Burning Blood":0,"Replay:Arrowhead":1},{"Golden Egg":18,"Lantern":25,"ReplayTheSpireMod:Ninjato":37,"NeowsBlessing":0,"Fusion Hammer":33,"Bag of Marbles":1,"Replay:Bottled Flurry":44,"Letter Opener":37,"Ancient Tea Set":13,"Burning Blood":0,"Replay:Arrowhead":1}],"Burning Blood":69},"card_choices":[{"not_picked":["Clothesline","Pommel Strike"],"picked":"Dark Embrace","floor":1.0},{"not_picked":["Headbutt","Shrug It Off"],"picked":"Twin Strike","floor":4.0},{"not_picked":["Thunderclap","Blood for Blood"],"picked":"Armaments","floor":5.0},{"not_picked":["True Grit","Blood for Blood"],"picked":"Offering","floor":6},{"not_picked":["Havoc","Evolve"],"picked":"Sword Boomerang","floor":8},{"not_picked":["Sever Soul","Armaments"],"picked":"Warcry","floor":11},{"not_picked":["Heavy Blade","Twin Strike"],"picked":"Armaments","floor":13},{"not_picked":["Berserk","Bludgeon"],"picked":"Exhume","floor":16},{"not_picked":["Clothesline","Hemokinesis"],"picked":"Armaments","floor":18},{"not_picked":["Havoc","Shockwave+1"],"picked":"Rage","floor":21},{"not_picked":["Armaments","Warcry"],"picked":"ReplayReversal","floor":24},{"not_picked":["Shockwave+1","Havoc+1"],"picked":"Flex","floor":27},{"not_picked":["Headbutt","Flame Barrier+1"],"picked":"Iron Wave","floor":30},{"not_picked":["Headbutt","Clash"],"picked":"Evolve","floor":31}],"player_experience":179877,"relics_obtained":[{"floor":6,"key":"Ancient Tea Set"},{"floor":9,"key":"Golden Egg"},{"floor":15,"key":"Lantern"},{"floor":20,"key":"ReplayTheSpireMod:Ninjato"},{"floor":26,"key":"Replay:Bottled Flurry"}],"event_choices":[{"damage_healed":0.0,"max_hp_gain":0.0,"max_hp_loss":0.0,"gold_gain":0.0,"event_name":"Scrap Ooze","player_choice":"Success","floor":2.0,"gold_loss":0.0,"damage_taken":3.0,"relics_obtained":["Bag of Marbles"]},{"damage_healed":0.0,"max_hp_gain":0.0,"max_hp_loss":0.0,"gold_gain":0.0,"event_name":"Big Fish","player_choice":"Box","floor":3.0,"gold_loss":0.0,"damage_taken":0.0,"relics_obtained":["Replay:Arrowhead"],"cards_obtained":["Regret"]},{"damage_healed":0,"gold_gain":0,"player_choice":"Forge","damage_taken":0,"max_hp_gain":0,"max_hp_loss":0,"event_name":"Accursed Blacksmith","floor":14,"gold_loss":0,"cards_upgraded":["Armaments"]},{"damage_healed":0,"gold_gain":75,"player_choice":"Touch","damage_taken":8,"max_hp_gain":0,"max_hp_loss":0,"event_name":"FaceTrader","floor":22,"gold_loss":0},{"damage_healed":0,"gold_gain":100,"player_choice":"Pray","damage_taken":0,"max_hp_gain":0,"max_hp_loss":0,"event_name":"Golden Shrine","floor":29,"gold_loss":0}],"is_beta":false,"boss_relics":[{"not_picked":["ChewingGum","Replay:Wanted Poster"],"picked":"Fusion Hammer"}],"items_purged_floors":[19,25],"is_endless":false,"potions_floor_spawned":[5,8,13,16,18,31],"killed_by":"Pondfish","ascension_level":0}}