{"host":"r9v0g0iwbsx9dzwu","time":1612280769,"event":{"mods":["ATMod(阿瑾Mod)","Aspiration","BaseMod","Minty Spire (QoL Compilation)","MostiFishMod","Reliquary","Replay The Spire","RumiaBox-露米娅的神秘盒子","StSLib","TestMod","[IsaacMod]以撒尖塔","【功能Mod】聪明的最终Boss","【遗物卡牌】REMEMod"],"gold_per_floor":[115,115,115,131,150,184,202,237,237,260,281,326,146,169,169,271,271,301,301,301],"floor_reached":19,"language":"ZHS","playtime":555,"items_purged":["Decay","Strike_G","Strike_G"],"score":582,"play_id":"7e5d13e3-d9af-4404-8b6f-ee15872d409b","local_time":"20210202234609","is_ascension_mode":true,"campfire_choices":[{"data":"MostiFishMod:HiddenBlade","floor":15,"key":"SMITH"}],"circlet_count":0,"master_deck":["AscendersBane","Strike_G","Strike_G","Strike_G","Defend_G","Defend_G","Defend_G","Defend_G","Defend_G","Survivor","Neutralize","testmod-ChaoticCore","MostiFishMod:HiddenBlade+1","Skewer","Skewer+1","Acrobatics","MostiFishMod:ForestofLight","Thinking Ahead","MostiFishMod:ForestofLight","Atom Bomb","AT_WindFlip+1"],"relics":["AT_ATBox","DaveBox","testmod-TestBox","HushsDoor","REME_ComplimentaryCards","D6","testmod-Hope","BirthdayGift-Icosahedron","reliquary:KinkedSpring","Ring of Panic","Golden Idol","Nunchaku","CeramicFish","TheBible","Replay:Bottled Snecko","ReplayTheSpireMod:ShopPack","REME_DuelDisc","GuppysHairball","DeathBook","SatanicBible","Damocles","GuppysHead","Baka2","Meat on the Bone"],"acts_visited":["Exordium","TheCity"],"potions_floor_usage":[],"damage_taken":[{"damage":0.0,"enemies":"2 Louse","floor":1.0,"turns":1.0},{"damage":0,"enemies":"Small Slimes","floor":4,"turns":1},{"damage":0,"enemies":"Jaw Worm","floor":5,"turns":2},{"damage":0,"enemies":"3 Sentries","floor":6,"turns":2},{"damage":0,"enemies":"Exordium Wildlife","floor":7,"turns":2},{"damage":0,"enemies":"Lagavulin","floor":8,"turns":2},{"damage":0,"enemies":"Gremlin Gang","floor":10,"turns":2},{"damage":0,"enemies":"Looter","floor":11,"turns":1},{"damage":10,"enemies":"3 Sentries","floor":12,"turns":3},{"damage":6,"enemies":"Lots of Slimes","floor":14,"turns":2},{"damage":0,"enemies":"Slime Boss","floor":16,"turns":3},{"damage":0,"enemies":"Chosen","floor":18,"turns":1}],"seed_played":"-7135697268856134525","potions_obtained":[{"floor":4,"key":"Strength Potion"},{"floor":8,"key":"Poison Potion"},{"floor":10,"key":"LiquidMemories"}],"is_trial":false,"path_per_floor":["M","?","?","M","M","E","M","E","T","M","M","E","$","M","R","B",null,"M","?"],"character_chosen":"THE_SILENT","items_purchased":["ReplayTheSpireMod:ShopPack","GuppysHairball","DeathBook","SatanicBible","Damocles","GuppysHead","EntropicBrew"],"campfire_rested":0,"item_purchase_floors":[13,17,17,17,17,17,17],"current_hp_per_floor":[60,60,37,38,39,40,41,42,42,43,44,35,35,30,30,31,1,1,0,0],"gold":301,"neow_bonus":"BOSS_RELIC","is_daily":false,"chose_seed":false,"campfire_upgraded":1,"win_rate":0.0,"timestamp":1612280769,"path_taken":["M","?","?","M","?","E","M","E","T","M","M","E","$","M","R","BOSS","M","?"],"items_purchased_type":["Relic","Relic","Relic","Relic","Relic","Relic","Potion"],"build_version":"2020-12-22","purchased_purges":3,"victory":false,"max_hp_per_floor":[66,66,66,66,66,66,66,66,66,66,66,66,66,66,66,66,1,1,1,1],"card_choices":[{"not_picked":[],"picked":"Bomb","floor":0.0},{"not_picked":["ReplayTheSpireMod:Speed Training","Dagger Throw","Expertise"],"picked":"SKIP","floor":1.0},{"not_picked":["Bane","Draining Mist","Prepared"],"picked":"SKIP","floor":4},{"not_picked":["ReplayTheSpireMod:Shiv Toss","PiercingWail","Dagger Throw"],"picked":"SKIP","floor":5},{"not_picked":["Dagger Spray","Slice"],"picked":"MostiFishMod:HiddenBlade","floor":6},{"not_picked":["Poisoned Stab","MostiFishMod:PerfectParry","Blade Dance"],"picked":"SKIP","floor":7},{"not_picked":["Sneak Up","Deflect","Sucker Punch"],"picked":"SKIP","floor":8},{"not_picked":["PiercingWail","ReplayTheSpireMod:Tripwire","MostiFishMod:Confrontation"],"picked":"SKIP","floor":10},{"not_picked":["Riddle With Holes","AT_KneejerkReflex","AT_WindFlip"],"picked":"SKIP","floor":11},{"not_picked":["Dodge and Roll","Poisoned Stab"],"picked":"Acrobatics","floor":12},{"not_picked":["Crow Ritual","testmod-ShutDown"],"picked":"MostiFishMod:ForestofLight","floor":13},{"not_picked":["Survey Options","Magnetism"],"picked":"Thinking Ahead","floor":13},{"not_picked":["EpicFetus","testmod-LimitFlipper"],"picked":"MostiFishMod:ForestofLight","floor":13},{"not_picked":["Accuracy","AT_ThistleTea","All Out Attack"],"picked":"SKIP","floor":14},{"not_picked":["MostiFishMod:WinterMarkForm","MostiFishMod:HiddenBlade"],"picked":"Atom Bomb","floor":16},{"not_picked":["Dodge and Roll","Bane"],"picked":"AT_WindFlip+1","floor":18}],"player_experience":49799,"relics_obtained":[{"floor":1.0,"key":"Baka"},{"floor":2,"key":"Ring of Panic"},{"floor":6,"key":"Nunchaku"},{"floor":8,"key":"CeramicFish"},{"floor":9,"key":"TheBible"},{"floor":12,"key":"Replay:Bottled Snecko"},{"floor":18,"key":"Baka2"},{"floor":18,"key":"Meat on the Bone"}],"event_choices":[{"damage_healed":0,"gold_gain":0,"player_choice":"Take Damage","damage_taken":23,"relics_obtained":["Golden Idol"],"max_hp_gain":0,"max_hp_loss":0,"event_name":"Golden Idol","floor":3,"gold_loss":0},{"damage_healed":0,"gold_gain":0,"player_choice":"Fight","damage_taken":0,"max_hp_gain":0,"max_hp_loss":0,"event_name":"HidenRoomEvent","floor":19,"gold_loss":0}],"is_beta":false,"boss_relics":[{"not_picked":["testmod-PortableAltar","testmod-IncinerationGenerator"],"picked":"REME_DuelDisc"},{"not_picked":[]}],"items_purged_floors":[13,17,17],"is_endless":false,"potions_floor_spawned":[4,8,10,11,16,18],"ascension_level":20}}