{"host":"fortuna","time":1612294201,"event":{"mods":["100% Spire Juice","Act Like it!","Arknights","BaseMod","Downfall","Gensokyo","Hallownest","Luminous","Minty Spire (QoL Compilation)","Reimu£®≤©¿ˆ¡È√Œ£©","Relic Stats","StSLib","The Administrix","Waifu the Spire","WarShipGirlsR/’ΩΩ¢…Ÿ≈ÆR mod","Yakumo Yukari mod"],"gold_per_floor":[133,133,58,98,63,63,74,109,109,129,159,159,192,217,217,317,317,327,327,338,338,338,364,375,410,433,433,183,183,218,270,282,390,402,428,455,467,299,326,366,390,437,472,514,686,698,730,772,784,796,808,820,25,58,58],"floor_reached":56,"language":"ZHS","playtime":3794,"items_purged":["Hallownest:curseDreamersLament","Mirror_FormAndEmptin_purple+1"],"score":1800,"play_id":"6256c253-2403-4205-8523-007cd0bd0e3d","local_time":"20210203033001","is_ascension_mode":true,"campfire_choices":[{"data":"Observe_purple_2","floor":6.0,"key":"SMITH"},{"data":"Human_Monster_Realm_purple","floor":15.0,"key":"SMITH"},{"data":"Nest_LightFlightworm_purple","floor":27.0,"key":"SMITH"},{"data":"Monsters_DoubleDeathButterfly_purple","floor":29.0,"key":"SMITH"},{"data":"Mirror_FormAndEmptin_purple","floor":32.0,"key":"SMITH"},{"data":"OmniscientAndOmnipotent_Monster_purple","floor":46,"key":"SMITH"},{"floor":49,"key":"RECALL"},{"data":"DimensionStaggered_purple","floor":52,"key":"SMITH"}],"circlet_count":0,"master_deck":["AT_purpleEX","AT_purpleEX","AT_purpleEX","AT_purpleEX","Defend_purpleEX+1","Defend_purpleEX","Defend_purpleEX","Defend_purpleEX","Observe_purple_1","Observe_purple_2+1","Anti_communist_purple+1","AdvanceAttack_purple","ExistenceContinue_purple+1","PurpleNeedle_purple","Monsters_DoubleDeathButterfly_purple+1","Human_Monster_Realm_purple+1","WangLiang_LineAndCurveDreams_purple+1","DimensionStaggered_purple+1","WeekHit_purple","Nest_LightFlightworm_purple+1","ContainerChange_purple+1","ButterflyHabitatTemple_purple","OmniscientAndOmnipotent_Monster_purple+1","Mirror_FourBoundary_purple+1","WingOfChimera_purple","Flash of Steel","PositiveMatter_Antimatter_Universe_purple"],"relics":["Boundary_crack","Memoryfragments_purpleEX","NeowsBlessing","Hallownest:TeacherSealRelic","Hallownest:BankAccountRelic","WingedGreaves","Mastiff:ReiMu","FossilizedHelix","Lizard Tail","Black Star","Red Mask","Blood Vial","CrazyTorch:ReiMu","Frozen Egg 2","Bronze Scales","Pear","Smiling Mask","Hallownest:UnbreakableCardRelic","Shuriken","MawBank","Busted Crown","Hallownest:StagBellRelic1","RuthlessExorcism:ReiMu","Regal Pillow","Anchor","Torii","Toy Ornithopter","Vajra","Bottled Flame","Hallownest:GodTamersBeastRelic","Mummified Hand","Kunai","Bird Faced Urn","War Paint","ClockworkSouvenir","Thread and Needle","Oddly Smooth Stone"],"acts_visited":["Hallownest:Greenpath","Hallownest:CityofTears","Hallownest:KingdomsEdge","TheEnding"],"potions_floor_usage":[55,55],"damage_taken":[{"damage":0.0,"enemies":"2_ Uuma","floor":1.0,"turns":1.0},{"damage":0.0,"enemies":"Hallownest:monsterHuskGuard","floor":7.0,"turns":1.0},{"damage":21.0,"enemies":"Hallownest:eliteCrystalGuardian","floor":8.0,"turns":1.0},{"damage":0.0,"enemies":"Hallownest:monsterHuskWarrior","floor":10.0,"turns":4.0},{"damage":18.0,"enemies":"Hallownest:eliteVengeflyKing","floor":11.0,"turns":10.0},{"damage":15.0,"enemies":"Hallownest:eliteMossKnight","floor":13.0,"turns":6.0},{"damage":0.0,"enemies":"Hallownest:eliteVengeflyKing","floor":14.0,"turns":6.0},{"damage":47.0,"enemies":"Hallownest:BossFalseKnight","floor":16.0,"turns":7.0},{"damage":39.0,"enemies":"Hallownest:3_Youths","floor":18.0,"turns":8.0},{"damage":6.0,"enemies":"Hallownest:Flukemon_and_Top","floor":20.0,"turns":6.0},{"damage":8.0,"enemies":"Hallownest:Nosk","floor":23.0,"turns":9.0},{"damage":11.0,"enemies":"Hallownest:2_Flukemon","floor":24.0,"turns":9.0},{"damage":0.0,"enemies":"Hallownest:eliteSoulWarrior","floor":25.0,"turns":6.0},{"damage":10.0,"enemies":"Hallownest:eliteWatcherKnight","floor":30.0,"turns":11.0},{"damage":5.0,"enemies":"Hallownest:BossSoulMaster","floor":33.0,"turns":7.0},{"damage":0.0,"enemies":"Hallownest:3_Siblings","floor":35.0,"turns":8.0},{"damage":0.0,"enemies":"Hallownest:Shield_Heavy","floor":36.0,"turns":4.0},{"damage":6.0,"enemies":"Hallownest:2_Soldiers_and_1_Guardian","floor":39.0,"turns":5.0},{"damage":0.0,"enemies":"Hallownest:eliteHiveKnight","floor":40.0,"turns":6.0},{"damage":0.0,"enemies":"Hallownest:Slobbering_and_Violent","floor":41.0,"turns":6.0},{"damage":0.0,"enemies":"Hallownest:eliteCollector","floor":42.0,"turns":7.0},{"damage":0.0,"enemies":"Hallownest:StalkingDevout","floor":44.0,"turns":6.0},{"damage":0,"enemies":"Hallownest:StalkingDevout","floor":45,"turns":5},{"damage":0,"enemies":"Hallownest:StalkingDevout","floor":45,"turns":4},{"damage":0,"enemies":"Hallownest:StalkingDevout","floor":45,"turns":6},{"damage":0,"enemies":"Hallownest:StalkingDevout","floor":45,"turns":2},{"damage":0,"enemies":"Hallownest:2_Great","floor":47,"turns":5},{"damage":0,"enemies":"Hallownest:eliteCollector","floor":48,"turns":7},{"damage":4,"enemies":"Hallownest:BossGreyPrinceZote","floor":50,"turns":6},{"damage":0,"enemies":"Shield and Spear","floor":54,"turns":6},{"damage":3,"enemies":"The Heart","floor":55,"turns":8}],"seed_played":"-6400907134563901776","potions_obtained":[{"floor":1.0,"key":"MagicPotion:ReiMu"},{"floor":10.0,"key":"Explosive Potion"},{"floor":13.0,"key":"Fire Potion"},{"floor":23.0,"key":"Fire Potion"},{"floor":25.0,"key":"ZuzhouPotion:ReiMu"},{"floor":33.0,"key":"Block Potion"},{"floor":36.0,"key":"Weak Potion"},{"floor":48,"key":"PanachePotion"}],"is_trial":false,"path_per_floor":["M","?","?","?","$","R","M","E","T","M","E","?","E","E","R","B",null,"M","?","M","?","?","E","M","E","T","R","?","R","E","$","R","B",null,"M","M","?","?","M","E","M","E","T","E","?","R","M","E","R","B",null,"R","$","E","B",null],"character_chosen":"Youkari","items_purchased":["Mirror_FourBoundary_purple+1","WingOfChimera_purple","Flash of Steel","Bird Faced Urn","War Paint","ClockworkSouvenir"],"campfire_rested":0,"item_purchase_floors":[53,53,53,53,53,53],"current_hp_per_floor":[70,70,70,70,70,70,70,49,49,49,35,35,22,27,27,21,70,31,31,32,32,32,35,37,65,65,65,65,65,61,61,61,65,80,80,80,75,75,71,75,75,75,75,75,75,75,75,75,75,75,75,75,75,75,75],"gold":58,"neow_bonus":"THREE_ENEMY_KILL","is_daily":false,"chose_seed":false,"campfire_upgraded":7,"win_rate":0.0,"timestamp":1612294201,"path_taken":["M","?","?","?","?","R","M","E","T","?","E","?","E","E","R","BOSS","M","?","?","?","?","E","?","E","T","R","?","R","E","$","R","BOSS","M","M","?","?","?","E","M","E","T","E","?","R","M","E","R","BOSS","R","$","E","BOSS"],"items_purchased_type":["Card","Card","Card","Relic","Relic","Relic"],"build_version":"2020-12-18","purchased_purges":2,"victory":true,"max_hp_per_floor":[70,70,70,70,70,70,70,70,70,70,70,70,70,70,70,70,70,70,70,70,70,70,70,70,80,80,80,80,80,80,80,80,80,80,80,80,75,75,75,75,75,75,75,75,75,75,75,75,75,75,75,75,75,75,75],"relic_stats":{"Regal Pillow":0,"Torii":0,"counters":[31,183],"War Paint":["Anti_communist_purple","Defend_purpleEX"],"Smiling Mask":50,"MawBank":276,"Blood Vial":12,"Lizard Tail":35,"Busted Crown":22,"Shuriken":[53],"Mummified Hand":[13],"Bronze Scales":[381],"Bird Faced Urn":[2],"Black Star":8,"Kunai":[10],"obtain_stats":[{"Hallownest:StagBellRelic1":38,"Regal Pillow":40,"Torii":42,"Hallownest:UnbreakableCardRelic":28,"Vajra":44,"Smiling Mask":26,"Hallownest:GodTamersBeastRelic":45,"ClockworkSouvenir":53,"Blood Vial":22,"Lizard Tail":14,"Mastiff:ReiMu":11,"Mummified Hand":48,"WingedGreaves":8,"Red Mask":21,"Kunai":48,"Hallownest:TeacherSealRelic":2,"Pear":25,"NeowsBlessing":0,"Oddly Smooth Stone":54,"Thread and Needle":54,"Boundary_crack":0,"Frozen Egg 2":23,"War Paint":53,"MawBank":30,"Anchor":42,"Bottled Flame":44,"Busted Crown":34,"Hallownest:BankAccountRelic":3,"Shuriken":30,"Bronze Scales":25,"Bird Faced Urn":53,"CrazyTorch:ReiMu":23,"Black Star":17,"FossilizedHelix":13,"Toy Ornithopter":43,"Memoryfragments_purpleEX":0,"RuthlessExorcism:ReiMu":40},{"Hallownest:StagBellRelic1":17,"Regal Pillow":19,"Torii":21,"Hallownest:UnbreakableCardRelic":13,"Vajra":22,"Smiling Mask":13,"Hallownest:GodTamersBeastRelic":26,"ClockworkSouvenir":29,"Blood Vial":10,"Lizard Tail":7,"Mastiff:ReiMu":5,"Mummified Hand":28,"WingedGreaves":3,"Red Mask":10,"Kunai":28,"Hallownest:TeacherSealRelic":1,"Pear":13,"NeowsBlessing":0,"Oddly Smooth Stone":30,"Thread and Needle":30,"Boundary_crack":0,"Frozen Egg 2":11,"War Paint":29,"MawBank":14,"Anchor":21,"Bottled Flame":22,"Busted Crown":15,"Hallownest:BankAccountRelic":1,"Shuriken":14,"Bronze Scales":13,"Bird Faced Urn":29,"CrazyTorch:ReiMu":11,"Black Star":8,"FossilizedHelix":6,"Toy Ornithopter":21,"Memoryfragments_purpleEX":0,"RuthlessExorcism:ReiMu":19},{"Hallownest:StagBellRelic1":104,"Regal Pillow":115,"Torii":128,"Hallownest:UnbreakableCardRelic":74,"Vajra":134,"Smiling Mask":74,"Hallownest:GodTamersBeastRelic":151,"ClockworkSouvenir":169,"Blood Vial":50,"Lizard Tail":29,"Mastiff:ReiMu":17,"Mummified Hand":163,"WingedGreaves":3,"Red Mask":50,"Kunai":163,"Hallownest:TeacherSealRelic":1,"Pear":74,"NeowsBlessing":0,"Oddly Smooth Stone":175,"Thread and Needle":175,"Boundary_crack":0,"Frozen Egg 2":59,"War Paint":169,"MawBank":85,"Anchor":128,"Bottled Flame":134,"Busted Crown":92,"Hallownest:BankAccountRelic":1,"Shuriken":85,"Bronze Scales":74,"Bird Faced Urn":169,"CrazyTorch:ReiMu":59,"Black Star":36,"FossilizedHelix":23,"Toy Ornithopter":128,"Memoryfragments_purpleEX":0,"RuthlessExorcism:ReiMu":115}],"Toy Ornithopter":0},"card_choices":[{"not_picked":["Boundary_ObjectiveBoundary_purple","Umbrella_purple"],"picked":"Anti_communist_purple","floor":1.0},{"not_picked":["Charmbait_purple","RuleDissolution_purple"],"picked":"AdvanceAttack_purple","floor":7.0},{"not_picked":["Boundary_ObjectiveBoundary_purple","Anti_communist_purple"],"picked":"ExistenceContinue_purple","floor":8.0},{"not_picked":["StateDuplicate_purple","ExistenceContinue_purple","SharpContractionReality_purple"],"picked":"SKIP","floor":10.0},{"not_picked":["Bait_Toxicbait_purple","ExistenceContinue_purple"],"picked":"PurpleNeedle_purple","floor":11.0},{"not_picked":["Mirror_WaveAndshot_purple","ButterflyHabitatTemple_purple"],"picked":"Monsters_DoubleDeathButterfly_purple","floor":13.0},{"not_picked":["MeetDecomposer_purple","ExistenceContinue_purple"],"picked":"Human_Monster_Realm_purple","floor":14.0},{"not_picked":["Mirror_TwoAndThreeElementRealm_purple","Computing_the_future_purpleEX"],"picked":"WangLiang_LineAndCurveDreams_purple","floor":16.0},{"not_picked":["Umbrella_purple","SharpContractionReality_purple"],"picked":"DarkRealmRedLine_purple","floor":18.0},{"not_picked":["OmniscientAndOmnipotent_Monster_purple+1","Yakumo_Ran_purple"],"picked":"Mirror_FormAndEmptin_purple","floor":20.0},{"not_picked":["WatchEChange_purple+1","Anti_communist_purple"],"picked":"DimensionStaggered_purple","floor":23.0},{"not_picked":["MetroBOOM_purple","StretchesForeverDream_purple"],"picked":"WeekHit_purple","floor":24.0},{"not_picked":["Mirror_WaveAndshot_purple","D_absorption_purple"],"picked":"Nest_LightFlightworm_purple","floor":25.0},{"not_picked":["Boundary_of_Extermination_purpleEX+1","MagicEyes_LaplaceDemon_purple","Monsters_DoubleDeathButterfly_purple+1"],"picked":"SKIP","floor":30.0},{"not_picked":["Fancifulhole_purple","Monsters_DoubleDeathButterfly_purple+1"],"picked":"ContainerChange_purple+1","floor":33.0},{"not_picked":[],"picked":"ButterflyHabitatTemple_purple","floor":35.0},{"not_picked":[],"picked":"OmniscientAndOmnipotent_Monster_purple","floor":36.0},{"not_picked":["Yakumo_Ran_purple+1"],"picked":"SKIP","floor":39.0},{"not_picked":["Human_Monster_Realm_purple"],"picked":"SKIP","floor":40.0},{"not_picked":["SfantasyHide_purple"],"picked":"SKIP","floor":41.0},{"not_picked":["UniverseChoice_purple+1"],"picked":"SKIP","floor":42.0},{"not_picked":["MetroBOOM_purple"],"picked":"SKIP","floor":44},{"not_picked":["SfantasyHide_purple+1"],"picked":"SKIP","floor":47},{"not_picked":["Realm_recovery_purpleEX"],"picked":"SKIP","floor":48},{"not_picked":[],"picked":"PositiveMatter_Antimatter_Universe_purple","floor":54}],"player_experience":311105,"relics_obtained":[{"floor":8.0,"key":"WingedGreaves"},{"floor":11.0,"key":"Mastiff:ReiMu"},{"floor":13.0,"key":"FossilizedHelix"},{"floor":14.0,"key":"Lizard Tail"},{"floor":23.0,"key":"CrazyTorch:ReiMu"},{"floor":23.0,"key":"Frozen Egg 2"},{"floor":25.0,"key":"Bronze Scales"},{"floor":25.0,"key":"Pear"},{"floor":26.0,"key":"Smiling Mask"},{"floor":30.0,"key":"Shuriken"},{"floor":30.0,"key":"MawBank"},{"floor":40.0,"key":"RuthlessExorcism:ReiMu"},{"floor":40.0,"key":"Regal Pillow"},{"floor":42.0,"key":"Anchor"},{"floor":42.0,"key":"Torii"},{"floor":43.0,"key":"Toy Ornithopter"},{"floor":44,"key":"Vajra"},{"floor":44,"key":"Bottled Flame"},{"floor":48,"key":"Mummified Hand"},{"floor":48,"key":"Kunai"},{"floor":54,"key":"Thread and Needle"},{"floor":54,"key":"Oddly Smooth Stone"}],"event_choices":[],"is_beta":true,"boss_relics":[{"not_picked":["Fusion Hammer","Pandora\u0027s Box"],"picked":"Black Star"},{"not_picked":["Runic Pyramid","bronze:MakeshiftBattery"],"picked":"Busted Crown"}],"items_purged_floors":[5,53],"is_endless":false,"potions_floor_spawned":[1,10,13,23,25,33,36,42,44,45,48,54],"ascension_level":2}}