{"host":"rih3m63woujmecfd","time":1612258199,"event":{"mods":["BaseMod","Colored Powertips","Downfall","Energized Spire","KinomotoSakuraMod(Ä¾Ö®±¾Ó£)","Marisa£¨ìFÓê¡¡Ä§ÀíÉ³£©","Minty Spire (QoL Compilation)","Reimu£¨²©ÀöÁéÃÎ£©","Relic Stats","Remilia£¨ÀÙÃ×ÀòÑÇ£©","Replay The Spire","RumiaBox-Â¶Ã×æ«µÄÉñÃØºÐ×Ó","Shop Mod","Spicy Shops","StSLib","The Hierophant","The Servant 0.9.4","Waifu the Spire","Youmu£¨»êÆÇÑýÃÎ£©","Yuyuko","[IsaacMod]ÒÔÈö¼âËþ"],"gold_per_floor":[117,134,145,164,10,10,10,41,41,82,59,59,114,128,128],"floor_reached":14,"language":"ZHS","playtime":866,"items_purged":[],"score":158,"play_id":"71b9912f-0b95-4ae1-9d6d-99742b01e41a","local_time":"20210202172959","daily_mods":["Heirloom","Time Dilation","Flight","downfall:Jewelcrafting","Elite Swarm","Lethality"],"is_ascension_mode":false,"campfire_choices":[{"floor":12,"key":"REST"}],"circlet_count":0,"master_deck":["Strike_Lin:ReiMu","Strike_Lin:ReiMu","Strike_Lin:ReiMu","Strike_Lin:ReiMu","Defend_Lin:ReiMu","Defend_Lin:ReiMu","Defend_Lin:ReiMu","Defend_Lin:ReiMu","NB:ReiMu","Stagnation:ReiMu","Guardian:ExploitGems","Guardian:ExploitGems","AlertArray:ReiMu","OctopathBindingBorder2:ReiMu","YinYangSign:ReiMu","SpreadBorder2:ReiMu","Guardian:Gem_White","Guardian:Gem_Yellow","Guardian:Gem_Cyan","Guardian:Gem_Green","KamiRite:ReiMu","KamiRite:ReiMu","TightArray:ReiMu","Dreaming:ReiMu"],"relics":["FlyPower:ReiMu","HushsDoor","Guardian:PickAxe","Salt:ReiMu","GuppysHead","MerchantsRug","SalivaCoin","GodSword1","Regal Pillow","Meat on the Bone"],"acts_visited":["Exordium"],"potions_floor_usage":[10,14],"damage_taken":[{"damage":2,"enemies":"Jaw Worm","floor":1,"turns":2},{"damage":0,"enemies":"Small Slimes","floor":2,"turns":2},{"damage":3,"enemies":"2 Louse","floor":3,"turns":2},{"damage":12,"enemies":"2 Fungi Beasts","floor":4,"turns":4},{"damage":3,"enemies":"Lagavulin","floor":8,"turns":6},{"damage":38,"enemies":"Gremlin Nob","floor":10,"turns":5},{"damage":27,"enemies":"3 Sentries","floor":13,"turns":5},{"damage":14,"enemies":"Gremlin Nob","floor":14,"turns":3}],"seed_played":"-2752374545304060150","potions_obtained":[{"floor":8,"key":"SteroidPotion"},{"floor":10,"key":"BlessingOfTheForge"},{"floor":13,"key":"Explosive Potion"}],"is_trial":true,"path_per_floor":["M","M","M","M","$","R","R","E","T","E","$","R","E","E"],"character_chosen":"REIMU","items_purchased":["MerchantsRug","TightArray:ReiMu"],"campfire_rested":1,"item_purchase_floors":[5,11],"current_hp_per_floor":[63,63,60,48,48,48,48,45,45,7,7,41,14,0,0],"gold":128,"neow_bonus":"","is_daily":false,"chose_seed":false,"campfire_upgraded":0,"win_rate":0.0,"timestamp":1612258199,"path_taken":["M","M","M","M","$","R","R","E","T","E","$","R","E","E"],"items_purchased_type":["Relic","Card"],"build_version":"2020-12-22","purchased_purges":0,"victory":false,"max_hp_per_floor":[65,65,65,65,65,65,65,65,65,65,65,65,65,65,65],"relic_stats":{"Regal Pillow":15,"counters":[8,28],"obtain_stats":[{"KeepersGift":0,"Guardian:PickAxe":0,"Salt:ReiMu":0,"MerchantsRug":5,"Regal Pillow":10,"SalivaCoin":8,"GuppysHead":0,"FlyPower:ReiMu":0,"HushsDoor":0,"GodSword1":9,"Meat on the Bone":13},{"KeepersGift":0,"Guardian:PickAxe":0,"Salt:ReiMu":0,"MerchantsRug":4,"Regal Pillow":6,"SalivaCoin":5,"GuppysHead":0,"FlyPower:ReiMu":0,"HushsDoor":0,"GodSword1":5,"Meat on the Bone":7},{"KeepersGift":0,"Guardian:PickAxe":0,"Salt:ReiMu":0,"MerchantsRug":10,"Regal Pillow":20,"SalivaCoin":16,"GuppysHead":0,"FlyPower:ReiMu":0,"HushsDoor":0,"GodSword1":16,"Meat on the Bone":25}],"Meat on the Bone":0},"card_choices":[{"not_picked":["CollectionFlower2:ReiMu","Crusade:ReiMu"],"picked":"AlertArray:ReiMu","floor":1},{"not_picked":["SpringWay:ReiMu","SubcavityInstant:ReiMu"],"picked":"OctopathBindingBorder2:ReiMu","floor":2},{"not_picked":["MountainWay:ReiMu","Intuition:ReiMu"],"picked":"YinYangSign:ReiMu","floor":3},{"not_picked":["SubcavityInstant:ReiMu","OrbThrow:ReiMu"],"picked":"SpreadBorder2:ReiMu","floor":4},{"not_picked":["Shading:ReiMu","DependentForm:ReiMu"],"picked":"KamiRite:ReiMu","floor":8},{"not_picked":["CleanRite:ReiMu","SubcavityFantasy:ReiMu"],"picked":"KamiRite:ReiMu","floor":10},{"not_picked":["CleanRite:ReiMu","SubcavityFantasy:ReiMu"],"picked":"Dreaming:ReiMu","floor":13}],"player_experience":145523,"relics_obtained":[{"floor":8,"key":"SalivaCoin"},{"floor":9,"key":"GodSword1"},{"floor":10,"key":"Regal Pillow"},{"floor":13,"key":"Meat on the Bone"}],"event_choices":[],"is_beta":false,"boss_relics":[],"items_purged_floors":[],"is_endless":true,"potions_floor_spawned":[8,10,13],"killed_by":"Gremlin Nob","ascension_level":0}}