{"host":"9v3x998ddbx8o276","time":1612258016,"event":{"mods":["AchievementEnabler","BaseMod","Colored Map","Colored Powertips","Highlight Path","Minty Spire (QoL Compilation)","Quick Restart","Rare Cards Sparkle"],"gold_per_floor":[109,109,120,14,31,56,56,68,93,93,112,112,128,159,159,159,159],"floor_reached":16,"language":"ENG","playtime":788,"items_purged":[],"score":224,"play_id":"0eb1cd49-c6d9-4386-bc5c-994112c0f9d8","local_time":"20210202195656","is_ascension_mode":true,"campfire_choices":[{"floor":10.0,"key":"REST"},{"floor":12.0,"key":"REST"},{"floor":15,"key":"REST"}],"circlet_count":0,"master_deck":["AscendersBane","Strike_B","Strike_B","Strike_B","Strike_B","Defend_B","Defend_B","Defend_B","Defend_B","Zap","Dualcast","Compile Driver","Cold Snap","Coolheaded","Seek","Creative AI","Reboot","Reinforced Body","Beam Cell","Barrage","Stack"],"relics":["Cracked Core","NeowsBlessing","DataDisk","Orichalcum","MealTicket"],"acts_visited":["Exordium"],"potions_floor_usage":[16],"damage_taken":[{"damage":0.0,"enemies":"2 Louse","floor":1.0,"turns":1.0},{"damage":0.0,"enemies":"Jaw Worm","floor":3.0,"turns":1.0},{"damage":0.0,"enemies":"Cultist","floor":5.0,"turns":1.0},{"damage":31.0,"enemies":"Gremlin Nob","floor":6.0,"turns":4.0},{"damage":30.0,"enemies":"Exordium Thugs","floor":8.0,"turns":4.0},{"damage":2.0,"enemies":"2 Fungi Beasts","floor":11.0,"turns":3.0},{"damage":3.0,"enemies":"Large Slime","floor":13.0,"turns":4.0},{"damage":14,"enemies":"Lagavulin","floor":14,"turns":8},{"damage":48,"enemies":"Hexaghost","floor":16,"turns":9}],"seed_played":"-1827063926345331692","potions_obtained":[{"floor":5.0,"key":"GamblersBrew"},{"floor":8.0,"key":"Ancient Potion"}],"is_trial":false,"path_per_floor":["M","?","M","$","M","E","?","M","T","R","M","R","M","E","R","B"],"character_chosen":"DEFECT","items_purchased":["Explosive Potion","Coolheaded"],"campfire_rested":3,"item_purchase_floors":[4,4],"current_hp_per_floor":[64,64,64,64,64,33,33,3,3,24,22,43,40,26,47,0,0],"gold":159,"neow_bonus":"THREE_ENEMY_KILL","is_daily":false,"chose_seed":false,"campfire_upgraded":0,"win_rate":0.0,"timestamp":1612258016,"path_taken":["M","?","M","$","M","E","?","?","T","R","M","R","M","E","R","BOSS"],"items_purchased_type":["Potion","Card"],"build_version":"2020-12-22","purchased_purges":0,"victory":false,"max_hp_per_floor":[71,71,71,71,71,71,71,71,71,71,71,71,71,71,71,71,71],"card_choices":[{"not_picked":["Gash","Stack"],"picked":"Compile Driver","floor":1.0},{"not_picked":["Genetic Algorithm","Streamline"],"picked":"Cold Snap","floor":3.0},{"not_picked":["Conserve Battery","Chill"],"picked":"Seek","floor":5.0},{"not_picked":["Recycle","Barrage"],"picked":"Creative AI","floor":6.0},{"not_picked":["Leap","Go for the Eyes"],"picked":"Reinforced Body","floor":8.0},{"not_picked":["Steam Power","Compile Driver"],"picked":"Beam Cell","floor":11.0},{"not_picked":["Storm","Tempest"],"picked":"Barrage","floor":13.0},{"not_picked":["Skim","Darkness"],"picked":"Stack","floor":14}],"player_experience":2212569,"relics_obtained":[{"floor":6.0,"key":"DataDisk"},{"floor":9.0,"key":"Orichalcum"},{"floor":14,"key":"MealTicket"}],"event_choices":[{"damage_healed":0.0,"max_hp_gain":0.0,"max_hp_loss":0.0,"gold_gain":0.0,"event_name":"Golden Wing","player_choice":"Ignored","floor":2.0,"gold_loss":0.0,"damage_taken":0.0},{"damage_healed":0.0,"max_hp_gain":0.0,"max_hp_loss":0.0,"gold_gain":0.0,"event_name":"Match and Keep!","player_choice":"1 cards matched","floor":7.0,"gold_loss":0.0,"damage_taken":0.0,"cards_obtained":["Reboot"]}],"is_beta":false,"boss_relics":[],"items_purged_floors":[],"is_endless":false,"potions_floor_spawned":[5,8,11],"killed_by":"Hexaghost","ascension_level":20}}