{"host":"utqe55yv0jihe4d6","time":1612242815,"event":{"mods":["2.2 Compatiblity","AchievementEnabler","BaseMod","Block Reminder","Colored Map","Colored Powertips","Minty Spire (QoL Compilation)","Quick Restart","Rare Cards Sparkle","Relic Stats","SuperFastMode"],"gold_per_floor":[109,109,123,135,410,410,425,445,445,445,479,3,3,14,14,91,91,110,110,126,146,163,163,197,214,214,214,248,248,276,288,288,288,288],"floor_reached":33,"language":"ENG","playtime":1023,"items_purged":["Regret"],"score":618,"play_id":"646fff1b-6bc1-48c7-98a4-0b267c6b0c97","local_time":"20210202001335","is_ascension_mode":true,"campfire_choices":[{"data":"BattleHymn","floor":6,"key":"SMITH"},{"floor":10,"key":"REST"},{"floor":13,"key":"REST"},{"data":"TalkToTheHand","floor":15,"key":"SMITH"},{"floor":23,"key":"REST"},{"floor":29,"key":"REST"},{"floor":32,"key":"REST"}],"circlet_count":0,"master_deck":["AscendersBane","Strike_P","Strike_P","Strike_P","Strike_P","Defend_P","Defend_P","Defend_P","Defend_P","Eruption","Vigilance","BowlingBash","BattleHymn+1","Consecrate","TalkToTheHand+1","FlyingSleeves","Conclude","TalkToTheHand","MentalFortress","Vengeance","FlurryOfBlows","Blasphemy","ClearTheMind","LikeWater","DeceiveReality+1","Collect+1","FearNoEvil+1","Ghostly","Ghostly","Ghostly","InnerPeace","Halt","Wallop+1"],"relics":["PureWater","Toy Ornithopter","Bag of Preparation","Mercury Hourglass","PreservedInsect","Sozu","StrikeDummy","Molten Egg 2","Potion Belt","Pantograph"],"acts_visited":["Exordium","TheCity"],"potions_floor_usage":[16,22,24],"damage_taken":[{"damage":5,"enemies":"2 Louse","floor":1,"turns":3},{"damage":2,"enemies":"Jaw Worm","floor":3,"turns":3},{"damage":0,"enemies":"Cultist","floor":4,"turns":4},{"damage":1,"enemies":"Large Slime","floor":7,"turns":3},{"damage":12,"enemies":"Looter","floor":8,"turns":3},{"damage":19,"enemies":"Gremlin Nob","floor":11,"turns":3},{"damage":4,"enemies":"Exordium Wildlife","floor":14,"turns":2},{"damage":47,"enemies":"The Guardian","floor":16,"turns":9},{"damage":0,"enemies":"Chosen","floor":18,"turns":4},{"damage":29,"enemies":"3 Byrds","floor":20,"turns":3},{"damage":13,"enemies":"Snake Plant","floor":21,"turns":4},{"damage":10,"enemies":"Centurion and Healer","floor":22,"turns":3},{"damage":12,"enemies":"Slavers","floor":24,"turns":4},{"damage":11,"enemies":"Shelled Parasite and Fungi","floor":25,"turns":3},{"damage":10,"enemies":"Book of Stabbing","floor":28,"turns":3},{"damage":15,"enemies":"Slavers","floor":30,"turns":4},{"damage":0,"enemies":"Snecko","floor":31,"turns":4},{"damage":62,"enemies":"Champ","floor":33,"turns":9}],"seed_played":"-8752151319948721576","potions_obtained":[{"floor":1,"key":"SkillPotion"},{"floor":3,"key":"EssenceOfSteel"},{"floor":7,"key":"BlessingOfTheForge"},{"floor":16,"key":"Strength Potion"}],"is_trial":false,"path_per_floor":["M","?","M","M","?","R","M","M","T","R","E","$","R","M","R","B",null,"M","?","M","M","M","R","E","M","T","?","E","R","E","M","R","B"],"character_chosen":"WATCHER","items_purchased":["PreservedInsect","TalkToTheHand","MentalFortress","Vengeance"],"campfire_rested":5,"item_purchase_floors":[12,12,12,12],"current_hp_per_floor":[62,44,42,42,42,42,41,29,29,51,32,32,54,50,50,8,58,58,58,29,16,11,33,26,15,15,15,5,16,1,1,12,0,0],"gold":288,"neow_bonus":"TEN_PERCENT_HP_BONUS","is_daily":false,"chose_seed":false,"campfire_upgraded":2,"win_rate":0.0,"timestamp":1612242815,"path_taken":["M","?","M","M","?","R","M","M","T","R","E","$","R","?","R","BOSS","M","?","M","M","M","R","E","M","T","?","E","R","E","M","R","BOSS"],"items_purchased_type":["Relic","Card","Card","Card"],"build_version":"2020-12-22","purchased_purges":1,"victory":false,"max_hp_per_floor":[74,74,74,74,74,74,74,74,74,74,74,74,74,74,74,74,74,74,74,74,74,74,74,74,74,74,37,37,37,37,37,37,37,37],"relic_stats":{"Sozu":4,"counters":[18,71],"Pantograph":25,"PreservedInsect":124,"Bag of Preparation":[26],"obtain_stats":[{"Sozu":17,"Potion Belt":28,"Pantograph":30,"Molten Egg 2":26,"PreservedInsect":12,"Bag of Preparation":9,"PureWater":0,"StrikeDummy":24,"Toy Ornithopter":2,"Mercury Hourglass":11},{"Sozu":8,"Potion Belt":15,"Pantograph":16,"Molten Egg 2":14,"PreservedInsect":6,"Bag of Preparation":5,"PureWater":0,"StrikeDummy":13,"Toy Ornithopter":1,"Mercury Hourglass":6},{"Sozu":30,"Potion Belt":54,"Pantograph":58,"Molten Egg 2":51,"PreservedInsect":19,"Bag of Preparation":16,"PureWater":0,"StrikeDummy":48,"Toy Ornithopter":3,"Mercury Hourglass":19}],"Toy Ornithopter":15,"Mercury Hourglass":[173]},"card_choices":[{"not_picked":["Collect","Evaluate"],"picked":"BowlingBash","floor":1},{"not_picked":["EmptyFist","Swivel"],"picked":"BattleHymn","floor":3},{"not_picked":["Crescendo","Evaluate"],"picked":"Consecrate","floor":4},{"not_picked":["Weave","CutThroughFate"],"picked":"TalkToTheHand","floor":7},{"not_picked":["Consecrate","Prostrate"],"picked":"FlyingSleeves","floor":8},{"not_picked":["MasterReality","ForeignInfluence"],"picked":"Conclude","floor":11},{"not_picked":["FollowUp","CrushJoints"],"picked":"FlurryOfBlows","floor":14},{"not_picked":["Alpha","ConjureBlade"],"picked":"Blasphemy","floor":16},{"not_picked":["FlyingSleeves","Study"],"picked":"ClearTheMind","floor":18},{"not_picked":["FlurryOfBlows","EmptyFist","Nirvana"],"picked":"SKIP","floor":20},{"not_picked":["Adaptation","EmptyBody"],"picked":"DeceiveReality+1","floor":21},{"not_picked":["CutThroughFate+1","EmptyBody"],"picked":"Collect+1","floor":22},{"not_picked":["SashWhip","Study"],"picked":"FearNoEvil+1","floor":24},{"not_picked":["BowlingBash","Evaluate","Sanctity"],"picked":"SKIP","floor":25},{"not_picked":["EmptyBody","Crescendo+1"],"picked":"InnerPeace","floor":28},{"not_picked":["Collect","EmptyMind"],"picked":"Halt","floor":30},{"not_picked":["Evaluate","WheelKick+1"],"picked":"Wallop+1","floor":31}],"player_experience":2977383,"relics_obtained":[{"floor":9,"key":"Bag of Preparation"},{"floor":11,"key":"Mercury Hourglass"},{"floor":24,"key":"StrikeDummy"},{"floor":26,"key":"Molten Egg 2"},{"floor":28,"key":"Potion Belt"},{"floor":30,"key":"Pantograph"}],"event_choices":[{"damage_healed":0,"gold_gain":0,"player_choice":"Success","damage_taken":18,"relics_obtained":["Toy Ornithopter"],"max_hp_gain":0,"max_hp_loss":0,"event_name":"Scrap Ooze","floor":2,"gold_loss":0},{"damage_healed":0,"gold_gain":275,"player_choice":"Desecrate","damage_taken":0,"max_hp_gain":0,"max_hp_loss":0,"event_name":"Golden Shrine","floor":5,"gold_loss":0,"cards_obtained":["Regret"]},{"damage_healed":0,"gold_gain":0,"player_choice":"Read","damage_taken":0,"max_hp_gain":0,"max_hp_loss":0,"event_name":"The Library","floor":19,"gold_loss":0,"cards_obtained":["LikeWater"]},{"damage_healed":0,"gold_gain":0,"player_choice":"Became a Ghost","damage_taken":0,"max_hp_gain":0,"max_hp_loss":37,"event_name":"Ghosts","floor":27,"gold_loss":0,"cards_obtained":["Ghostly","Ghostly","Ghostly"]}],"is_beta":false,"boss_relics":[{"not_picked":["Velvet Choker","Snecko Eye"],"picked":"Sozu"}],"items_purged_floors":[12],"is_endless":false,"potions_floor_spawned":[1,3,7,16,22,24,25,30],"killed_by":"Champ","ascension_level":20}}