{"host":"4kmvpqjeiacgn1pr","time":1612226845,"event":{"mods":["AchievementEnabler","BaseMod","Better Altar","Better Match","Better Note","Better Sensory Stone","Better Skull","Better Third Choice","Colored Map","Colored Powertips","Curses Come First","Downfall","Highlight Path","Infinite Spire","Minty Spire (QoL Compilation)","Permanent Neow","Quick Restart","Rare Cards Sparkle","Replay The Spire","Shop Mod","Spicy Shops","Spikes Relics","StSLib","Waifu the Spire"],"gold_per_floor":[112,112,125,139,159,159,109,144,219,219,219],"floor_reached":10,"language":"ENG","playtime":442,"items_purged":[],"score":82,"play_id":"b9814bf8-7bdb-4676-85c9-7dda4a391f13","local_time":"20210201194725","is_ascension_mode":true,"campfire_choices":[{"data":"Judgement","floor":6,"key":"SMITH"}],"circlet_count":0,"master_deck":["Strike_P","Strike_P","Defend_P","Defend_P","Defend_P","Defend_P","Eruption","Vigilance","Replay:Hysterical Blindness","m_Survivalism","Judgement+1","Panacea","infinitespire:Punishment","Worship","Halt","Replay:ManipulateFuture","Replay:AtTheReady","FearNoEvil"],"relics":["ReplayTheSpireMod:SealedPack","GoldenEye","Replay:WaspNest"],"acts_visited":["Exordium"],"potions_floor_usage":[8],"damage_taken":[{"damage":0,"enemies":"2 Louse","floor":1,"turns":1},{"damage":0,"enemies":"Cultist","floor":3,"turns":2},{"damage":0,"enemies":"Jaw Worm","floor":4,"turns":2},{"damage":10,"enemies":"Large Slime","floor":5,"turns":4},{"damage":54,"enemies":"Lagavulin","floor":8,"turns":8},{"damage":12,"enemies":"3 Sentries","floor":10,"turns":2}],"seed_played":"7045896097878451519","potions_obtained":[{"floor":4,"key":"PowerPotion"}],"is_trial":false,"path_per_floor":["M","?","M","M","M","R","?","E","T","E"],"character_chosen":"WATCHER","items_purchased":[],"campfire_rested":0,"item_purchase_floors":[],"current_hp_per_floor":[72,72,72,72,62,62,62,8,8,0,0],"gold":219,"neow_bonus":"BOSS_RELIC","is_daily":false,"chose_seed":false,"campfire_upgraded":1,"win_rate":0.0,"timestamp":1612226845,"path_taken":["M","?","M","M","?","R","?","E","T","E"],"items_purchased_type":[],"build_version":"2020-12-22","purchased_purges":0,"victory":false,"max_hp_per_floor":[72,72,72,72,72,72,72,72,72,72,72],"card_choices":[{"not_picked":["Bash","Eruption"],"picked":"m_Survivalism","floor":0},{"not_picked":["DevaForm","Scrawl"],"picked":"Judgement","floor":0},{"not_picked":["Swift Strike","Bandage Up"],"picked":"Panacea","floor":0},{"not_picked":["ReplayTheSpireMod:??????????????????????","ReplayTheSpireMod:Book of Names"],"picked":"infinitespire:Punishment","floor":0},{"not_picked":["Evaluate","Prostrate"],"picked":"Worship","floor":1},{"not_picked":["Tantrum","EmptyBody"],"picked":"Halt","floor":3},{"not_picked":["CutThroughFate","SashWhip"],"picked":"Replay:ManipulateFuture","floor":4},{"not_picked":["JustLucky","Collect"],"picked":"Replay:AtTheReady","floor":5},{"not_picked":["FollowUp","Vengeance"],"picked":"FearNoEvil","floor":8}],"player_experience":416636,"relics_obtained":[{"floor":8,"key":"GoldenEye"},{"floor":9,"key":"Replay:WaspNest"}],"event_choices":[{"cards_removed":["Strike_P"],"damage_healed":0,"gold_gain":0,"player_choice":"Purged","damage_taken":0,"max_hp_gain":0,"max_hp_loss":0,"event_name":"Purifier","floor":2,"gold_loss":0},{"cards_removed":["Strike_P"],"damage_healed":0,"gold_gain":0,"player_choice":"Card Removal","damage_taken":0,"max_hp_gain":0,"max_hp_loss":0,"event_name":"The Cleric","floor":7,"gold_loss":50}],"is_beta":false,"boss_relics":[],"items_purged_floors":[],"is_endless":false,"potions_floor_spawned":[4],"killed_by":"3 Sentries","ascension_level":4}}