{"host":"jwvz9sqego1wo43x","time":1612295018,"event":{"mods":["AchievementEnabler","BaseMod","Colored Map","Downfall","GifTheSpireLib","Minty Spire (QoL Compilation)","StSLib"],"gold_per_floor":[99,99,99,99,24,24,49,78,97,127,162,4,23,43,56,157,157,57,77,94,108,108,137,137,137,157,157,183,199,199,238,263,373,373,373,399,2,27,40,78,87,87,121,147,165,204,236,263,293,305],"floor_reached":51,"language":"ENG","playtime":2211,"items_purged":["Injury","downfall:Haunted"],"score":923,"play_id":"d4fb5024-d7dd-47d3-bf64-e8f6e8a4c68e","local_time":"20210202194338","is_ascension_mode":true,"campfire_choices":[{"data":"bronze:Replicate","floor":1,"key":"SMITH"},{"data":"bronze:Terminator","floor":6,"key":"SMITH"},{"data":"bronze:Refactor","floor":18,"key":"SMITH"},{"floor":25,"key":"REST"},{"data":"bronze:Constructor","floor":27,"key":"SMITH"},{"floor":30,"key":"REST"},{"data":"bronze:Assembly","floor":35,"key":"SMITH"},{"data":"bronze:Shell","floor":42,"key":"SMITH"}],"circlet_count":0,"master_deck":["bronze:Strike","bronze:Strike","bronze:Strike","bronze:Strike","bronze:Defend","bronze:Defend","bronze:Defend","bronze:Defend","bronze:Replicate+1","bronze:Goto+1","bronze:Philosophize+1","bronze:MaxOutput","bronze:Terminator+1","bronze:BronzeOrb","bronze:Constructor+1","bronze:Invalidate","bronze:ChosenStrike","bronze:Refactor+1","bronze:Iterate","bronze:Format","bronze:Shell+1","bronze:ChosenStrike+1","bronze:ForLoop+1","bronze:Fortify","bronze:Iterate","bronze:FineTuning+1","bronze:Assembly+1","bronze:Repair+1","bronze:Branch+1","bronze:Frontload+1","bronze:Deprecate+1","Decay","bronze:Return","bronze:AlphaBuild","Panacea","bronze:ThunderWave"],"relics":["bronze:PlatinumCore","downfall:HeartsMalice","MealTicket","Art of War","Orichalcum","Vajra","Oddly Smooth Stone","Cursed Key","downfall:HeartBlessingGreen","Bottled Lightning","Potion Belt","Shuriken","CeramicFish","PreservedInsect","Blood Vial","Mango","HornCleat","Toy Ornithopter","MawBank"],"acts_visited":["Exordium","TheCity","TheBeyond"],"potions_floor_usage":[12,14,16,28,28,32,33,37,50,50,50],"damage_taken":[{"damage":0,"enemies":"2 Louse","floor":2,"turns":1},{"damage":0,"enemies":"Cultist","floor":4,"turns":1},{"damage":0,"enemies":"downfall:FleeingMerchant","floor":5,"turns":1},{"damage":17,"enemies":"Lagavulin","floor":8,"turns":6},{"damage":8,"enemies":"Jaw Worm","floor":9,"turns":3},{"damage":19,"enemies":"3 Sentries","floor":11,"turns":11},{"damage":10,"enemies":"downfall:FleeingMerchant","floor":12,"turns":4},{"damage":4,"enemies":"Large Slime","floor":13,"turns":4},{"damage":0,"enemies":"Red Slaver","floor":14,"turns":1},{"damage":0,"enemies":"2 Fungi Beasts","floor":15,"turns":4},{"damage":17,"enemies":"SI_SHIV_ARCHETYPE","floor":16,"turns":5},{"damage":0,"enemies":"3 Byrds","floor":19,"turns":5},{"damage":0,"enemies":"Chosen","floor":20,"turns":2},{"damage":26,"enemies":"Snake Plant","floor":21,"turns":4},{"damage":13,"enemies":"Book of Stabbing","floor":23,"turns":5},{"damage":0,"enemies":"Centurion and Healer","floor":26,"turns":3},{"damage":20,"enemies":"Gremlin Leader","floor":28,"turns":4},{"damage":5,"enemies":"3 Cultists","floor":29,"turns":3},{"damage":11,"enemies":"Slavers","floor":31,"turns":4},{"damage":22,"enemies":"Shelled Parasite and Fungi","floor":32,"turns":4},{"damage":30,"enemies":"IC_MUSHROOM_ARCHETYPE","floor":33,"turns":6},{"damage":0,"enemies":"Orb Walker","floor":36,"turns":1},{"damage":12,"enemies":"downfall:FleeingMerchant","floor":37,"turns":4},{"damage":1,"enemies":"3 Darklings","floor":38,"turns":3},{"damage":9,"enemies":"Spire Growth","floor":39,"turns":4},{"damage":27,"enemies":"Nemesis","floor":40,"turns":5},{"damage":0,"enemies":"Giant Head","floor":43,"turns":7},{"damage":0,"enemies":"Maw","floor":44,"turns":6},{"damage":6,"enemies":"Nemesis","floor":46,"turns":7},{"damage":3,"enemies":"3 Darklings","floor":47,"turns":7},{"damage":0,"enemies":"Spire Growth","floor":48,"turns":2},{"damage":5,"enemies":"4 Shapes","floor":49,"turns":6},{"damage":15,"enemies":"WA_ARCHETYPE_DIVINITY","floor":50,"turns":9}],"seed_played":"-4745930218056003500","potions_obtained":[{"floor":11,"key":"LiquidMemories"},{"floor":13,"key":"Slimebound:ThreeZeroPotion"},{"floor":15,"key":"BlessingOfTheForge"},{"floor":16,"key":"FairyPotion"},{"floor":19,"key":"EssenceOfSteel"},{"floor":26,"key":"hexamod:SoulburnPotion"},{"floor":28,"key":"FearPotion"},{"floor":32,"key":"Fruit Juice"},{"floor":33,"key":"hexamod:SoulburnPotion"},{"floor":38,"key":"Weak Potion"},{"floor":39,"key":"CultistPotion"},{"floor":48,"key":"BlessingOfTheForge"},{"floor":49,"key":"bronze:BurnAndBuffPotion"}],"is_trial":false,"path_per_floor":["R","M","?","M","$","R","T","E","M","?","E","$","M","M","M","B",null,"R","M","M","M","?","E","T","R","M","R","E","M","R","E","M","B",null,"R","M","$","M","M","E","T","R","E","M","?","E","M","M","M","B",null],"character_chosen":"THE_AUTOMATON","items_purchased":["Oddly Smooth Stone","PreservedInsect","Blood Vial"],"campfire_rested":2,"item_purchase_floors":[12,37,37],"current_hp_per_floor":[70,70,70,70,70,70,70,53,45,45,26,31,27,27,27,10,70,70,70,70,44,44,31,31,52,52,52,32,27,48,37,20,22,75,75,75,63,74,66,65,65,65,77,89,89,83,82,84,81,74],"gold":317,"neow_bonus":"THREE_ENEMY_KILL","is_daily":false,"chose_seed":false,"campfire_upgraded":6,"win_rate":0.0,"timestamp":1612295018,"path_taken":["R","M","?","?","$","R","T","E","M","?","E","$","M","M","M","BOSS","R","M","M","M","?","E","T","R","M","R","E","M","R","E","M","BOSS","R","M","$","M","M","E","T","R","E","M","?","E","M","?","M","BOSS"],"items_purchased_type":["Relic","Relic","Relic"],"build_version":"2020-12-22","purchased_purges":2,"victory":true,"max_hp_per_floor":[70,70,70,70,70,70,70,70,70,70,70,70,70,70,70,70,70,70,70,70,70,70,70,70,70,70,70,70,70,70,70,75,75,75,75,75,75,75,75,89,89,89,89,89,89,89,89,89,89,89],"card_choices":[{"not_picked":["bronze:Allocate","bronze:DarkDash"],"picked":"bronze:Philosophize","floor":2},{"not_picked":["bronze:NullPointer","bronze:DelayedGuard"],"picked":"bronze:MaxOutput","floor":4},{"not_picked":["bronze:DelayedGuard","bronze:BugBarrage"],"picked":"bronze:Terminator","floor":5},{"not_picked":["bronze:Shell","bronze:Turbo"],"picked":"bronze:BronzeOrb","floor":8},{"not_picked":["bronze:InfiniteBeams","bronze:DelayedSlice"],"picked":"bronze:Constructor","floor":9},{"not_picked":["bronze:Constructor","bronze:Shield"],"picked":"bronze:Invalidate","floor":11},{"not_picked":["bronze:Safeguard","bronze:Allocate"],"picked":"bronze:ChosenStrike","floor":12},{"not_picked":["bronze:BronzeArmor","bronze:ForceShield","bronze:ChildClass"],"picked":"SKIP","floor":13},{"not_picked":["bronze:NullPointer","bronze:DelayedGuard"],"picked":"bronze:Refactor","floor":14},{"not_picked":["bronze:BuggyMess","bronze:ClassDefault"],"picked":"bronze:Iterate","floor":15},{"not_picked":["bronze:Mutator","bronze:BurnOut"],"picked":"bronze:Format","floor":16},{"not_picked":["bronze:BitShift","bronze:BugBarrage+1","bronze:Shield"],"picked":"SKIP","floor":19},{"not_picked":["bronze:DelayedGuard+1","bronze:BugBarrage"],"picked":"bronze:Shell","floor":20},{"not_picked":["bronze:ItsAFeature","bronze:Refactor","bronze:DelayedSlice"],"picked":"SKIP","floor":21},{"not_picked":["bronze:Branch","bronze:Optimize"],"picked":"bronze:ChosenStrike+1","floor":23},{"not_picked":["bronze:BuggyMess","bronze:Overheat"],"picked":"bronze:ForLoop+1","floor":26},{"not_picked":["bronze:InfiniteBeams","bronze:ItsAFeature","bronze:Backtrace"],"picked":"SKIP","floor":28},{"not_picked":["bronze:Invalidate","bronze:Iterate"],"picked":"bronze:Fortify","floor":29},{"not_picked":["bronze:Separator","bronze:Break"],"picked":"bronze:Iterate","floor":31},{"not_picked":["bronze:Shield","bronze:InfiniteBeams"],"picked":"bronze:FineTuning+1","floor":32},{"not_picked":["bronze:HyperBeam","bronze:HardenedForm"],"picked":"bronze:Assembly","floor":33},{"not_picked":["bronze:OilSpill","bronze:Overheat+1"],"picked":"bronze:Repair+1","floor":36},{"not_picked":["bronze:WildBeam","bronze:Invalidate"],"picked":"bronze:Branch+1","floor":37},{"not_picked":["bronze:WildBeam+1","bronze:DelayedSlice+1"],"picked":"bronze:Frontload+1","floor":38},{"not_picked":["bronze:CutThrough","bronze:BurnOut","bronze:WildBeam+1"],"picked":"SKIP","floor":39},{"not_picked":["bronze:DelayedGuard+1","bronze:Overheat"],"picked":"bronze:Deprecate+1","floor":40},{"not_picked":["bronze:BuggyMess+1","bronze:Branch","bronze:WildBeam"],"picked":"SKIP","floor":43},{"not_picked":["bronze:Frontload","bronze:Philosophize+1"],"picked":"bronze:Return","floor":44},{"not_picked":["bronze:WhirlingStrike","bronze:BuggyMess+1"],"picked":"bronze:ThunderWave","floor":46},{"not_picked":["bronze:ChildClass+1","bronze:Shield","bronze:DelayedSlice"],"picked":"SKIP","floor":47},{"not_picked":["bronze:Branch+1","bronze:BugBarrage+1","bronze:Separator"],"picked":"SKIP","floor":48},{"not_picked":["bronze:ChosenStrike+1","bronze:Invalidate","bronze:BuggyMess"],"picked":"SKIP","floor":49}],"player_experience":511671,"relics_obtained":[{"floor":7,"key":"MealTicket"},{"floor":8,"key":"Art of War"},{"floor":11,"key":"Vajra"},{"floor":23,"key":"Bottled Lightning"},{"floor":24,"key":"Potion Belt"},{"floor":28,"key":"Shuriken"},{"floor":31,"key":"CeramicFish"},{"floor":40,"key":"Mango"},{"floor":41,"key":"HornCleat"},{"floor":43,"key":"Toy Ornithopter"},{"floor":46,"key":"MawBank"}],"event_choices":[],"is_beta":false,"boss_relics":[{"not_picked":["Velvet Choker","Empty Cage"],"picked":"Cursed Key"},{"not_picked":["Tiny House","Sozu"],"picked":"bronze:PlatinumCore"}],"items_purged_floors":[5,37],"is_endless":false,"potions_floor_spawned":[11,13,15,16,19,26,28,32,33,38,39,48,49],"ascension_level":1}}