{"host":"2eswhqk6sgfpt1j1","time":1612231276,"event":{"mods":["Act Like it!","BaseMod","Colored Powertips","Hallownest","Lobotomy","Minty Spire (QoL Compilation)","Replay The Spire","StSLib","The Bug Knight","The Cursed","The Hierophant","The Servant 0.9.4"],"gold_per_floor":[211,286,296,261,261,274,274,274,323,334,179,179,179],"floor_reached":12,"language":"ZHS","playtime":892,"items_purged":[],"score":68,"play_id":"c53c9067-7171-4262-a983-daa3686265e7","local_time":"20210202100116","is_ascension_mode":false,"campfire_choices":[{"data":"TheCursedMod:LuckyCharm","floor":7,"key":"SMITH"}],"circlet_count":0,"master_deck":["TheCursedMod:Strike_TheCursed","TheCursedMod:Strike_TheCursed","TheCursedMod:Strike_TheCursed","TheCursedMod:Strike_TheCursed","TheCursedMod:Defend_TheCursed","TheCursedMod:Defend_TheCursed","TheCursedMod:Defend_TheCursed","TheCursedMod:Defend_TheCursed","TheCursedMod:CursedWand","TheCursedMod:CleanUpWorkshop","TheCursedMod:Dregs","TheCursedMod:ManaBullet","TheCursedMod:LuckyCharm+1","Delirium","TheCursedMod:SpitefulPlan","TheCursedMod:CursedAmulet","TheCursedMod:ShockAndAwe"],"relics":["TheCursedMod:BlackMagic101","Ring of Panic","Ring of Fury","Chameleon Ring","Blood Vial"],"acts_visited":["Exordium"],"potions_floor_usage":[],"damage_taken":[{"damage":0,"enemies":"2 Louse","floor":1,"turns":3},{"damage":6,"enemies":"Jaw Worm","floor":3,"turns":6},{"damage":5,"enemies":"Small Slimes","floor":6,"turns":4},{"damage":18,"enemies":"2 Fungi Beasts","floor":10,"turns":5},{"damage":0,"enemies":"HollowMod:MossKnight","floor":12,"turns":1}],"seed_played":"2569157422924064474","potions_obtained":[{"floor":1,"key":"BlessingOfTheForge"},{"floor":10,"key":"Weak Potion"}],"is_trial":false,"path_per_floor":["M","?","M","?","?","M","R","?","T","M","$","E"],"character_chosen":"THE_CURSED","items_purchased":["TheCursedMod:ShockAndAwe"],"campfire_rested":0,"item_purchase_floors":[11],"current_hp_per_floor":[75,64,58,75,75,70,70,63,63,47,47,49,49],"gold":179,"neow_bonus":"HUNDRED_GOLD","is_daily":false,"chose_seed":false,"campfire_upgraded":1,"win_rate":0.0,"timestamp":1612231276,"path_taken":["M","?","M","?","?","M","R","?","T","M","$","E"],"items_purchased_type":["Card"],"build_version":"2020-12-22","purchased_purges":0,"victory":false,"max_hp_per_floor":[75,75,75,75,75,75,75,75,75,75,75,75,75],"card_choices":[{"not_picked":["TheCursedMod:CircleOfCorruption","TheCursedMod:Mangle"],"picked":"TheCursedMod:ManaBullet","floor":1},{"not_picked":["TheCursedMod:SmokeScreen","TheCursedMod:SpitefulPray"],"picked":"TheCursedMod:LuckyCharm","floor":3},{"not_picked":["TheCursedMod:CircleOfFlame","TheCursedMod:CircleOfWindfury"],"picked":"TheCursedMod:SpitefulPlan","floor":6},{"not_picked":["TheCursedMod:VitalStrike","TheCursedMod:Stretching"],"picked":"TheCursedMod:CursedAmulet","floor":10}],"player_experience":429907,"relics_obtained":[{"floor":5,"key":"Ring of Panic"},{"floor":5,"key":"Ring of Fury"},{"floor":9,"key":"Blood Vial"}],"event_choices":[{"damage_healed":0,"gold_gain":75,"player_choice":"Gather Gold","damage_taken":11,"max_hp_gain":0,"max_hp_loss":0,"event_name":"World of Goop","floor":2,"gold_loss":0},{"damage_healed":18,"gold_gain":0,"player_choice":"Healed","damage_taken":0,"max_hp_gain":0,"max_hp_loss":0,"event_name":"The Cleric","floor":4,"gold_loss":35},{"damage_healed":0,"gold_gain":0,"player_choice":"Success","damage_taken":7,"relics_obtained":["Chameleon Ring"],"max_hp_gain":0,"max_hp_loss":0,"event_name":"Scrap Ooze","floor":8,"gold_loss":0}],"is_beta":false,"boss_relics":[],"items_purged_floors":[],"is_endless":false,"potions_floor_spawned":[1,10],"killed_by":"HollowMod:MossKnight","ascension_level":0}}