{"host":"b2j09bgckbzjrujr","time":1612240965,"event":{"mods":["AchievementEnabler","Aspiration","BaseMod","BetterRewards","Colored Map","Colored Powertips","Conspire","Friendly Minions","Infinite Spire","Marisa£®ÏF”Í°°ƒß¿Ì…≥£©","Minty Spire (QoL Compilation)","Quick Restart","Rare Cards Sparkle","Reimu£®≤©¿ˆ¡È√Œ£©","Remilia£®¿Ÿ√◊¿Ú—«£©","Replay The Spire","Shop Mod","StSLib","SuperFastMode","TestMod","The Cursed","The Jungle","The Servant 0.9.4","Waifu the Spire","Youmu£®ªÍ∆«—˝√Œ£©","Yuyuko","[IsaacMod]“‘»ˆº‚À˛","°æπ¶ƒ‹Mod°øªÏ„Á÷Æª∑–ﬁ∏¥≤π∂°"],"gold_per_floor":[126,300,14,23,108,108,58,58,126,93,93,51,78,94,94,103,103,33,104,104,63,255,46,144,106,106,106,64,64,83,22,22,123,129,75,81,1079,752,752,319,396,396,422,555,632,744,827,847,847,895,901,901,221,323,1362],"floor_reached":56,"language":"ZHS","playtime":2766,"items_purged":["Doubt","Normality","Voices"],"score":2529,"play_id":"fd92a0fd-e276-4859-b389-9d83b3be07ac","local_time":"20210202124245","is_ascension_mode":true,"campfire_choices":[{"data":"Body Slam","floor":6,"key":"SMITH"},{"floor":8,"key":"REST"},{"floor":11,"key":"REST"},{"floor":15,"key":"REST"},{"floor":27,"key":"REST"},{"data":"Entrench","floor":29,"key":"SMITH"},{"floor":32,"key":"DIG"},{"floor":42,"key":"RECALL"},{"data":"Normality","floor":49,"key":"PURGE"},{"floor":52,"key":"REST"}],"circlet_count":0,"master_deck":["Strike_R+1","Strike_R+1","Strike_R","Strike_R+1","Strike_R+1","Defend_R+1","Defend_R+1","Defend_R","Defend_R+1","Bash","Body Slam+1","Entrench+1"],"relics":["Burning Blood","testmod-TestBox","HushsDoor","testmod-CrystalShield","MoneyPower","GuppysHead","Replay:Wax Seal","Gremlin Food","TheAbacus","Paper Frog","ClockworkSouvenir","testmod-Maize","Bag of Preparation","testmod-ThousandKnives","SalivaCoin","testmod-Charity","testmod-ObsoleteBoomerang","MerchantsRug","Pen Nib","Bronze Scales","infinitespire:Beetle Shell","testmod-Antiphasic","Electric Blood","MutagenicStrength","Habit","testmod-BalancedPeriapt","Onion Ring","testmod-AssaultLearning","Magic Flower","testmod-DeterminationOfClimber","GuppysPaw","infinitespire:EvilPickle","Replay:Rubber Ducky","Ring of Fury","ReplayTheSpireMod:Ring of Addiction","Red Skull","Ancient Tea Set","Dream Catcher","Anchor","Replay:WaspNest","conspire:TreasureMap","Oddly Smooth Stone","conspire:Dentures","Guide Book","testmod-TurbochargingSystem"],"acts_visited":["Exordium","TheCity","TheBeyond","TheEnding"],"potions_floor_usage":[41],"damage_taken":[{"damage":9,"enemies":"Jaw Worm","floor":1,"turns":3},{"damage":0,"enemies":"conspire:RoseBush","floor":3,"turns":3},{"damage":0,"enemies":"Cultist","floor":4,"turns":3},{"damage":38,"enemies":"Gremlin Nob","floor":7,"turns":5},{"damage":33,"enemies":"Replay:BlueRogue","floor":10,"turns":8},{"damage":27,"enemies":"3 Sentries","floor":12,"turns":5},{"damage":22,"enemies":"Exordium Wildlife","floor":13,"turns":3},{"damage":1,"enemies":"Blue Slaver","floor":14,"turns":3},{"damage":17,"enemies":"Slime Boss","floor":16,"turns":11},{"damage":14,"enemies":"Spheric Guardian","floor":18,"turns":4},{"damage":22,"enemies":"3 Byrds","floor":19,"turns":3},{"damage":38,"enemies":"Sentry and Sphere","floor":21,"turns":6},{"damage":32,"enemies":"Replay:Snechameleon","floor":23,"turns":6},{"damage":17,"enemies":"Gremlin Leader","floor":25,"turns":6},{"damage":13,"enemies":"Replay:Snechameleon","floor":28,"turns":2},{"damage":2,"enemies":"Snecko","floor":30,"turns":3},{"damage":4,"enemies":"3 Cultists","floor":31,"turns":3},{"damage":40,"enemies":"Pondfish","floor":33,"turns":8},{"damage":14,"enemies":"3 Darklings","floor":35,"turns":4},{"damage":17,"enemies":"Orb Walker","floor":38,"turns":3},{"damage":5,"enemies":"Giant Head","floor":40,"turns":4},{"damage":31,"enemies":"3 Darklings","floor":41,"turns":3},{"damage":11,"enemies":"R_Hoarder","floor":44,"turns":4},{"damage":16,"enemies":"Jaw Worm Horde","floor":45,"turns":3},{"damage":44,"enemies":"Reptomancer","floor":46,"turns":4},{"damage":3,"enemies":"4 Shapes","floor":47,"turns":2},{"damage":0,"enemies":"Donu and Deca","floor":50,"turns":3},{"damage":0,"enemies":"Shield and Spear","floor":54,"turns":2},{"damage":51,"enemies":"LittleHush","floor":55,"turns":17}],"seed_played":"-2769674836466646504","potions_obtained":[{"floor":1,"key":"Venom Potion"},{"floor":3,"key":"Explosive Potion"},{"floor":4,"key":"AttackPotion"},{"floor":7,"key":"Fire Potion"},{"floor":30,"key":"BloodPotion"},{"floor":41,"key":"testmod-TestPotion"}],"is_trial":false,"path_per_floor":["M","?","M","M","$","R","E","R","T","E","R","E","M","M","R","B",null,"M","M","?","M","$","E","?","E","T","R","E","R","M","M","R_BF","B",null,"M","?","?","M","?","E","M","R","T","E","M","E","M","$","R_BF","B",null,"R","$","E","B",null],"character_chosen":"IRONCLAD","items_purchased":["Replay:Wax Seal","Omamori","Gremlin Food","TheAbacus","Paper Frog","ClockworkSouvenir","Bag of Preparation","SalivaCoin","SharpPlug","testmod-Charity","testmod-ObsoleteBoomerang","MerchantsRug","Pen Nib","Habit","testmod-BalancedPeriapt","GuppysPaw","Replay:WaspNest","conspire:TreasureMap","Oddly Smooth Stone","conspire:Dentures","Guide Book"],"campfire_rested":5,"item_purchase_floors":[0,0,0,0,0,0,0,0,0,0,5,5,5,22,22,34,48,48,53,53,53],"current_hp_per_floor":[51,52,59,66,75,75,47,76,77,83,108,92,79,86,118,110,118,113,108,108,85,95,127,130,148,148,148,148,148,148,148,148,148,145,147,132,135,147,147,147,147,147,147,147,146,146,146,120,120,120,119,119,119,118,1],"gold":1362,"neow_bonus":"","is_daily":false,"chose_seed":false,"campfire_upgraded":2,"win_rate":0.0,"timestamp":1612240965,"path_taken":["M","?","M","M","?","R","E","R","T","E","R","E","M","M","R","BOSS","M","M","?","?","?","E","?","E","T","R","E","R","M","M","R_BF","BOSS","M","?","?","M","?","E","M","R","T","E","M","E","M","$","R_BF","BOSS","R","$","E","BOSS"],"items_purchased_type":["Relic","Relic","Relic","Relic","Relic","Relic","Relic","Relic","Relic","Relic","Relic","Relic","Relic","Relic","Relic","Relic","Relic","Relic","Relic","Relic","Relic"],"build_version":"2020-12-22","purchased_purges":3,"victory":true,"max_hp_per_floor":[83,84,85,86,95,95,99,99,100,108,108,113,116,118,118,121,121,124,135,135,144,148,148,148,148,148,148,148,148,148,148,148,148,147,147,147,147,147,147,147,147,147,147,147,146,146,146,120,120,120,119,119,119,118,1],"card_choices":[{"not_picked":["ReplayTheSpireMod:Corrosion Curse","Ghostly Armor"],"picked":"Body Slam","floor":1},{"not_picked":["Whirlwind","Anger","True Grit"],"picked":"SKIP","floor":3},{"not_picked":["Anger","Sentinel","Combust"],"picked":"SKIP","floor":4},{"not_picked":["Havoc","Thunderclap","Spot Weakness"],"picked":"SKIP","floor":7},{"not_picked":["Inflame","Anger","Shrug It Off"],"picked":"SKIP","floor":10},{"not_picked":["Run Through","Cleave","Flame Barrier"],"picked":"SKIP","floor":12},{"not_picked":["Clash","Armaments","Cleave"],"picked":"SKIP","floor":13},{"not_picked":["Eclipse","Dual Wield","Warcry"],"picked":"SKIP","floor":14},{"not_picked":["Shrug It Off+1","Life Link+1"],"picked":"Entrench","floor":18},{"not_picked":["ReplayTheSpireMod:LeadingStrike","Battle Trance+1","Clash"],"picked":"SKIP","floor":19},{"not_picked":["Flex","ReplayTheSpireMod:Strike From Hell","Headbutt"],"picked":"SKIP","floor":21},{"not_picked":["Ghostly Armor","Evolve","ReplayTheSpireMod:Corrosion Curse"],"picked":"SKIP","floor":23},{"not_picked":["Abandon","Immolate","conspire:Charge"],"picked":"SKIP","floor":25},{"not_picked":["conspire:ExplosiveBarrier","Warcry+1","Berserk"],"picked":"SKIP","floor":28},{"not_picked":["Twin Strike","Clash","Run Through+1"],"picked":"SKIP","floor":30},{"not_picked":["Massacre","Perfected Strike","Armaments+1"],"picked":"SKIP","floor":31},{"not_picked":["Armaments","ReplayTheSpireMod:Strike From Hell","Burning Pact+1"],"picked":"SKIP","floor":35},{"not_picked":["Armaments","Power Through+1","Flex"],"picked":"SKIP","floor":38},{"not_picked":["Run Through+1","Replay:Undeath\u0027s Touch+1","Flame Barrier"],"picked":"SKIP","floor":40},{"not_picked":["conspire:ExplosiveBarrier+1","Shrug It Off","Thunderclap+1"],"picked":"SKIP","floor":41},{"not_picked":["ReplayTheSpireMod:Strike From Hell+1","Sword Boomerang+1","Rampage+1"],"picked":"SKIP","floor":44},{"not_picked":["Whirlwind","Headbutt","Run Through+1"],"picked":"SKIP","floor":45},{"not_picked":["Whirlwind","Headbutt","Run Through+1"],"picked":"SKIP","floor":45},{"not_picked":["Run Through","Perfected Strike","Pommel Strike+1"],"picked":"SKIP","floor":46},{"not_picked":["Rage","ReplayTheSpireMod:Stacked+1","Clothesline"],"picked":"SKIP","floor":47},{"not_picked":["True Grit","Blood for Blood+1","ReplayTheSpireMod:LeadingStrike"],"picked":"SKIP","floor":54},{"not_picked":["True Grit","Blood for Blood+1","ReplayTheSpireMod:LeadingStrike"],"picked":"SKIP","floor":54}],"player_experience":88992,"relics_obtained":[{"floor":7,"key":"Bronze Scales"},{"floor":9,"key":"Matryoshka"},{"floor":10,"key":"infinitespire:Beetle Shell"},{"floor":12,"key":"testmod-Antiphasic"},{"floor":23,"key":"Onion Ring"},{"floor":26,"key":"MealTicket"},{"floor":28,"key":"testmod-AssaultLearning"},{"floor":32,"key":"Magic Flower"},{"floor":39,"key":"Ring of Fury"},{"floor":39,"key":"ReplayTheSpireMod:Ring of Addiction"},{"floor":39,"key":"Chameleon Ring"},{"floor":39,"key":"White Beast Statue"},{"floor":40,"key":"UnicornStump"},{"floor":43,"key":"Red Skull"},{"floor":43,"key":"Ancient Tea Set"},{"floor":44,"key":"Dream Catcher"},{"floor":46,"key":"Anchor"},{"floor":54,"key":"testmod-TurbochargingSystem"}],"event_choices":[{"damage_healed":0,"gold_gain":175,"player_choice":"AGREE","damage_taken":0,"max_hp_gain":0,"max_hp_loss":0,"event_name":"Liars Game","floor":2,"gold_loss":0,"cards_obtained":["Doubt"]},{"damage_healed":0,"gold_gain":0,"player_choice":"Inject Mutagens","damage_taken":0,"relics_obtained":["MutagenicStrength"],"max_hp_gain":0,"max_hp_loss":0,"event_name":"Drug Dealer","floor":20,"gold_loss":0},{"damage_healed":0,"gold_gain":99,"player_choice":"Stole From Cult","damage_taken":0,"max_hp_gain":0,"max_hp_loss":0,"event_name":"Nest","floor":24,"gold_loss":0},{"damage_healed":0,"gold_gain":999,"player_choice":"Gold","damage_taken":0,"max_hp_gain":0,"max_hp_loss":0,"event_name":"MindBloom","floor":37,"gold_loss":0,"cards_obtained":["Normality","Normality"]}],"is_beta":false,"boss_relics":[{"not_picked":["Ooze Armor","aspiration:PoetsPen_weak"],"picked":"Electric Blood"},{"not_picked":[]},{"not_picked":["Runic Pyramid","aspiration:DefectSkillbook"],"picked":"testmod-DeterminationOfClimber"},{"not_picked":[]}],"items_purged_floors":[5,48,53],"is_endless":false,"potions_floor_spawned":[1,3,4,7,16,21,30,31,40,41,44,45,46,47,54],"ascension_level":9}}