{"host":"ekyl8r8j8fco3zlk","time":1612286148,"event":{"mods":["Act Like it!","Arknights","BaseMod","CapriCore","Decade(Õı–°√˜)","Dota2Spire","Friendly Minions","Gensokyo","Marisa£®ÏF”Í°°ƒß¿Ì…≥£©","Minty Spire (QoL Compilation)","READ ME - Guardian Mod","Rare Cards Sparkle","Reimu£®≤©¿ˆ¡È√Œ£©","StSLib","The Alterego","The Immortal","The Jungle","The Senshi","TheWitcher","Waifu the Spire","WarShipGirlsR/’ΩΩ¢…Ÿ≈ÆR mod","Yakumo Yukari mod","°æ“≈ŒÔø®≈∆°øREMEMod"],"gold_per_floor":[136,136,152,164,164,164,174,184,184,219,234,194,194,204,204,299,299,312,29,46,60,60,60,93,93,93,125,136,153,78,107,107,206,206,220,145,163,385,405,435,455,455,455,455,475,506,535,555,555,555],"floor_reached":51,"language":"ZHS","playtime":2355,"items_purged":["AT_purpleEX"],"score":828,"play_id":"8713b7bb-e8fb-4c97-826a-d34e142c9b8c","local_time":"20210203011548","is_ascension_mode":false,"campfire_choices":[{"data":"Observe_purple_2","floor":6,"key":"SMITH"},{"floor":13,"key":"REST"},{"floor":15,"key":"REST"},{"data":"DimensionStaggered_purple","floor":23,"key":"SMITH"},{"data":"RuleDissolution_purple","floor":25,"key":"SMITH"},{"data":"Observe_purple_1","floor":32,"key":"SMITH"},{"data":"Monsters_DoubleDeathButterfly_purple","floor":42,"key":"SMITH"},{"data":"REME_AllRoundStrike","floor":49,"key":"SMITH"}],"circlet_count":0,"master_deck":["AT_purpleEX","AT_purpleEX","AT_purpleEX","Defend_purpleEX","Defend_purpleEX","Defend_purpleEX","Observe_purple_1+1","Observe_purple_2+1","WangLiang_OokamiKakushi_purple","REME_AllRoundStrike+1","DimensionStaggered_purple+1","MNeedle_purple","Charmbait_purple","RuleDissolution_purple+1","OmniscientAndOmnipotent_Monster_purple","Worldmountain_purple+1","StateErode_purple+1","Umbrella_purple+1","GluttonyofRealm_purpleEX+1","PurpleNeedle_purple+1","Know_ledgeAbilityRealm_purple+1","Fantasy_PerpetualMotionMachine_purple+1","Mirror_FormAndEmptin_purple+1","Shallow_ocean_purpleEX+1","ExistenceContinue_purple+1","WeekHit_purple+1","Bait_HighSpeedFlying_purple+1","Monsters_DoubleDeathButterfly_purple+1","AdvanceAttack_purple+1","DimensionStaggered_purple+1","Fancifulhole_purple+1","MetroBOOM_purple+1","RuleDissolution_purple+1","Line_surface_state_purple"],"relics":["Boundary_crack","Memoryfragments_purpleEX","REME_ComplimentaryCards","Juzu Bracelet","Boot","Molten Egg 2","PaintedHorse:ReiMu","RedLine:ReiMu","TheEssenceOfRealm","Dead Branch","Mercury Hourglass","Potion Belt","FaceOfCleric","Red Mask","Dota2Spire:MantaStyle","Darkstone Periapt","Dota2Spire:LotusOrb"],"acts_visited":["Exordium","TheCity","TheBeyond"],"potions_floor_usage":[4,14,24,31,33,33,47],"damage_taken":[{"damage":11,"enemies":"Jaw Worm","floor":1,"turns":3},{"damage":0,"enemies":"Cultist","floor":3,"turns":3},{"damage":2,"enemies":"2 Louse","floor":4,"turns":2},{"damage":10,"enemies":"Looter","floor":7,"turns":3},{"damage":12,"enemies":"2 Fungi Beasts","floor":8,"turns":3},{"damage":22,"enemies":"Gremlin Nob","floor":10,"turns":3},{"damage":13,"enemies":"Red Slaver","floor":11,"turns":2},{"damage":17,"enemies":"3 Louse","floor":14,"turns":2},{"damage":20,"enemies":"The Guardian","floor":16,"turns":4},{"damage":13,"enemies":"Shell Parasite","floor":18,"turns":3},{"damage":7,"enemies":"Chosen","floor":20,"turns":2},{"damage":27,"enemies":"Centurion and Healer","floor":21,"turns":3},{"damage":35,"enemies":"Slavers","floor":24,"turns":3},{"damage":9,"enemies":"Gremlin Leader","floor":27,"turns":3},{"damage":0,"enemies":"Chosen and Byrds","floor":28,"turns":2},{"damage":0,"enemies":"Sentry and Sphere","floor":29,"turns":2},{"damage":0,"enemies":"Masked Bandits","floor":31,"turns":1},{"damage":12,"enemies":"Champ","floor":33,"turns":5},{"damage":10,"enemies":"3 Shapes","floor":35,"turns":2},{"damage":0,"enemies":"3 Darklings","floor":37,"turns":2},{"damage":12,"enemies":"Writhing Mass","floor":39,"turns":3},{"damage":27,"enemies":"Nemesis","floor":40,"turns":5},{"damage":8,"enemies":"Sphere and 2 Shapes","floor":41,"turns":2},{"damage":5,"enemies":"Maw","floor":45,"turns":3},{"damage":9,"enemies":"Giant Head","floor":46,"turns":4},{"damage":0,"enemies":"4 Shapes","floor":47,"turns":3},{"damage":5,"enemies":"Jaw Worm Horde","floor":48,"turns":2},{"damage":19,"enemies":"Time Eater","floor":50,"turns":3}],"seed_played":"-2632124571612437378","potions_obtained":[{"floor":4,"key":"REME_GoldPotion"},{"floor":8,"key":"MagicPotion:ReiMu"},{"floor":11,"key":"SkillPotion"},{"floor":16,"key":"AttackPotion"},{"floor":18,"key":"RealmPotion"},{"floor":28,"key":"Swift Potion"},{"floor":31,"key":"Block Potion"},{"floor":35,"key":"Explosive Potion"},{"floor":45,"key":"DistilledChaos"}],"is_trial":false,"path_per_floor":["M","?","M","M","T","R","M","M","T","E","M","?","R","M","R","B",null,"M","$","M","M","?","R","E","R","T","E","M","M","?","?","R","B",null,"M","$","M","?","M","E","M","R","T","?","M","E","M","M","R","B",null],"character_chosen":"Youkari","items_purchased":["TheEssenceOfRealm","Know_ledgeAbilityRealm_purple+1"],"campfire_rested":2,"item_purchase_floors":[19,19],"current_hp_per_floor":[60,60,61,59,59,59,51,42,42,21,11,11,32,20,41,22,70,58,58,56,33,56,56,29,29,29,25,29,34,34,37,37,29,76,72,72,73,73,63,40,37,37,37,78,79,76,85,85,85,72],"gold":555,"neow_bonus":"ONE_RANDOM_RARE_CARD","is_daily":false,"chose_seed":false,"campfire_upgraded":6,"win_rate":0.0,"timestamp":1612286148,"path_taken":["M","?","M","?","?","R","M","M","T","E","M","?","R","M","R","BOSS","M","$","M","M","?","R","E","R","T","E","M","M","?","?","R","BOSS","M","$","M","?","M","E","M","R","T","?","M","E","M","M","R","BOSS"],"items_purchased_type":["Relic","Card"],"build_version":"2020-12-22","purchased_purges":1,"victory":true,"max_hp_per_floor":[70,70,70,70,70,70,70,70,70,70,70,70,70,70,70,70,70,70,70,70,70,70,70,74,74,74,74,74,74,74,75,75,76,76,81,81,82,82,83,84,89,89,89,78,79,80,85,86,86,87],"card_choices":[{"not_picked":["Realm_recovery_purpleEX","OmniscientAndOmnipotent_Monster_purple"],"picked":"DimensionStaggered_purple","floor":1},{"not_picked":["Yakumo_Ran_purple","MeetDecomposer_purple"],"picked":"MNeedle_purple","floor":3},{"not_picked":["Boundary_of_Extermination_purpleEX","Realm_recovery_purpleEX"],"picked":"Charmbait_purple","floor":4},{"not_picked":["Computing_the_future_purpleEX","SfantasyHide_purple"],"picked":"RuleDissolution_purple","floor":7},{"not_picked":["StateDuplicate_purple","SharpContractionReality_purple"],"picked":"OmniscientAndOmnipotent_Monster_purple","floor":8},{"not_picked":["StateErode_purple+1","StretchesForeverDream_purple"],"picked":"Worldmountain_purple+1","floor":10},{"not_picked":["Mirror_FourBoundary_purple","PositiveMatter_Antimatter_Universe_purple"],"picked":"StateErode_purple+1","floor":11},{"not_picked":["MNeedle_purple+1","Charmbait_purple+1"],"picked":"Umbrella_purple+1","floor":14},{"not_picked":["D_absorption_purple","Price_of_realm_purpleEX"],"picked":"GluttonyofRealm_purpleEX+1","floor":16},{"not_picked":["SharpContractionReality_purple+1","RuleDissolution_purple"],"picked":"PurpleNeedle_purple+1","floor":18},{"not_picked":["DimensionStaggered_purple","StateErode_purple+1"],"picked":"Fantasy_PerpetualMotionMachine_purple+1","floor":20},{"not_picked":["Boundary_of_Extermination_purpleEX","CommonSense_AntiCommonSense_purple","Realm_recovery_purpleEX+1"],"picked":"SKIP","floor":21},{"not_picked":["Realm_recovery_purpleEX+1","MetroBOOM_purple"],"picked":"Mirror_FormAndEmptin_purple+1","floor":24},{"not_picked":["RuptureOfTimeAndSpace_purple","ExistenceContinue_purple+1"],"picked":"Shallow_ocean_purpleEX+1","floor":27},{"not_picked":["Nest_LightFlightworm_purple+1","MagicEyes_LaplaceDemon_purple"],"picked":"ExistenceContinue_purple+1","floor":28},{"not_picked":["StateDuplicate_purple+1","Umbrella_purple+1"],"picked":"WeekHit_purple+1","floor":29},{"not_picked":["RuleDissolution_purple","ButterflyHabitatTemple_purple+1"],"picked":"Bait_HighSpeedFlying_purple+1","floor":31},{"not_picked":["BarrageBoundary_PipeDream_purple+1","LoveAcrossDimensions_purple"],"picked":"Monsters_DoubleDeathButterfly_purple","floor":33},{"not_picked":["StateErode_purple+1","Realm_recovery_purpleEX","DimensionStaggered_purple"],"picked":"SKIP","floor":35},{"not_picked":["Umbrella_purple+1","Shallow_ocean_purpleEX+1","RuleDissolution_purple+1"],"picked":"SKIP","floor":37},{"not_picked":["Mirror_FourBoundary_purple","StateErode_purple+1","Umbrella_purple+1"],"picked":"SKIP","floor":39},{"not_picked":["StateErode_purple+1","Worldmountain_purple+1"],"picked":"AdvanceAttack_purple+1","floor":40},{"not_picked":["CommonSense_AntiCommonSense_purple","StateDuplicate_purple+1"],"picked":"DimensionStaggered_purple+1","floor":41},{"not_picked":["Bait_HighSpeedFlying_purple+1","OmniscientAndOmnipotent_Monster_purple+1"],"picked":"Fancifulhole_purple+1","floor":45},{"not_picked":["Bait_Toxicbait_purple+1","StateDuplicate_purple"],"picked":"MetroBOOM_purple+1","floor":46},{"not_picked":["Umbrella_purple+1","Worldmountain_purple+1"],"picked":"RuleDissolution_purple+1","floor":47},{"not_picked":["Umbrella_purple+1","LoveAcrossDimensions_purple"],"picked":"Line_surface_state_purple","floor":48}],"player_experience":593087,"relics_obtained":[{"floor":5,"key":"Juzu Bracelet"},{"floor":9,"key":"Boot"},{"floor":10,"key":"Molten Egg 2"},{"floor":24,"key":"Dead Branch"},{"floor":26,"key":"Mercury Hourglass"},{"floor":27,"key":"Potion Belt"},{"floor":31,"key":"Red Mask"},{"floor":40,"key":"Dota2Spire:MantaStyle"},{"floor":43,"key":"Darkstone Periapt"},{"floor":46,"key":"Dota2Spire:LotusOrb"}],"event_choices":[{"cards_removed":["Defend_purpleEX"],"damage_healed":0,"gold_gain":0,"player_choice":"Purged","damage_taken":0,"max_hp_gain":0,"max_hp_loss":0,"event_name":"Purifier","floor":2,"gold_loss":0},{"damage_healed":0,"gold_gain":0,"player_choice":"»˚«Æ","damage_taken":0,"relics_obtained":["PaintedHorse:ReiMu"],"max_hp_gain":0,"max_hp_loss":0,"event_name":"yidonshenshe","floor":12,"gold_loss":40},{"damage_healed":23,"gold_gain":0,"player_choice":"Heal","damage_taken":0,"max_hp_gain":0,"max_hp_loss":0,"event_name":"TheLibraryeventEX","floor":22,"gold_loss":0},{"damage_healed":0,"gold_gain":0,"player_choice":"Trade","damage_taken":0,"relics_obtained":["FaceOfCleric"],"max_hp_gain":0,"max_hp_loss":0,"event_name":"FaceTrader","floor":30,"gold_loss":0},{"damage_healed":0,"gold_gain":0,"player_choice":"Fought Bandits","damage_taken":0,"max_hp_gain":0,"max_hp_loss":0,"event_name":"Masked Bandits","floor":31,"gold_loss":0},{"damage_healed":0,"gold_gain":222,"player_choice":"Wore Mask","damage_taken":0,"max_hp_gain":0,"max_hp_loss":0,"event_name":"Tomb of Lord Red Mask","floor":38,"gold_loss":0},{"damage_healed":78,"gold_gain":0,"player_choice":"Heal","damage_taken":0,"max_hp_gain":0,"max_hp_loss":11,"event_name":"The Moai Head","floor":44,"gold_loss":0}],"is_beta":false,"boss_relics":[{"not_picked":["Cursed Key","Ectoplasm"],"picked":"RedLine:ReiMu"},{"not_picked":["Velvet Choker","Pandora\u0027s Box","Snecko Eye"]}],"items_purged_floors":[36],"is_endless":false,"potions_floor_spawned":[4,8,11,16,18,20,28,29,31,35,45],"ascension_level":0}}