{"host":"6bsan6hkua32tfq7","time":1612277518,"event":{"mods":["BaseMod","Better Third Choice","Colored Map","Highlight Path","Minty Spire (QoL Compilation)","StSLib"],"gold_per_floor":[112,123,123,135,76,101,114,142,142,142,67,80,115,115,115,208,208,232,253,253,278,15,15,15,15],"floor_reached":24,"language":"ENG","playtime":1712,"items_purged":["Strike_P","Strike_P"],"score":482,"play_id":"36ff1a02-69df-4f31-aa5a-8d51d34c4a42","local_time":"20210202155158","is_ascension_mode":true,"campfire_choices":[{"floor":10,"key":"REST"},{"data":"Blasphemy","floor":15,"key":"SMITH"},{"floor":23,"key":"REST"}],"circlet_count":0,"master_deck":["AscendersBane","Strike_P","Strike_P","Defend_P","Defend_P","Defend_P","Defend_P","Eruption+1","Vigilance","Consecrate","BowlingBash","Fire Breathing","FlyingSleeves","Establishment","FlyingSleeves","ClearTheMind+1","Blasphemy+1","Study","LessonLearned","LikeWater","BattleHymn","Sanctity","Alpha","FlurryOfBlows"],"relics":["PureWater","CloakClasp","betterThird:SlimedRelic","Darkstone Periapt","Omamori","Pear","Sundial","Golden Idol","Philosopher\u0027s Stone","Medical Kit"],"acts_visited":["Exordium","TheCity"],"potions_floor_usage":[18,19,21],"damage_taken":[{"damage":0,"enemies":"Jaw Worm","floor":1,"turns":1},{"damage":0,"enemies":"2 Louse","floor":2,"turns":2},{"damage":0,"enemies":"Cultist","floor":4,"turns":2},{"damage":0,"enemies":"3 Sentries","floor":6,"turns":4},{"damage":0,"enemies":"Exordium Wildlife","floor":7,"turns":2},{"damage":6,"enemies":"Gremlin Nob","floor":8,"turns":4},{"damage":2,"enemies":"2 Fungi Beasts","floor":12,"turns":4},{"damage":9,"enemies":"3 Sentries","floor":13,"turns":6},{"damage":28,"enemies":"Slime Boss","floor":16,"turns":7},{"damage":11,"enemies":"Chosen","floor":18,"turns":3},{"damage":21,"enemies":"3 Byrds","floor":19,"turns":7},{"damage":25,"enemies":"Shelled Parasite and Fungi","floor":21,"turns":5},{"damage":45,"enemies":"Slavers","floor":24,"turns":3}],"seed_played":"-8519540074096707460","potions_obtained":[{"floor":4,"key":"Block Potion"},{"floor":8,"key":"Swift Potion"},{"floor":18,"key":"Regen Potion"}],"is_trial":false,"path_per_floor":["M","M","?","M","?","E","M","E","T","R","$","M","E","?","R","B",null,"M","M","?","M","$","R","E"],"character_chosen":"WATCHER","items_purchased":["Medical Kit"],"campfire_rested":2,"item_purchase_floors":[22],"current_hp_per_floor":[61,61,40,40,29,29,29,23,33,56,56,54,45,45,45,17,58,47,41,41,16,16,37,0,0],"gold":15,"neow_bonus":"UPGRADE_CARD","is_daily":false,"chose_seed":false,"campfire_upgraded":1,"win_rate":0.0,"timestamp":1612277518,"path_taken":["M","M","?","M","?","E","M","E","T","R","$","M","E","?","R","BOSS","M","M","?","M","?","R","E"],"items_purchased_type":["Relic"],"build_version":"2020-12-22","purchased_purges":2,"victory":false,"max_hp_per_floor":[68,68,68,68,68,68,68,68,78,78,78,78,78,71,71,71,71,71,71,71,71,71,71,71,71],"card_choices":[{"not_picked":["CutThroughFate","Wallop"],"picked":"Consecrate","floor":1},{"not_picked":["SashWhip","Protect"],"picked":"BowlingBash","floor":2},{"not_picked":["ClearTheMind","Meditate"],"picked":"FlyingSleeves","floor":4},{"not_picked":["SashWhip","FollowUp"],"picked":"Establishment","floor":6},{"not_picked":["EmptyMind","Adaptation"],"picked":"FlyingSleeves","floor":7},{"not_picked":["Evaluate","ClearTheMind","JustLucky"],"picked":"SKIP","floor":8},{"not_picked":["Evaluate","JustLucky"],"picked":"ClearTheMind","floor":8},{"not_picked":["PathToVictory","CarveReality"],"picked":"Blasphemy","floor":12},{"not_picked":["EmptyBody","Swivel"],"picked":"Study","floor":13},{"not_picked":["Wish","Devotion"],"picked":"LessonLearned","floor":16},{"not_picked":["Indignation","BowlingBash"],"picked":"LikeWater","floor":18},{"not_picked":["Evaluate","EmptyBody"],"picked":"BattleHymn","floor":19},{"not_picked":["FollowUp","PathToVictory"],"picked":"FlurryOfBlows","floor":21}],"player_experience":5372136,"relics_obtained":[{"floor":6,"key":"Darkstone Periapt"},{"floor":8,"key":"Omamori"},{"floor":9,"key":"Pear"},{"floor":13,"key":"Sundial"}],"event_choices":[{"damage_healed":0,"gold_gain":0,"player_choice":"Slimed","damage_taken":11,"max_hp_gain":0,"max_hp_loss":0,"event_name":"betterThird:BetterGoop","floor":5,"gold_loss":59},{"damage_healed":0,"gold_gain":0,"player_choice":"Lose Max HP","damage_taken":0,"relics_obtained":["Golden Idol"],"max_hp_gain":0,"max_hp_loss":7,"event_name":"Golden Idol","floor":14,"gold_loss":0},{"damage_healed":0,"gold_gain":0,"player_choice":"2 cards matched","damage_taken":0,"max_hp_gain":0,"max_hp_loss":0,"event_name":"Match and Keep!","floor":20,"gold_loss":0,"cards_obtained":["Sanctity","Alpha"]}],"is_beta":false,"boss_relics":[{"not_picked":["VioletLotus","Empty Cage"],"picked":"Philosopher\u0027s Stone"}],"items_purged_floors":[11,22],"is_endless":false,"potions_floor_spawned":[4,8,12,18],"killed_by":"Slavers","ascension_level":20}}