{"host":"0awa854l6bexpjrv","time":1612247438,"event":{"mods":["BaseMod","Block Reminder","Colored Map","Colored Powertips","Downfall","Highlight Path","Minty Spire (QoL Compilation)","Quick Restart","Rare Cards Sparkle","StSLib","SuperFastMode"],"gold_per_floor":[99,113,23,23,35,46,46,46,60,80,80,80,80,92,112,212,212,212,15,30,15,28,46,46,63,79,92,107,107,7,25,43,145,145,145,161,161,146,158,158,158,158],"floor_reached":40,"language":"ENG","playtime":4444,"items_purged":["bronze:Strike"],"score":386,"play_id":"b432174a-e137-4b34-9dcd-b48381f6cab3","local_time":"20210201223038","is_ascension_mode":false,"campfire_choices":[{"data":"bronze:Replicate","floor":1.0,"key":"SMITH"},{"data":"bronze:Invalidate","floor":8.0,"key":"SMITH"},{"data":"bronze:Hardcode","floor":13.0,"key":"SMITH"},{"floor":18.0,"key":"RECALL"},{"floor":30,"key":"REST"},{"floor":35,"key":"REST"}],"circlet_count":0,"master_deck":["bronze:Strike+1","bronze:Strike+1","bronze:Defend","bronze:Defend","bronze:Defend","bronze:Defend","bronze:Replicate+1","bronze:Goto","bronze:OilSpill","bronze:Shield","bronze:Invalidate+1","bronze:Frontload","bronze:Repair","Good Instincts","bronze:FollowUp","bronze:HardenedForm","bronze:Shield","bronze:HyperBeam","Apotheosis","bronze:ChildClass","bronze:FunctionCard","bronze:Separator+1","bronze:WhirlingStrike+1","bronze:ClassDefault+1","bronze:Deprecate","bronze:CleanCode","bronze:Constructor+1","bronze:TinkerersToolbox","bronze:ItsAFeature+1","expansioncontent:YouAreMine"],"relics":["bronze:BronzeCore","Whetstone","White Beast Statue","Mummified Hand","Fusion Hammer","Eternal Feather","CultistMask","downfall:HeartBlessingRed","Busted Crown"],"acts_visited":["Exordium","TheCity","TheBeyond"],"potions_floor_usage":[28,28,28,31,33,39,40],"damage_taken":[{"damage":0.0,"enemies":"Cultist","floor":2.0,"turns":3.0},{"damage":5.0,"enemies":"downfall:FleeingMerchant","floor":3.0,"turns":4.0},{"damage":2.0,"enemies":"2 Louse","floor":5.0,"turns":3.0},{"damage":0.0,"enemies":"Small Slimes","floor":6.0,"turns":3.0},{"damage":0.0,"enemies":"Gremlin Gang","floor":9.0,"turns":3.0},{"damage":7.0,"enemies":"Exordium Thugs","floor":10.0,"turns":6.0},{"damage":0.0,"enemies":"2 Fungi Beasts","floor":14.0,"turns":4.0},{"damage":7.0,"enemies":"Blue Slaver","floor":15.0,"turns":3.0},{"damage":29.0,"enemies":"WA_ARCHETYPE_RETAIN","floor":16.0,"turns":10.0},{"damage":2.0,"enemies":"downfall:FleeingMerchant","floor":19.0,"turns":4.0},{"damage":0.0,"enemies":"Shell Parasite","floor":20.0,"turns":3.0},{"damage":0.0,"enemies":"downfall:FleeingMerchant","floor":21.0,"turns":4.0},{"damage":5.0,"enemies":"Cultist and Chosen","floor":22.0,"turns":6.0},{"damage":0.0,"enemies":"Snake Plant","floor":23.0,"turns":2.0},{"damage":3.0,"enemies":"Chosen and Byrds","floor":25.0,"turns":4.0},{"damage":0.0,"enemies":"Snecko","floor":26.0,"turns":4.0},{"damage":9.0,"enemies":"Snake Plant","floor":27.0,"turns":3.0},{"damage":31,"enemies":"Shelled Parasite and Fungi","floor":28,"turns":4},{"damage":3,"enemies":"Snecko","floor":31,"turns":4},{"damage":0,"enemies":"Cultist and Chosen","floor":32,"turns":5},{"damage":51,"enemies":"SI_MIRROR_ARCHETYPE","floor":33,"turns":12},{"damage":5,"enemies":"Orb Walker","floor":36,"turns":3},{"damage":3,"enemies":"downfall:FleeingMerchant","floor":38,"turns":4},{"damage":23,"enemies":"3 Darklings","floor":39,"turns":4},{"damage":59,"enemies":"Writhing Mass","floor":40,"turns":5}],"seed_played":"-1227359491949038846","potions_obtained":[{"floor":2.0,"key":"Energy Potion"},{"floor":9.0,"key":"Ancient Potion"},{"floor":10.0,"key":"Strength Potion"},{"floor":19.0,"key":"Fruit Juice"},{"floor":20.0,"key":"Explosive Potion"},{"floor":22.0,"key":"DistilledChaos"},{"floor":23.0,"key":"EntropicBrew"},{"floor":25.0,"key":"BlessingOfTheForge"},{"floor":27.0,"key":"LiquidMemories"},{"floor":31,"key":"LiquidMemories"},{"floor":33,"key":"Regen Potion"},{"floor":39,"key":"AttackPotion"}],"is_trial":false,"path_per_floor":["R","M","$","?","M","M","T","R","M","M","?","?","R","M","M","B",null,"R","$","M","$","M","M","T","M","M","M","M","?","R","M","M","B",null,"R","M","?","$","M","M"],"character_chosen":"THE_AUTOMATON","items_purchased":["Apotheosis"],"campfire_rested":2,"item_purchase_floors":[19],"current_hp_per_floor":[70,70,65,65,63,63,63,63,63,63,63,63,63,70,70,41,70,70,73,75,75,70,70,70,67,74,66,42,42,75,72,75,34,75,75,70,70,72,59,22,22,22],"gold":158,"neow_bonus":"RANDOM_COMMON_RELIC","is_daily":false,"chose_seed":false,"campfire_upgraded":3,"win_rate":0.0,"timestamp":1612247438,"path_taken":["R","M","$","?","M","M","T","R","M","M","?","?","R","?","M","BOSS","R","$","?","$","M","M","T","M","M","M","M","?","R","M","M","BOSS","R","M","?","$","M","M"],"items_purchased_type":["Card"],"build_version":"2020-12-22","purchased_purges":1,"victory":false,"max_hp_per_floor":[70,70,70,70,70,70,70,70,70,70,70,70,70,70,70,70,70,70,75,75,75,75,75,75,75,75,75,75,75,75,75,75,75,75,75,75,75,75,75,75,75,75],"card_choices":[{"not_picked":["bronze:ItsAFeature","bronze:Invalidate"],"picked":"bronze:OilSpill","floor":2.0},{"not_picked":["bronze:GetLatest","bronze:Separator"],"picked":"bronze:Shield","floor":3.0},{"not_picked":["bronze:Backtrace","bronze:BuggyMess"],"picked":"bronze:Invalidate","floor":5.0},{"not_picked":["bronze:Invalidate","bronze:Overload"],"picked":"bronze:Frontload","floor":6.0},{"not_picked":["bronze:MaxOutput","bronze:Invalidate"],"picked":"bronze:Repair","floor":9.0},{"not_picked":["bronze:CutThrough","bronze:FineTuning"],"picked":"bronze:Iterate","floor":10.0},{"not_picked":["bronze:BronzeOrb","bronze:WildBeam"],"picked":"bronze:HardenedForm","floor":14.0},{"not_picked":["bronze:DelayedSlice","bronze:Branch"],"picked":"bronze:Shield","floor":15.0},{"not_picked":["bronze:Hardcode","bronze:Verify"],"picked":"bronze:HyperBeam","floor":16.0},{"not_picked":["bronze:NullPointer+1","bronze:DigitalCarnage"],"picked":"bronze:RecursiveStrike","floor":19.0},{"not_picked":["bronze:Shield","bronze:Invalidate"],"picked":"bronze:ChildClass","floor":20.0},{"not_picked":["bronze:Repulsor+1","bronze:FineTuning+1"],"picked":"bronze:RecursiveStrike","floor":21.0},{"not_picked":["bronze:Frontload","bronze:MaxOutput"],"picked":"bronze:Separator+1","floor":22.0},{"not_picked":["bronze:Deprecate","bronze:BitShift+1"],"picked":"bronze:WhirlingStrike+1","floor":23.0},{"not_picked":["bronze:Flail","bronze:CutThrough"],"picked":"bronze:ClassDefault+1","floor":25.0},{"not_picked":["bronze:OilSpill+1","bronze:BitShift"],"picked":"bronze:Deprecate","floor":26.0},{"not_picked":["bronze:BitShift","bronze:InfiniteBeams+1"],"picked":"bronze:CleanCode","floor":27.0},{"not_picked":["bronze:Deprecate","bronze:BugBarrage"],"picked":"bronze:Constructor+1","floor":28},{"not_picked":["bronze:Branch","bronze:BitShift","bronze:Shield+1"],"picked":"SKIP","floor":31},{"not_picked":["bronze:ClassDefault","bronze:ChosenStrike","bronze:BitShift+1"],"picked":"SKIP","floor":32},{"not_picked":["bronze:Assembly","bronze:Virus"],"picked":"bronze:TinkerersToolbox","floor":33},{"not_picked":[],"picked":"bronze:ItsAFeature+1","floor":36},{"not_picked":["expansioncontent:LastStand","expansioncontent:Hexaburn"],"picked":"expansioncontent:YouAreMine","floor":37},{"not_picked":["bronze:WildBeam"],"picked":"SKIP","floor":38},{"not_picked":["bronze:BuggyMess+1"],"picked":"SKIP","floor":39}],"player_experience":704795,"relics_obtained":[{"floor":7.0,"key":"White Beast Statue"},{"floor":24.0,"key":"Eternal Feather"}],"event_choices":[{"cards_removed":["bronze:Strike"],"damage_healed":0.0,"max_hp_gain":0.0,"max_hp_loss":0.0,"gold_gain":0.0,"event_name":"The Cleric","player_choice":"Card Removal","floor":4.0,"gold_loss":0.0,"damage_taken":0.0},{"damage_healed":0,"gold_gain":0,"player_choice":"Trade","damage_taken":0,"relics_obtained":["CultistMask"],"max_hp_gain":0,"max_hp_loss":0,"event_name":"FaceTrader","floor":29,"gold_loss":0}],"is_beta":false,"boss_relics":[{"not_picked":["Pandora\u0027s Box","Coffee Dripper"],"picked":"Fusion Hammer"},{"not_picked":["Sozu","bronze:MakeshiftBattery"],"picked":"Busted Crown"}],"items_purged_floors":[3],"is_endless":false,"potions_floor_spawned":[2,9,10,14,15,16,19,20,21,22,23,25,26,27,28,31,32,33,36,38,39],"killed_by":"Writhing Mass","ascension_level":0}}