{"host":"rb2p2z6v6vieend5","time":1612289426,"event":{"mods":["BaseMod","Block Reminder","Colored Map","DeckTracker","Highlight Path","Minty Spire (QoL Compilation)","Random Character Button","Relic Stats"],"gold_per_floor":[112,125,125,75,7,35,35,49,49,63,80,80,144,0,0,98,98,110,110,35,35,46,46,81,81,108,108,121,134,134,151,151,246,246,260,260,280,280,280,290,290,309,361,375,39,39,56,68,68,68],"floor_reached":51,"language":"ENG","playtime":3540,"items_purged":["Defend_G"],"score":1040,"play_id":"3a266786-9a48-41ae-af8f-bd2f9559f0fc","local_time":"20210202191026","is_ascension_mode":true,"campfire_choices":[{"floor":7,"key":"REST"},{"floor":12,"key":"REST"},{"floor":15,"key":"REST"},{"floor":23,"key":"REST"},{"data":"Noxious Fumes","floor":25,"key":"SMITH"},{"data":"Malaise","floor":27,"key":"SMITH"},{"data":"Envenom","floor":30,"key":"SMITH"},{"data":"Infinite Blades","floor":32,"key":"SMITH"},{"data":"Terror","floor":41,"key":"SMITH"},{"data":"Crippling Poison","floor":46,"key":"SMITH"},{"floor":49,"key":"REST"}],"circlet_count":0,"master_deck":["AscendersBane","Defend_G","Defend_G","Defend_G","Defend_G","Survivor","Neutralize","Blade Dance","Escape Plan","Crippling Poison+1","Noxious Fumes+1","All Out Attack","Infinite Blades+1","Backstab","Terror+1","Adrenaline","Malaise+1","Backflip+1","Leg Sweep+1","Quick Slash","Blade Dance","Envenom+1","After Image","Choke+1","Dodge and Roll+1","Burst+1","Escape Plan","Cloak And Dagger+1","Noxious Fumes"],"relics":["Ring of the Snake","Gremlin Horn","Oddly Smooth Stone","Smiling Mask","Sozu","Enchiridion","Pen Nib","Anchor","Astrolabe","TungstenRod","Omamori","The Specimen"],"acts_visited":["Exordium","TheCity","TheBeyond"],"potions_floor_usage":[16,33],"damage_taken":[{"damage":6,"enemies":"Jaw Worm","floor":1,"turns":5},{"damage":5,"enemies":"Small Slimes","floor":2,"turns":5},{"damage":37,"enemies":"Lagavulin","floor":6,"turns":10},{"damage":0,"enemies":"Cultist","floor":8,"turns":4},{"damage":19,"enemies":"Exordium Thugs","floor":10,"turns":4},{"damage":1,"enemies":"Blue Slaver","floor":11,"turns":5},{"damage":13,"enemies":"3 Sentries","floor":13,"turns":5},{"damage":18,"enemies":"Hexaghost","floor":16,"turns":9},{"damage":9,"enemies":"Chosen","floor":18,"turns":6},{"damage":0,"enemies":"3 Byrds","floor":22,"turns":4},{"damage":10,"enemies":"Book of Stabbing","floor":24,"turns":8},{"damage":0,"enemies":"Cultist and Chosen","floor":28,"turns":5},{"damage":0,"enemies":"Chosen and Byrds","floor":29,"turns":6},{"damage":4,"enemies":"3 Cultists","floor":31,"turns":4},{"damage":8,"enemies":"Automaton","floor":33,"turns":11},{"damage":14,"enemies":"3 Darklings","floor":35,"turns":5},{"damage":0,"enemies":"3 Shapes","floor":37,"turns":8},{"damage":0,"enemies":"Sphere and 2 Shapes","floor":40,"turns":3},{"damage":0,"enemies":"Transient","floor":42,"turns":5},{"damage":22,"enemies":"Spire Growth","floor":44,"turns":4},{"damage":3,"enemies":"Writhing Mass","floor":47,"turns":7},{"damage":0,"enemies":"3 Darklings","floor":48,"turns":4},{"damage":56,"enemies":"Awakened One","floor":50,"turns":15}],"seed_played":"-4817784479054984199","potions_obtained":[{"floor":2,"key":"LiquidMemories"},{"floor":8,"key":"Fruit Juice"},{"floor":16,"key":"Dexterity Potion"}],"is_trial":false,"path_per_floor":["M","M","?","?","$","E","R","M","T","M","M","R","?","$","R","B",null,"M","?","?","?","M","R","E","R","T","R","M","M","R","M","R","B",null,"M","?","M","?","T","M","R","M","T","M","$","R","M","M","R","B",null],"character_chosen":"THE_SILENT","items_purchased":["Crippling Poison","Adrenaline","The Specimen"],"campfire_rested":5,"item_purchase_floors":[5,14,45],"current_hp_per_floor":[64,59,44,44,44,7,30,30,30,11,10,33,20,20,43,30,69,60,44,44,28,28,54,44,44,44,44,44,44,44,40,40,32,73,59,59,59,59,59,59,59,59,59,37,37,37,34,34,60,4],"gold":68,"neow_bonus":"TEN_PERCENT_HP_BONUS","is_daily":false,"chose_seed":false,"campfire_upgraded":6,"win_rate":0.0,"timestamp":1612289426,"path_taken":["M","M","?","?","?","E","R","M","T","M","?","R","?","$","R","BOSS","M","?","?","?","M","R","E","R","T","R","M","M","R","M","R","BOSS","M","?","?","?","?","M","R","M","T","?","$","R","M","M","R","BOSS"],"items_purchased_type":["Card","Card","Relic"],"build_version":"2020-12-22","purchased_purges":1,"victory":true,"max_hp_per_floor":[77,77,77,77,77,77,77,77,77,77,77,77,77,77,77,82,82,82,82,82,87,87,87,87,87,87,87,87,87,87,87,87,87,87,87,87,87,87,87,87,87,87,87,87,87,87,87,87,87,87],"relic_stats":{"Sozu":5,"Gremlin Horn":[19,19],"counters":[23,142],"Astrolabe":["Choke","Dodge and Roll","Burst"],"Pen Nib":[22],"Smiling Mask":25,"obtain_stats":[{"Sozu":17,"Anchor":26,"Gremlin Horn":6,"The Specimen":45,"Astrolabe":34,"Oddly Smooth Stone":9,"Enchiridion":19,"Pen Nib":24,"Omamori":43,"Smiling Mask":13,"TungstenRod":39,"Ring of the Snake":0},{"Sozu":8,"Anchor":11,"Gremlin Horn":3,"The Specimen":20,"Astrolabe":15,"Oddly Smooth Stone":4,"Enchiridion":9,"Pen Nib":11,"Omamori":19,"Smiling Mask":7,"TungstenRod":17,"Ring of the Snake":0},{"Sozu":47,"Anchor":65,"Gremlin Horn":20,"The Specimen":116,"Astrolabe":91,"Oddly Smooth Stone":24,"Enchiridion":53,"Pen Nib":65,"Omamori":112,"Smiling Mask":38,"TungstenRod":104,"Ring of the Snake":0}],"TungstenRod":12,"Ring of the Snake":[46]},"card_choices":[{"not_picked":["Acrobatics","Blur"],"picked":"Blade Dance","floor":1},{"not_picked":["Sucker Punch","Finisher"],"picked":"Escape Plan","floor":2},{"not_picked":["Poisoned Stab","Dodge and Roll"],"picked":"Noxious Fumes","floor":6},{"not_picked":["Poisoned Stab","Masterful Stab"],"picked":"All Out Attack","floor":8},{"not_picked":["Bane","Heel Hook"],"picked":"Infinite Blades","floor":10},{"not_picked":["Prepared","PiercingWail"],"picked":"Backstab","floor":11},{"not_picked":["Dagger Throw","Bane"],"picked":"Terror","floor":13},{"not_picked":["Unload","Doppelganger"],"picked":"Malaise","floor":16},{"not_picked":["Slice","PiercingWail"],"picked":"Backflip+1","floor":18},{"not_picked":["Endless Agony+1","Deadly Poison"],"picked":"Leg Sweep","floor":22},{"not_picked":["Leg Sweep","Poisoned Stab"],"picked":"Quick Slash","floor":24},{"not_picked":["Poisoned Stab","Quick Slash"],"picked":"Blade Dance","floor":28},{"not_picked":["Bane+1","Cloak And Dagger"],"picked":"Envenom","floor":29},{"not_picked":["Well Laid Plans","Skewer+1","Crippling Poison"],"picked":"SKIP","floor":31},{"not_picked":["Grand Finale","Burst"],"picked":"After Image","floor":33},{"not_picked":["Sucker Punch","Dash+1","Distraction+1"],"picked":"SKIP","floor":35},{"not_picked":["Blur+1","Flying Knee"],"picked":"Escape Plan","floor":37},{"not_picked":["Prepared+1","Concentrate","Slice"],"picked":"SKIP","floor":40},{"not_picked":["PiercingWail+1","Crippling Poison","Dagger Throw"],"picked":"SKIP","floor":42},{"not_picked":["Outmaneuver","Sucker Punch"],"picked":"Cloak And Dagger+1","floor":44},{"not_picked":["Masterful Stab","PiercingWail","Dodge and Roll"],"picked":"SKIP","floor":47},{"not_picked":["Blade Dance+1","Slice"],"picked":"Noxious Fumes","floor":48}],"player_experience":674446,"relics_obtained":[{"floor":6,"key":"Gremlin Horn"},{"floor":9,"key":"Oddly Smooth Stone"},{"floor":13,"key":"Smiling Mask"},{"floor":19,"key":"Enchiridion"},{"floor":24,"key":"Pen Nib"},{"floor":26,"key":"Anchor"},{"floor":39,"key":"TungstenRod"},{"floor":43,"key":"Omamori"}],"event_choices":[{"damage_healed":0,"gold_gain":0,"player_choice":"Entered Light","damage_taken":15,"max_hp_gain":0,"max_hp_loss":0,"event_name":"Shining Light","floor":3,"gold_loss":0,"cards_upgraded":["Strike_G","Strike_G"]},{"cards_removed":["Strike_G"],"damage_healed":0,"gold_gain":0,"player_choice":"Card Removal","damage_taken":0,"max_hp_gain":0,"max_hp_loss":0,"event_name":"The Cleric","floor":4,"gold_loss":50},{"damage_healed":0,"gold_gain":0,"player_choice":"Searched \u00271\u0027 times","damage_taken":0,"max_hp_gain":0,"max_hp_loss":0,"event_name":"Dead Adventurer","floor":13,"gold_loss":0},{"damage_healed":0,"gold_gain":0,"player_choice":"Obtained Book","damage_taken":16,"max_hp_gain":0,"max_hp_loss":0,"event_name":"Cursed Tome","floor":19,"gold_loss":0},{"cards_removed":["Strike_G"],"damage_healed":0,"gold_gain":0,"player_choice":"Gave Gold","damage_taken":0,"max_hp_gain":0,"max_hp_loss":0,"event_name":"Beggar","floor":20,"gold_loss":75},{"damage_healed":0,"gold_gain":0,"player_choice":"Shed Blood","damage_taken":21,"max_hp_gain":5,"max_hp_loss":0,"event_name":"Forgotten Altar","floor":21,"gold_loss":0},{"damage_healed":0,"gold_gain":0,"player_choice":"Upgraded","damage_taken":0,"max_hp_gain":0,"max_hp_loss":0,"event_name":"Upgrade Shrine","floor":36,"gold_loss":0,"cards_upgraded":["Leg Sweep"]},{"damage_healed":0,"gold_gain":0,"player_choice":"Ignored","damage_taken":0,"max_hp_gain":0,"max_hp_loss":0,"event_name":"Tomb of Lord Red Mask","floor":38,"gold_loss":0}],"is_beta":false,"boss_relics":[{"not_picked":["Fusion Hammer","Runic Dome"],"picked":"Sozu"},{"not_picked":["Coffee Dripper","SacredBark"],"picked":"Astrolabe"}],"items_purged_floors":[45],"is_endless":false,"potions_floor_spawned":[2,8,16,18,22,31,37,40,42,47],"ascension_level":12}}