{"host":"hzswyuuwdl03wwzr","time":1612273955,"event":{"mods":["100% Spire Juice","ATMod(∞¢Ë™Mod)","AchievementEnabler","Act Like it!","BaseMod","Gensokyo","Hallownest","Marisa£®ÏF”Í°°ƒß¿Ì…≥£©","Minty Spire (QoL Compilation)","Prisma Mod","Reliquary","Remilia_Scarlet Moed£®¿Ÿ√◊¿Ú—«°§Àπø®¿◊Ãÿ£©3.3.5","Replay The Spire","StSLib","The Animator","The Bug Knight","The Cursed","The Servant 0.9.4","Warlord Emblem","Yakumo Yukari mod","Youmu£®ªÍ∆«—˝√Œ£©","°æπ¶ƒ‹Mod°øªÏ„Á÷Æª∑–ﬁ∏¥≤π∂°","°æ“≈ŒÔø®≈∆°øREMEMod"],"gold_per_floor":[119,119,44,61,61,61,89,89,116,116,131,161,222,233,233,368,368,388,388,288,288,163,163,192,205,278,278,188,219,69,87,87,87,87],"floor_reached":33,"language":"ZHS","playtime":1252,"items_purged":["PrismaMod:IllyaCommonDefend","PrismaMod:IllyaCommonDefend","PrismaMod:IllyaCommonAttack","PrismaMod:IllyaCommonDefend"],"score":356,"play_id":"93f57138-2fb5-4f76-b0c3-afd4757c9051","local_time":"20210202215235","is_ascension_mode":true,"campfire_choices":[{"data":"PrismaMod:IllyaSaphire","floor":6,"key":"SMITH"},{"data":"PrismaMod:IllyaUncommonDefend","floor":8,"key":"SMITH"},{"data":"PrismaMod:IllyaBoysLove","floor":10,"key":"SMITH"},{"data":"PrismaMod:IllyaHassanGift","floor":15,"key":"SMITH"},{"data":"PrismaMod:IllyaBlindPoisonToss","floor":23,"key":"SMITH"},{"floor":32,"key":"RECALL"}],"circlet_count":0,"master_deck":["PrismaMod:IllyaCommonAttack","PrismaMod:IllyaCommonDefend","PrismaMod:IllyaCommonAttack","PrismaMod:IllyaCommonDefend","PrismaMod:IllyaUncommonAttack","PrismaMod:IllyaUncommonDefend+1","PrismaMod:IllyaInstallAssassin","PrismaMod:IllyaBoysLove+1","PrismaMod:IllyaSaphire+1","PrismaMod:IllyaReinForce+1","PrismaMod:IllyaHassanGift+1","PrismaMod:IllyaMaid+1","PrismaMod:IllyaHassanGift","PrismaMod:IllyaCarnivalDefend","PrismaMod:IllyaBlindPoisonToss+1","PrismaMod:IllyaGrail+1","PrismaMod:IllyaRussianRoulette"],"relics":["PrismaMod:PrismaRuby","AT_ATBox","REME_ComplimentaryCards","reliquary:Stiletto","AT_GuinsooRageblade","ReplayFunnel","Coffee Dripper","reliquary:RoseTintedGlasses","Torii","AT_ForceNature","InkBottle"],"acts_visited":["Exordium","TheCity"],"potions_floor_usage":[7,14,14,16,16,31],"damage_taken":[{"damage":0,"enemies":"Cultist","floor":1,"turns":6},{"damage":11,"enemies":"Jaw Worm","floor":4,"turns":4},{"damage":6,"enemies":"3 Sentries","floor":7,"turns":14},{"damage":0,"enemies":"2 Louse","floor":11,"turns":3},{"damage":0,"enemies":"Gremlin Nob","floor":12,"turns":6},{"damage":4,"enemies":"Exordium Thugs","floor":14,"turns":5},{"damage":26,"enemies":"Fading Forest","floor":16,"turns":11},{"damage":10,"enemies":"Shell Parasite","floor":18,"turns":5},{"damage":0,"enemies":"HollowMod:Nosk","floor":24,"turns":6},{"damage":0,"enemies":"Chosen","floor":25,"turns":4},{"damage":12,"enemies":"Book of Stabbing","floor":29,"turns":5},{"damage":32,"enemies":"3 Cultists","floor":31,"turns":4},{"damage":11,"enemies":"Pondfish","floor":33,"turns":7}],"seed_played":"-7645802497881840851","potions_obtained":[{"floor":4,"key":"Fire Potion"},{"floor":7,"key":"Ancient Potion"},{"floor":11,"key":"Adrenaline Potion"},{"floor":13,"key":"Regen Potion"},{"floor":14,"key":"REME_GoldPotion"},{"floor":16,"key":"Energy Potion"},{"floor":25,"key":"Weak Potion"}],"is_trial":false,"path_per_floor":["M","?","$","M","?","R","E","R","T","R","M","E","?","M","R","B",null,"M","?","$","?","$","R","E","M","T","?","?","E","$","M","R","B"],"character_chosen":"ILLYA","items_purchased":[],"campfire_rested":0,"item_purchase_floors":[],"current_hp_per_floor":[75,80,80,69,69,69,63,63,63,63,63,63,63,64,64,48,80,70,55,55,55,55,55,55,55,55,55,55,43,43,11,11,0,0],"gold":87,"neow_bonus":"ONE_RANDOM_RARE_CARD","is_daily":false,"chose_seed":false,"campfire_upgraded":5,"win_rate":0.0,"timestamp":1612273955,"path_taken":["M","?","$","M","?","R","E","R","T","R","M","E","?","M","R","BOSS","M","?","$","?","$","R","E","?","T","?","?","E","$","?","R","BOSS"],"items_purchased_type":[],"build_version":"2020-12-22","purchased_purges":4,"victory":false,"max_hp_per_floor":[75,80,80,80,80,80,80,80,80,80,80,80,80,80,80,80,80,80,85,85,85,85,85,85,85,85,85,85,85,85,85,85,85,85],"card_choices":[{"not_picked":["PrismaMod:IllyaFeed","PrismaMod:IllyaAlice"],"picked":"PrismaMod:IllyaBoysLove","floor":1},{"not_picked":["PrismaMod:IllyaAOECommonAttack","PrismaMod:IllyaCheapDefend"],"picked":"PrismaMod:IllyaSaphire","floor":4},{"not_picked":["PrismaMod:IllyaZwei","PrismaMod:IllyaMinorRapidFire","PrismaMod:IllyaGrailKun"],"picked":"SKIP","floor":7},{"not_picked":["PrismaMod:IllyaCommonEvoke","PrismaMod:IllyaFriendMaker"],"picked":"PrismaMod:IllyaHassanGift","floor":11},{"not_picked":["PrismaMod:IllyaMinorZwei","PrismaMod:IllyaCheapChannelPoison"],"picked":"PrismaMod:IllyaMaid","floor":12},{"not_picked":["PrismaMod:IllyaStunPoison","PrismaMod:IllyaPoisoningPhantasm"],"picked":"PrismaMod:IllyaHassanGift","floor":14},{"not_picked":["PrismaMod:IllyaCarnivalOrbs","PrismaMod:IllyaUberAttackChannel"],"picked":"PrismaMod:IllyaCarnivalDefend","floor":16},{"not_picked":["PrismaMod:IllyaEvokeAll","PrismaMod:IllyaMaid"],"picked":"PrismaMod:IllyaBlindPoisonToss","floor":18},{"not_picked":["PrismaMod:IllyaUpgradeOrbs","PrismaMod:IllyaMinorReinForce"],"picked":"PrismaMod:IllyaGrail+1","floor":24},{"not_picked":["PrismaMod:IllyaEvokeAll+1","PrismaMod:IllyaFriendMaker","PrismaMod:IllyaCommonEvoke"],"picked":"SKIP","floor":25},{"not_picked":["PrismaMod:IllyaRapidFire","PrismaMod:IllyaRubysPotion+1"],"picked":"PrismaMod:IllyaRussianRoulette","floor":29},{"not_picked":["PrismaMod:IllyaCommonEvoke","PrismaMod:IllyaFriendMaker","PrismaMod:IllyaGun"],"picked":"SKIP","floor":31}],"player_experience":38187,"relics_obtained":[{"floor":7,"key":"reliquary:Stiletto"},{"floor":12,"key":"AT_GuinsooRageblade"},{"floor":13,"key":"ReplayFunnel"},{"floor":24,"key":"Torii"},{"floor":26,"key":"AT_ForceNature"},{"floor":29,"key":"InkBottle"}],"event_choices":[{"damage_healed":0,"gold_gain":0,"player_choice":"Donut","damage_taken":0,"max_hp_gain":5,"max_hp_loss":0,"event_name":"Big Fish","floor":2,"gold_loss":0},{"damage_healed":0,"gold_gain":0,"player_choice":"Shed Blood","damage_taken":20,"max_hp_gain":5,"max_hp_loss":0,"event_name":"Forgotten Altar","floor":19,"gold_loss":0},{"damage_healed":0,"gold_gain":0,"player_choice":"Gave Potion","damage_taken":0,"relics_obtained":["reliquary:RoseTintedGlasses"],"max_hp_gain":0,"max_hp_loss":0,"event_name":"WeMeetAgain","floor":21,"gold_loss":0},{"damage_healed":0,"gold_gain":0,"player_choice":"Ignored","damage_taken":0,"max_hp_gain":0,"max_hp_loss":0,"event_name":"Ghosts","floor":27,"gold_loss":0},{"cards_removed":["PrismaMod:IllyaCommonAttack"],"damage_healed":0,"gold_gain":0,"player_choice":"Upgrade and Remove","damage_taken":0,"max_hp_gain":0,"max_hp_loss":0,"event_name":"Designer","floor":28,"gold_loss":90,"cards_upgraded":["PrismaMod:IllyaMaid"]}],"is_beta":false,"boss_relics":[{"not_picked":["AT_MortalBlade","ReplayTheSpireMod:DimensionalGlitch"],"picked":"Coffee Dripper"}],"items_purged_floors":[3,20,22,30],"is_endless":false,"potions_floor_spawned":[4,7,11,14,16,25],"killed_by":"Pondfish","ascension_level":1}}