{"host":"vyjryxuuuxkt43k4","time":1612277950,"event":{"mods":["AchievementEnabler","BaseMod","Colored Map","DeckTracker","Keyboard Shortcuts","Minty Spire (QoL Compilation)","Permanent Neow","Quick Restart","Rare Cards Sparkle","Relic Stats","StSLib","SuperFastMode","everything is the same but u backflip on backflip"],"gold_per_floor":[113,126,144,163,5,5,5,5,31,57,74,90,90,118,118,193,193,209,221,236,7,23,50,60,79,79,111,111,111,111,129,129,129,129],"floor_reached":33,"language":"KOR","playtime":2026,"items_purged":["Strike_G","Strike_G"],"score":506,"play_id":"cbb04f42-d815-46e5-8599-704ce267faed","local_time":"20210202235910","is_ascension_mode":true,"campfire_choices":[{"data":"Neutralize","floor":6.0,"key":"SMITH"},{"data":"Predator","floor":8.0,"key":"SMITH"},{"data":"Doppelganger","floor":15.0,"key":"SMITH"},{"floor":28.0,"key":"REST"},{"floor":30.0,"key":"REST"},{"data":"Concentrate","floor":32.0,"key":"SMITH"}],"circlet_count":0,"master_deck":["AscendersBane","Strike_G","Strike_G","Defend_G","Defend_G","Defend_G+1","Defend_G","Defend_G","Survivor","Neutralize+1","Dagger Spray","PiercingWail","Tactician+1","Well Laid Plans","Predator+1","Blade Dance","Deadly Poison","Glass Knife","Doppelganger+1","Wraith Form v2","Finisher","Dodge and Roll+1","Catalyst","Concentrate+1","Bullet Time"],"relics":["Ring of the Snake","Lantern","Snake Skull","Bag of Preparation","Shuriken","Philosopher\u0027s Stone","War Paint","Gambling Chip","Red Mask"],"acts_visited":["Exordium","TheCity"],"potions_floor_usage":[33],"damage_taken":[{"damage":3.0,"enemies":"Cultist","floor":1.0,"turns":6.0},{"damage":1.0,"enemies":"Small Slimes","floor":2.0,"turns":4.0},{"damage":0.0,"enemies":"Jaw Worm","floor":3.0,"turns":4.0},{"damage":17.0,"enemies":"Gremlin Gang","floor":4.0,"turns":7.0},{"damage":22.0,"enemies":"Gremlin Nob","floor":10.0,"turns":5.0},{"damage":0.0,"enemies":"Looter","floor":11.0,"turns":3.0},{"damage":1.0,"enemies":"2 Fungi Beasts","floor":12.0,"turns":3.0},{"damage":26.0,"enemies":"3 Sentries","floor":14.0,"turns":6.0},{"damage":15.0,"enemies":"Hexaghost","floor":16.0,"turns":8.0},{"damage":2.0,"enemies":"Spheric Guardian","floor":18.0,"turns":3.0},{"damage":0.0,"enemies":"Shell Parasite","floor":19.0,"turns":4.0},{"damage":15.0,"enemies":"Snecko","floor":20.0,"turns":5.0},{"damage":0.0,"enemies":"Shelled Parasite and Fungi","floor":22.0,"turns":5.0},{"damage":34.0,"enemies":"Gremlin Leader","floor":23.0,"turns":9.0},{"damage":4.0,"enemies":"Centurion and Healer","floor":24.0,"turns":5.0},{"damage":4.0,"enemies":"3 Cultists","floor":25.0,"turns":5.0},{"damage":0.0,"enemies":"Masked Bandits","floor":27.0,"turns":4.0},{"damage":0.0,"enemies":"Snake Plant","floor":31.0,"turns":3.0},{"damage":46,"enemies":"Automaton","floor":33,"turns":10}],"seed_played":"849698127020496098","potions_obtained":[{"floor":1.0,"key":"Swift Potion"},{"floor":11.0,"key":"Regen Potion"},{"floor":12.0,"key":"LiquidBronze"},{"floor":19.0,"key":"ColorlessPotion"},{"floor":22.0,"key":"SpeedPotion"},{"floor":25.0,"key":"Swift Potion"},{"floor":27.0,"key":"DistilledChaos"},{"floor":31.0,"key":"Ancient Potion"}],"is_trial":false,"path_per_floor":["M","M","M","M","$","R","?","R","T","E","M","M","?","E","R","B",null,"M","M","M","$","M","E","M","M","T","?","R","?","R","M","R","B"],"character_chosen":"THE_SILENT","items_purchased":["Well Laid Plans","Catalyst","Block Potion"],"campfire_rested":2,"item_purchase_floors":[5,21,21],"current_hp_per_floor":[56,55,55,38,38,38,38,38,38,16,16,15,66,40,40,40,60,58,58,43,43,43,9,5,1,1,1,20,20,39,39,39,0,0],"gold":129,"neow_bonus":"RANDOM_COMMON_RELIC","is_daily":false,"chose_seed":false,"campfire_upgraded":4,"win_rate":0.0,"timestamp":1612277950,"path_taken":["M","M","M","M","?","R","?","R","T","E","M","M","?","E","R","BOSS","M","M","M","$","M","E","?","M","T","?","R","?","R","M","R","BOSS"],"items_purchased_type":["Card","Card","Potion"],"build_version":"2020-12-22","purchased_purges":2,"victory":false,"max_hp_per_floor":[66,66,66,66,66,66,66,66,66,66,66,66,66,66,66,66,66,66,66,66,66,66,66,66,66,66,66,66,66,66,66,66,66,66],"relic_stats":{"counters":[19,99],"Shuriken":[34],"Gambling Chip":[12],"Snake Skull":[23],"Bag of Preparation":[28],"War Paint":["Defend_G","Tactician"],"obtain_stats":[{"Lantern":0,"Shuriken":14,"Gambling Chip":26,"Philosopher\u0027s Stone":17,"Snake Skull":9,"Bag of Preparation":10,"Red Mask":27,"War Paint":23,"Ring of the Snake":0},{"Lantern":0,"Shuriken":8,"Gambling Chip":16,"Philosopher\u0027s Stone":9,"Snake Skull":4,"Bag of Preparation":5,"Red Mask":17,"War Paint":14,"Ring of the Snake":0},{"Lantern":0,"Shuriken":38,"Gambling Chip":82,"Philosopher\u0027s Stone":46,"Snake Skull":21,"Bag of Preparation":26,"Red Mask":86,"War Paint":72,"Ring of the Snake":0}],"Ring of the Snake":[38]},"card_choices":[{"not_picked":["Finisher","Endless Agony"],"picked":"Dagger Spray","floor":1.0},{"not_picked":["Concentrate","Prepared","Accuracy"],"picked":"SKIP","floor":2.0},{"not_picked":["Outmaneuver","Flying Knee"],"picked":"PiercingWail","floor":3.0},{"not_picked":["Expertise","Dodge and Roll"],"picked":"Tactician","floor":4.0},{"not_picked":["Dagger Spray","Well Laid Plans"],"picked":"Blade Dance","floor":10.0},{"not_picked":["Masterful Stab","Concentrate"],"picked":"Deadly Poison","floor":11.0},{"not_picked":["Finisher","PiercingWail"],"picked":"Glass Knife","floor":12.0},{"not_picked":["Slice","Expertise"],"picked":"Doppelganger","floor":14.0},{"not_picked":["Glass Knife","Venomology"],"picked":"Wraith Form v2","floor":16.0},{"not_picked":["Deadly Poison","Underhanded Strike","Predator"],"picked":"SKIP","floor":18.0},{"not_picked":["Masterful Stab","Sucker Punch"],"picked":"Finisher","floor":19.0},{"not_picked":["Underhanded Strike","Dash"],"picked":"Dodge and Roll+1","floor":20.0},{"not_picked":["Dagger Spray","All Out Attack"],"picked":"Concentrate","floor":22.0},{"not_picked":["Deadly Poison","Dodge and Roll","Outmaneuver"],"picked":"SKIP","floor":23.0},{"not_picked":["Cloak And Dagger","Blade Dance","Dash"],"picked":"SKIP","floor":24.0},{"not_picked":["Dodge and Roll","Underhanded Strike"],"picked":"Bullet Time","floor":25.0},{"not_picked":["Cloak And Dagger","Flying Knee+1","Tools of the Trade"],"picked":"SKIP","floor":31.0}],"player_experience":632347,"relics_obtained":[{"floor":9.0,"key":"Snake Skull"},{"floor":10.0,"key":"Bag of Preparation"},{"floor":14.0,"key":"Shuriken"},{"floor":23.0,"key":"War Paint"},{"floor":26.0,"key":"Gambling Chip"},{"floor":27.0,"key":"Red Mask"}],"event_choices":[{"damage_healed":0.0,"max_hp_gain":0.0,"max_hp_loss":0.0,"gold_gain":0.0,"cards_transformed":["Strike_G"],"event_name":"Living Wall","player_choice":"Change","floor":7.0,"gold_loss":0.0,"damage_taken":0.0,"cards_obtained":["Predator"]},{"damage_healed":51.0,"max_hp_gain":0.0,"max_hp_loss":0.0,"gold_gain":0.0,"event_name":"Wheel of Change","player_choice":"Full Heal","floor":13.0,"gold_loss":0.0,"damage_taken":0.0},{"damage_healed":0.0,"max_hp_gain":0.0,"max_hp_loss":0.0,"gold_gain":0.0,"event_name":"Masked Bandits","player_choice":"Fought Bandits","floor":27.0,"gold_loss":0.0,"damage_taken":0.0},{"damage_healed":0.0,"max_hp_gain":0.0,"max_hp_loss":0.0,"gold_gain":0.0,"event_name":"The Mausoleum","player_choice":"Ignored","floor":29.0,"gold_loss":0.0,"damage_taken":0.0}],"is_beta":false,"boss_relics":[{"not_picked":["HoveringKite","Tiny House"],"picked":"Philosopher\u0027s Stone"}],"items_purged_floors":[5,21],"is_endless":false,"potions_floor_spawned":[1,11,12,14,19,22,25,27,31],"killed_by":"Automaton","ascension_level":16}}