{"host":"6gwm7y0tp7acoxay","time":1612257496,"event":{"mods":["BaseMod","Colored Map","Keyboard Shortcuts","Minty Spire (QoL Compilation)","Quick Restart","StSLib","SuperFastMode","everything is the same but u backflip on backflip"],"gold_per_floor":[110,127,175,100,100,128,128,162,212,243,243,263,263,288,288,364,364,376,31,44,44,44,70,70,96,96,127,178,93,18,48,48,124,174,194,156,181,233,233,259,287,320,343,370,401,401,432,35,35,35,35,35,35,7,34,34],"floor_reached":57,"language":"KOR","playtime":1832,"items_purged":["Dual Wield","Rage+1"],"score":3319,"play_id":"a65c29f8-08af-495a-87e7-b6300d38bfca","local_time":"20210202181816","daily_mods":["SealedDeck","Heirloom","Flight"],"is_ascension_mode":true,"campfire_choices":[{"data":"Armaments","floor":7.0,"key":"SMITH"},{"data":"Disarm","floor":11.0,"key":"SMITH"},{"data":"Uppercut","floor":15.0,"key":"SMITH"},{"floor":24.0,"key":"REST"},{"data":"Whirlwind","floor":32.0,"key":"SMITH"},{"floor":46.0,"key":"REST"},{"floor":49.0,"key":"RECALL"},{"data":"Limit Break","floor":53.0,"key":"SMITH"}],"circlet_count":0,"master_deck":["AscendersBane","True Grit+1","Sword Boomerang+1","Uppercut+1","Shrug It Off+1","Whirlwind+1","Armaments+1","Inflame+1","Disarm+1","Impervious","Limit Break+1","Evolve","Flash of Steel+1","Feel No Pain","Battle Trance"],"relics":["Burning Blood","Charon\u0027s Ashes","Pear","Regal Pillow","Boot","Singing Bowl","Omamori","Darkstone Periapt","SlaversCollar","Membership Card","Incense Burner","Unceasing Top","Pen Nib","Pantograph","Molten Egg 2","Bag of Marbles","Mango","Oddly Smooth Stone","Tiny House","StoneCalendar","Gambling Chip","War Paint","Nunchaku","Self Forming Clay","Blood Vial","Ornamental Fan","Thread and Needle","Paper Frog","Ancient Tea Set","InkBottle","OrangePellets","Lantern"],"acts_visited":["Exordium","TheCity","TheBeyond","TheEnding"],"potions_floor_usage":[56],"damage_taken":[{"damage":4.0,"enemies":"Cultist","floor":1.0,"turns":3.0},{"damage":0.0,"enemies":"2 Louse","floor":2.0,"turns":2.0},{"damage":6.0,"enemies":"Lagavulin","floor":6.0,"turns":4.0},{"damage":26.0,"enemies":"Gremlin Nob","floor":8.0,"turns":4.0},{"damage":4.0,"enemies":"Lagavulin","floor":10.0,"turns":7.0},{"damage":1.0,"enemies":"Jaw Worm","floor":12.0,"turns":5.0},{"damage":18.0,"enemies":"Gremlin Nob","floor":14.0,"turns":4.0},{"damage":35.0,"enemies":"Hexaghost","floor":16.0,"turns":10.0},{"damage":7.0,"enemies":"Chosen","floor":18.0,"turns":4.0},{"damage":4.0,"enemies":"Shell Parasite","floor":20.0,"turns":4.0},{"damage":19.0,"enemies":"Book of Stabbing","floor":23.0,"turns":6.0},{"damage":23.0,"enemies":"Slavers","floor":25.0,"turns":4.0},{"damage":0.0,"enemies":"Gremlin Leader","floor":27.0,"turns":6.0},{"damage":23.0,"enemies":"Slavers","floor":31.0,"turns":4.0},{"damage":36.0,"enemies":"Champ","floor":33.0,"turns":8.0},{"damage":1.0,"enemies":"Orb Walker","floor":35.0,"turns":3.0},{"damage":0.0,"enemies":"Mind Bloom Boss Battle","floor":37.0,"turns":4.0},{"damage":36.0,"enemies":"2 Orb Walkers","floor":38.0,"turns":4.0},{"damage":36.0,"enemies":"Reptomancer","floor":40.0,"turns":6.0},{"damage":8.0,"enemies":"Giant Head","floor":41.0,"turns":6.0},{"damage":11.0,"enemies":"Reptomancer","floor":42.0,"turns":5.0},{"damage":30.0,"enemies":"Nemesis","floor":44.0,"turns":5.0},{"damage":12.0,"enemies":"Reptomancer","floor":45.0,"turns":6.0},{"damage":6.0,"enemies":"Nemesis","floor":47.0,"turns":7.0},{"damage":13.0,"enemies":"Donu and Deca","floor":50.0,"turns":5.0},{"damage":1.0,"enemies":"Awakened One","floor":51.0,"turns":9.0},{"damage":52.0,"enemies":"Shield and Spear","floor":55.0,"turns":6.0},{"damage":118,"enemies":"The Heart","floor":56,"turns":8}],"seed_played":"-5842845470124497463","potions_obtained":[{"floor":6.0,"key":"Fire Potion"},{"floor":8.0,"key":"SpeedPotion"},{"floor":10.0,"key":"DistilledChaos"},{"floor":16.0,"key":"LiquidBronze"},{"floor":23.0,"key":"FearPotion"},{"floor":25.0,"key":"Regen Potion"},{"floor":27.0,"key":"Block Potion"},{"floor":34.0,"key":"EssenceOfSteel"},{"floor":35.0,"key":"SkillPotion"},{"floor":41.0,"key":"LiquidMemories"},{"floor":47.0,"key":"FearPotion"}],"is_trial":true,"path_per_floor":["M","M","T","?","?","E","R","E","T","E","R","M","?","E","R","B",null,"M","$","M","?","?","E","R","E","T","E","T","?","?","E","R","B",null,"M","$","?","?","?","E","E","E","T","E","E","R","E","$","R","B","B",null,"R","$","E","B",null],"character_chosen":"IRONCLAD","items_purchased":["Membership Card","Incense Burner","Battle Trance","Ancient Tea Set","InkBottle","OrangePellets","Swift Potion"],"campfire_rested":2,"item_purchase_floors":[19,19,48,48,48,48,54],"current_hp_per_floor":[70,75,75,75,52,62,62,42,42,46,46,53,53,41,41,14,72,73,73,77,49,49,38,83,68,68,91,91,105,105,90,90,85,120,127,127,131,103,97,69,69,64,64,44,42,100,104,104,104,124,147,147,147,147,103,18],"gold":34,"neow_bonus":"","is_daily":false,"chose_seed":false,"campfire_upgraded":5,"win_rate":0.0,"timestamp":1612257496,"path_taken":["M","?","?","?","?","E","R","E","T","E","R","?","?","E","R","BOSS","M","$","?","?","?","E","R","E","T","E","?","?","?","E","R","BOSS","M","$","?","?","?","E","E","E","T","E","E","R","E","$","R","BOSS","BOSS","R","$","E","BOSS"],"items_purchased_type":["Relic","Relic","Card","Relic","Relic","Relic","Potion"],"build_version":"2020-12-22","purchased_purges":2,"victory":true,"max_hp_per_floor":[75,75,75,75,75,85,85,85,85,87,87,89,89,89,89,91,91,93,93,95,100,100,102,102,104,104,106,106,120,120,122,122,122,129,131,131,131,133,137,139,141,141,141,143,145,145,147,147,147,147,147,147,147,147,149,149],"card_choices":[{"not_picked":["Warcry","Seeing Red"],"picked":"Inflame","floor":1.0},{"not_picked":["Twin Strike","Body Slam","Sword Boomerang"],"picked":"SKIP","floor":2.0},{"not_picked":["Wild Strike","Perfected Strike"],"picked":"Disarm","floor":6.0},{"not_picked":["Seeing Red","Pummel","Dark Embrace"],"picked":"SKIP","floor":8.0},{"not_picked":["Headbutt","Cleave","Pummel"],"picked":"Singing Bowl","floor":10.0},{"not_picked":["Havoc","Clash","Entrench"],"picked":"Singing Bowl","floor":12.0},{"not_picked":["Fiend Fire","Havoc"],"picked":"Impervious","floor":14.0},{"not_picked":["Immolate","Barricade","Impervious"],"picked":"Singing Bowl","floor":16.0},{"not_picked":["Dual Wield","Flex","Seeing Red"],"picked":"Singing Bowl","floor":18.0},{"not_picked":["Intimidate+1","Bloodletting","Uppercut"],"picked":"Singing Bowl","floor":20.0},{"not_picked":["Clothesline","Flex","Cleave"],"picked":"Singing Bowl","floor":23.0},{"not_picked":["Hemokinesis","Twin Strike","Sword Boomerang"],"picked":"Singing Bowl","floor":25.0},{"not_picked":["Iron Wave+1","Wild Strike+1","Armaments"],"picked":"Singing Bowl","floor":27.0},{"not_picked":["Flex+1","Heavy Blade+1","Clash+1"],"picked":"Singing Bowl","floor":31.0},{"not_picked":["Corruption","Immolate+1"],"picked":"Limit Break","floor":33.0},{"not_picked":["Anger+1","Headbutt+1","True Grit"],"picked":"Singing Bowl","floor":34.0},{"not_picked":["True Grit+1","Twin Strike+1","Perfected Strike+1"],"picked":"Singing Bowl","floor":35.0},{"not_picked":["Sword Boomerang+1","Shrug It Off"],"picked":"Evolve","floor":37.0},{"not_picked":["Shrug It Off","Juggernaut","Sever Soul+1"],"picked":"Singing Bowl","floor":38.0},{"not_picked":["Good Instincts","Trip","Madness"],"picked":"Singing Bowl","floor":39.0},{"not_picked":["Jack Of All Trades","Dark Shackles"],"picked":"Flash of Steel+1","floor":39.0},{"not_picked":["Sadistic Nature","Purity","Jack Of All Trades"],"picked":"Singing Bowl","floor":39.0},{"not_picked":["Ghostly Armor","Blood for Blood+1","Flex"],"picked":"Singing Bowl","floor":40.0},{"not_picked":["Twin Strike+1","Clothesline+1","Disarm"],"picked":"Singing Bowl","floor":41.0},{"not_picked":["Burning Pact","Body Slam+1"],"picked":"Feel No Pain","floor":42.0},{"not_picked":["Clothesline+1","True Grit","Combust"],"picked":"Singing Bowl","floor":44.0},{"not_picked":["Uppercut+1","Infernal Blade","Armaments"],"picked":"Singing Bowl","floor":45.0},{"not_picked":["Carnage+1","Armaments","Warcry+1"],"picked":"Singing Bowl","floor":47.0},{"not_picked":["Sentinel","Bludgeon+1","Iron Wave+1"],"picked":"Singing Bowl","floor":55.0}],"player_experience":4464900,"relics_obtained":[{"floor":6.0,"key":"Pear"},{"floor":8.0,"key":"Regal Pillow"},{"floor":9.0,"key":"Boot"},{"floor":10.0,"key":"Singing Bowl"},{"floor":14.0,"key":"Darkstone Periapt"},{"floor":23.0,"key":"Unceasing Top"},{"floor":25.0,"key":"Pen Nib"},{"floor":26.0,"key":"Pantograph"},{"floor":27.0,"key":"Molten Egg 2"},{"floor":28.0,"key":"Bag of Marbles"},{"floor":31.0,"key":"Oddly Smooth Stone"},{"floor":37.0,"key":"StoneCalendar"},{"floor":38.0,"key":"Gambling Chip"},{"floor":40.0,"key":"War Paint"},{"floor":41.0,"key":"Nunchaku"},{"floor":42.0,"key":"Self Forming Clay"},{"floor":43.0,"key":"Blood Vial"},{"floor":44.0,"key":"Ornamental Fan"},{"floor":45.0,"key":"Thread and Needle"},{"floor":47.0,"key":"Paper Frog"},{"floor":55.0,"key":"Lantern"}],"event_choices":[{"cards_removed":["Spot Weakness"],"damage_healed":0.0,"max_hp_gain":0.0,"max_hp_loss":0.0,"gold_gain":0.0,"event_name":"The Cleric","player_choice":"Card Removal","floor":4.0,"gold_loss":75.0,"damage_taken":0.0},{"damage_healed":0.0,"max_hp_gain":0.0,"max_hp_loss":0.0,"gold_gain":0.0,"event_name":"Shining Light","player_choice":"Entered Light","floor":5.0,"gold_loss":0.0,"damage_taken":23.0,"cards_upgraded":["Sword Boomerang","Inflame"]},{"damage_healed":0.0,"max_hp_gain":0.0,"max_hp_loss":0.0,"gold_gain":0.0,"event_name":"WeMeetAgain","player_choice":"Gave Potion","floor":13.0,"gold_loss":0.0,"damage_taken":0.0,"relics_obtained":["Omamori"]},{"damage_healed":0.0,"max_hp_gain":5.0,"max_hp_loss":0.0,"gold_gain":0.0,"event_name":"Forgotten Altar","player_choice":"Shed Blood","floor":21.0,"gold_loss":0.0,"damage_taken":33.0},{"damage_healed":0.0,"max_hp_gain":0.0,"max_hp_loss":0.0,"gold_gain":0.0,"event_name":"Ghosts","player_choice":"Ignored","floor":22.0,"gold_loss":0.0,"damage_taken":0.0},{"damage_healed":0.0,"max_hp_gain":0.0,"max_hp_loss":0.0,"gold_gain":0.0,"event_name":"Addict","player_choice":"Obtained Relic","floor":29.0,"gold_loss":85.0,"damage_taken":0.0,"relics_obtained":["Mango"]},{"cards_removed":["Fire Breathing"],"damage_healed":0.0,"max_hp_gain":0.0,"max_hp_loss":0.0,"gold_gain":0.0,"event_name":"Beggar","player_choice":"Gave Gold","floor":30.0,"gold_loss":75.0,"damage_taken":0.0},{"damage_healed":0.0,"max_hp_gain":0.0,"max_hp_loss":0.0,"gold_gain":0.0,"event_name":"MindBloom","player_choice":"Fight","floor":37.0,"gold_loss":0.0,"damage_taken":0.0},{"damage_healed":0.0,"max_hp_gain":0.0,"max_hp_loss":0.0,"gold_gain":0.0,"event_name":"Mysterious Sphere","player_choice":"Fight","floor":38.0,"gold_loss":0.0,"damage_taken":0.0},{"damage_healed":0.0,"max_hp_gain":0.0,"max_hp_loss":0.0,"gold_gain":0.0,"event_name":"SensoryStone","player_choice":"Memory 3","floor":39.0,"gold_loss":0.0,"damage_taken":10.0}],"is_beta":false,"boss_relics":[{"not_picked":["Sozu","Cursed Key"],"picked":"SlaversCollar"},{"not_picked":["Runic Cube","Calling Bell"],"picked":"Tiny House"}],"items_purged_floors":[36,48],"is_endless":false,"potions_floor_spawned":[6,8,10,12,16,18,23,25,27,35,41,47,55],"ascension_level":20}}