{"host":"jumrmhf584hajrnz","time":1612264904,"event":{"mods":["BaseMod","Duelist Mod","GifTheSpireLib","Minty Spire (QoL Compilation)","Quick Restart","StSLib"],"gold_per_floor":[137,137,149,58,75,110,110,143,143,154,154,165,184,26,26,105,105,125,145,60,72,0,31,31,42,42,42,58,87,87,11,11,88,88,102,120,120,120,170,170,13,13,64,92,49,49,49,78,78,78,78,78,78,28,63,63,63],"floor_reached":56,"language":"ENG","playtime":3085,"items_purged":[],"score":2152,"play_id":"454f6c3b-9888-4d48-8114-735b776ab0ec","local_time":"20210202122144","is_ascension_mode":true,"campfire_choices":[{"floor":7,"key":"REST"},{"floor":15,"key":"RECALL"},{"floor":24,"key":"REST"},{"floor":27,"key":"REST"},{"data":"theDuelist:SilverWing","floor":32,"key":"SMITH"},{"data":"Mind Blast","floor":40,"key":"SMITH"},{"data":"theDuelist:DragonMastery","floor":42,"key":"SMITH"},{"data":"theDuelist:MaskedDragon","floor":47,"key":"SMITH"},{"data":"theDuelist:BlueDuston","floor":49,"key":"SMITH"},{"data":"theDuelist:HaneHane","floor":53,"key":"SMITH"}],"circlet_count":0,"master_deck":["theDuelist:BlackBrutdrago","theDuelist:ImperialOrder","AscendersBane","theDuelist:ClawHermos","theDuelist:FeatherPho+1","theDuelist:DragonMastery+1","theDuelist:BlueBloodedOni","theDuelist:LesserDragon","theDuelist:TyrantWing+1","theDuelist:TotemDragon+1","theDuelist:MirageDragon","theDuelist:LesserDragon","theDuelist:BurstBreath","theDuelist:BlueDuston+1","theDuelist:DefenseDraw","theDuelist:CastleWalls+1","theDuelist:MadFlameKaiju","theDuelist:CaveDragon","theDuelist:DarkHorus","theDuelist:WaterDragon+1","theDuelist:MetalDragon+1","theDuelist:HaneHane+1","Mind Blast+1","theDuelist:BabyDragon","theDuelist:ForbiddenLance","theDuelist:CaveDragon","theDuelist:YamataDragon","theDuelist:Mountain","theDuelist:DarkHorus","theDuelist:SilverWing+1","theDuelist:Raigeki+1","theDuelist:MaskedDragon+1","theDuelist:QueenDragunDjinn+1","theDuelist:Sparks","theDuelist:Sparks","theDuelist:Freezadon","theDuelist:Earthquake","theDuelist:SpiralSpearStrike","theDuelist:CastleWalls","theDuelist:FrostflameDragon","theDuelist:CastleDragonSouls+1"],"relics":["theDuelist:MillenniumPuzzle","theDuelist:CardPoolRelic","theDuelist:CardPoolBasicRelic","theDuelist:BoosterPackPoolRelic","theDuelist:CardPoolAddRelic","theDuelist:CardPoolMinusRelic","theDuelist:CardPoolSaveRelic","theDuelist:CardPoolOptionsRelic","CaptainsWheel","InkBottle","Bottled Flame","Eternal Feather","Nunchaku","Philosopher\u0027s Stone","Lantern","Blood Vial","MealTicket","Busted Crown","theDuelist:DragonRelicB","Toy Ornithopter","theDuelist:DragonRelicC","Tough Bandages","Centennial Puzzle","War Paint"],"acts_visited":["Exordium","TheCity","TheBeyond","TheEnding"],"potions_floor_usage":[29,29,29,39,44,50],"damage_taken":[{"damage":1,"enemies":"Small Slimes","floor":1,"turns":3},{"damage":0,"enemies":"Cultist","floor":3,"turns":2},{"damage":0,"enemies":"2 Louse","floor":5,"turns":1},{"damage":29,"enemies":"3 Sentries","floor":6,"turns":9},{"damage":16,"enemies":"Lagavulin","floor":8,"turns":6},{"damage":2,"enemies":"Looter","floor":10,"turns":2},{"damage":3,"enemies":"Blue Slaver","floor":12,"turns":3},{"damage":0,"enemies":"2 Fungi Beasts","floor":13,"turns":2},{"damage":0,"enemies":"Slime Boss","floor":16,"turns":3},{"damage":7,"enemies":"Spheric Guardian","floor":18,"turns":3},{"damage":9,"enemies":"Chosen","floor":19,"turns":3},{"damage":21,"enemies":"Centurion and Healer","floor":21,"turns":4},{"damage":18,"enemies":"Gremlin Leader","floor":23,"turns":4},{"damage":12,"enemies":"Chosen and Byrds","floor":25,"turns":4},{"damage":0,"enemies":"3 Cultists","floor":28,"turns":4},{"damage":0,"enemies":"Slavers","floor":29,"turns":3},{"damage":3,"enemies":"Champ","floor":33,"turns":10},{"damage":0,"enemies":"Orb Walker","floor":35,"turns":1},{"damage":4,"enemies":"3 Shapes","floor":36,"turns":3},{"damage":30,"enemies":"2 Orb Walkers","floor":39,"turns":4},{"damage":55,"enemies":"Reptomancer","floor":44,"turns":6},{"damage":0,"enemies":"Giant Head","floor":48,"turns":4},{"damage":33,"enemies":"Donu and Deca","floor":50,"turns":5},{"damage":25,"enemies":"Time Eater","floor":51,"turns":7},{"damage":38,"enemies":"Shield and Spear","floor":55,"turns":9},{"damage":50,"enemies":"The Heart","floor":56,"turns":2}],"seed_played":"-193941656259896456","potions_obtained":[{"floor":3,"key":"FearPotion"},{"floor":6,"key":"Energy Potion"},{"floor":25,"key":"Swift Potion"},{"floor":28,"key":"EntropicBrew"},{"floor":29,"key":"theDuelist:TokenPotionB"},{"floor":44,"key":"theDuelist:DebuffFuryPotion"},{"floor":48,"key":"LiquidBronze"}],"is_trial":false,"path_per_floor":["M","?","M","$","M","E","R","E","T","M","?","M","M","$","R","B",null,"M","M","?","M","?","E","R","M","T","R","M","E","$","$","R","B",null,"M","M","?","?","?","R","$","R","T","E","$","T","R","E","R","B","B",null,"R","$","E","B"],"character_chosen":"THE_DUELIST","items_purchased":["theDuelist:HaneHane","Nunchaku","theDuelist:SilverWing","theDuelist:BlueDuston","theDuelist:Mountain","theDuelist:FrostflameDragon"],"campfire_rested":3,"item_purchase_floors":[4,14,31,41,45,54],"current_hp_per_floor":[62,62,62,62,62,33,51,35,35,33,33,30,30,30,42,42,58,51,42,42,21,21,3,36,26,26,59,61,63,63,63,63,60,62,63,59,59,59,31,52,63,63,63,13,28,28,49,51,63,30,7,49,63,63,25,0,0],"gold":63,"neow_bonus":"ONE_RARE_RELIC","is_daily":false,"chose_seed":false,"campfire_upgraded":6,"win_rate":0.0,"timestamp":1612264904,"path_taken":["M","?","?","?","M","E","R","E","T","M","?","M","?","?","R","BOSS","M","?","?","M","?","E","R","M","T","R","M","E","?","$","R","BOSS","M","M","?","?","?","R","$","R","T","E","?","?","R","E","R","BOSS","BOSS","R","$","E","BOSS"],"items_purchased_type":["Card","Relic","Card","Card","Card","Card"],"build_version":"2020-12-22","purchased_purges":0,"victory":false,"max_hp_per_floor":[63,63,63,63,63,63,63,63,63,63,63,63,63,63,63,63,63,63,63,63,63,63,63,63,63,63,63,63,63,63,63,63,63,63,63,63,63,63,63,63,63,63,63,63,63,63,63,63,63,63,63,63,63,63,63,63,63],"card_choices":[{"not_picked":["theDuelist:StrayLambs","theDuelist:RainbowOverdragon","theDuelist:FeatherPho","theDuelist:DarkFactory"],"picked":"theDuelist:BigFire","floor":1},{"not_picked":["theDuelist:MoltenDestruction","theDuelist:Hydrogeddon","theDuelist:DefenseZone","theDuelist:BlackStego"],"picked":"theDuelist:BlackBrutdrago","floor":3},{"not_picked":["Flash of Steel","Good Instincts","Secret Technique"],"picked":"Mind Blast","floor":5},{"not_picked":["theDuelist:Kabazauls","theDuelist:Hydrogeddon","theDuelist:CyberValley","theDuelist:Beatraptor"],"picked":"theDuelist:MaskedDragon","floor":6},{"not_picked":["theDuelist:BlackStego","theDuelist:FrostflameDragon","theDuelist:BusterDrake","theDuelist:BlackPtera"],"picked":"theDuelist:Earthquake","floor":8},{"not_picked":["theDuelist:LesserDragon","theDuelist:BlackPtera","theDuelist:Beatraptor","theDuelist:YamataDragon"],"picked":"theDuelist:MirageDragon","floor":10},{"not_picked":["theDuelist:TwinHeadedFire","theDuelist:BlackBrutdrago","theDuelist:MaskedDragon","theDuelist:BlackPtera"],"picked":"theDuelist:BurstBreath","floor":12},{"not_picked":["theDuelist:Sabersaurus","theDuelist:MadSwordBeast","theDuelist:Babycerasaurus","theDuelist:Anthrosaurus"],"picked":"theDuelist:Freezadon","floor":13},{"not_picked":["theDuelist:CyberDragonInfinity","theDuelist:BlasterDragonInfernos","theDuelist:BerserkScales","theDuelist:ArmedProtectorDragon"],"picked":"theDuelist:DragonMastery","floor":16},{"not_picked":["theDuelist:BattleguardKing","theDuelist:RainbowOverdragon","theDuelist:MagicalStone","theDuelist:ScrapFactory"],"picked":"theDuelist:ImperialOrder","floor":18},{"not_picked":["theDuelist:WaterDragon","theDuelist:TailSwipe","theDuelist:LavaDragon","theDuelist:Lancephorhynchus"],"picked":"theDuelist:MetalDragon+1","floor":19},{"not_picked":["theDuelist:WhiteHowling+1","theDuelist:TyrantWing","theDuelist:Berserking"],"picked":"theDuelist:TotemDragon+1","floor":21},{"not_picked":["theDuelist:EvilMind","theDuelist:BlackVeloci","theDuelist:BlackTyranno","theDuelist:BlackBrutdrago"],"picked":"theDuelist:DarkHorus","floor":23},{"not_picked":["theDuelist:TwinHeadedFire","theDuelist:Pyrorex","theDuelist:BusterBlader","theDuelist:CyberDragon"],"picked":"theDuelist:DarkHorus","floor":25},{"not_picked":["theDuelist:WhiteHowling","theDuelist:TyrantWing","theDuelist:CastleDragonSouls","theDuelist:BackupSoldier"],"picked":"theDuelist:DefenseDraw","floor":28},{"not_picked":["theDuelist:ScrapIronScarecrow","theDuelist:GoldSarcophagus","theDuelist:Frostosaurus","theDuelist:FrostflameDragon"],"picked":"theDuelist:ClawHermos","floor":29},{"not_picked":["theDuelist:TailSwipe","theDuelist:SurvivalFittest+1","theDuelist:QueenDragunDjinn+1","theDuelist:BlasterDragonInfernos"],"picked":"theDuelist:WaterDragon+1","floor":33},{"not_picked":["theDuelist:BigFire","theDuelist:RainbowOverdragon"],"picked":"theDuelist:ForbiddenLance","floor":35},{"not_picked":["theDuelist:FireDarts","theDuelist:DefenseDraw"],"picked":"theDuelist:TyrantWing+1","floor":36},{"not_picked":["theDuelist:BattleguardKing+1","theDuelist:Hinotama"],"picked":"theDuelist:Raigeki+1","floor":39},{"not_picked":["theDuelist:Jinzo+1","theDuelist:Terraforming"],"picked":"theDuelist:FeatherPho+1","floor":44},{"not_picked":["theDuelist:BigEye","theDuelist:ScrapFactory"],"picked":"theDuelist:BlueBloodedOni","floor":48},{"not_picked":["theDuelist:WhiteHowling+1","theDuelist:TyrantWing+1","theDuelist:JurassicImpact+1"],"picked":"theDuelist:CastleDragonSouls+1","floor":55}],"player_experience":1668137,"relics_obtained":[{"floor":6,"key":"InkBottle"},{"floor":8,"key":"Bottled Flame"},{"floor":9,"key":"Eternal Feather"},{"floor":23,"key":"Blood Vial"},{"floor":29,"key":"MealTicket"},{"floor":39,"key":"theDuelist:DragonRelicB"},{"floor":43,"key":"Toy Ornithopter"},{"floor":44,"key":"theDuelist:DragonRelicC"},{"floor":46,"key":"Tough Bandages"},{"floor":48,"key":"Centennial Puzzle"},{"floor":55,"key":"War Paint"}],"event_choices":[{"damage_healed":0,"gold_gain":0,"player_choice":"2 cards matched","damage_taken":0,"max_hp_gain":0,"max_hp_loss":0,"event_name":"Match and Keep!","floor":2,"gold_loss":0,"cards_obtained":["theDuelist:QueenDragunDjinn","theDuelist:MadFlameKaiju"]},{"damage_healed":0,"gold_gain":0,"player_choice":"Leave","duelist":true,"damage_taken":0,"max_hp_gain":0,"max_hp_loss":0,"event_name":"Relic Duplicator","floor":11,"gold_loss":0},{"damage_healed":0,"gold_gain":0,"player_choice":"Obtained Relic","damage_taken":0,"relics_obtained":["Lantern"],"max_hp_gain":0,"max_hp_loss":0,"event_name":"Addict","floor":20,"gold_loss":85},{"damage_healed":0,"gold_gain":0,"player_choice":"Purchased Spiral Spear Strike for 72 Gold.","duelist":true,"damage_taken":0,"max_hp_gain":0,"max_hp_loss":0,"event_name":"Card Trader","floor":22,"gold_loss":0},{"damage_healed":0,"gold_gain":0,"player_choice":"Leave","duelist":true,"damage_taken":0,"max_hp_gain":0,"max_hp_loss":0,"event_name":"Tomb of the Nameless","floor":37,"gold_loss":0},{"cards_removed":["theDuelist:BigFire"],"damage_healed":0,"gold_gain":0,"player_choice":"Removed Attack","damage_taken":0,"max_hp_gain":0,"max_hp_loss":0,"event_name":"Falling","floor":38,"gold_loss":0},{"damage_healed":0,"gold_gain":0,"player_choice":"Fight","damage_taken":0,"max_hp_gain":0,"max_hp_loss":0,"event_name":"Mysterious Sphere","floor":39,"gold_loss":0}],"is_beta":false,"boss_relics":[{"not_picked":["Runic Dome","theDuelist:MillenniumKey"],"picked":"Philosopher\u0027s Stone"},{"not_picked":["Runic Pyramid","Cursed Key"],"picked":"Busted Crown"}],"items_purged_floors":[],"is_endless":false,"potions_floor_spawned":[3,6,16,19,25,28,29,44,48],"killed_by":"The Heart","ascension_level":20}}