{"host":"i09pxcjttd31eh4q","time":1612264577,"event":{"mods":["AchievementEnabler","BaseMod","Colored Map","Keyboard Shortcuts","Minty Spire (QoL Compilation)","StSLib","SuperFastMode"],"gold_per_floor":[109,109,123,123,25,56,56,73,73,73,73,86,11,86,86,158,158,172,72,72,58,58,58,84,84,154,171,86,104,104,118,118,118,118],"floor_reached":33,"language":"KOR","playtime":942,"items_purged":["Pain","Strike_G"],"score":576,"play_id":"895bfdfd-f0f6-4281-9176-877958cd3fcb","local_time":"20210202201617","is_ascension_mode":true,"campfire_choices":[{"data":"Cloak And Dagger","floor":7,"key":"SMITH"},{"data":"Neutralize","floor":10,"key":"SMITH"},{"data":"Finesse","floor":15,"key":"SMITH"},{"floor":23,"key":"RECALL"},{"floor":25,"key":"REST"},{"data":"Eviscerate","floor":30,"key":"SMITH"},{"floor":32,"key":"REST"}],"circlet_count":0,"master_deck":["AscendersBane","Strike_G","Strike_G","Defend_G","Defend_G","Defend_G","Defend_G","Defend_G","Survivor","Neutralize+1","Cloak And Dagger+1","Finesse+1","Acrobatics+1","Dagger Spray","Grand Finale","Backflip","Acrobatics+1","Eviscerate+1","Pain","Prepared"],"relics":["Ring of the Snake","NeowsBlessing","Darkstone Periapt","Vajra","WarpedTongs","Cursed Key","Regal Pillow","Ninja Scroll","Turnip"],"acts_visited":["Exordium","TheCity"],"potions_floor_usage":[12,16,21,24],"damage_taken":[{"damage":0.0,"enemies":"Jaw Worm","floor":1.0,"turns":1.0},{"damage":0,"enemies":"2 Louse","floor":3,"turns":1},{"damage":0,"enemies":"Lagavulin","floor":6,"turns":1},{"damage":0,"enemies":"Cultist","floor":8,"turns":5},{"damage":9,"enemies":"Large Slime","floor":12,"turns":7},{"damage":15,"enemies":"The Guardian","floor":16,"turns":18},{"damage":7,"enemies":"Shell Parasite","floor":18,"turns":7},{"damage":0,"enemies":"2 Thieves","floor":21,"turns":4},{"damage":49,"enemies":"Book of Stabbing","floor":24,"turns":10},{"damage":16,"enemies":"Sentry and Sphere","floor":27,"turns":6},{"damage":19,"enemies":"Centurion and Healer","floor":29,"turns":6},{"damage":14,"enemies":"Shelled Parasite and Fungi","floor":31,"turns":4},{"damage":52,"enemies":"Automaton","floor":33,"turns":6}],"seed_played":"-6250425265112152085","potions_obtained":[{"floor":3,"key":"Fruit Juice"},{"floor":6,"key":"Dexterity Potion"},{"floor":12,"key":"Swift Potion"},{"floor":18,"key":"PowerPotion"},{"floor":21,"key":"PowerPotion"}],"is_trial":false,"path_per_floor":["M","?","M","?","$","E","R","M","T","R","?","M","$","?","R","B",null,"M","$","?","M","$","R","E","R","T","M","?","M","R","M","R","B"],"character_chosen":"THE_SILENT","items_purchased":["Finesse"],"campfire_rested":2,"item_purchase_floors":[5],"current_hp_per_floor":[59,59,59,59,59,59,59,59,59,59,65,61,61,50,50,35,67,60,60,60,60,60,60,11,49,55,39,39,20,20,6,45,0,0],"gold":118,"neow_bonus":"THREE_ENEMY_KILL","is_daily":false,"chose_seed":false,"campfire_upgraded":4,"win_rate":0.0,"timestamp":1612264577,"path_taken":["M","?","M","?","$","E","R","?","T","R","?","M","?","?","R","BOSS","M","$","?","?","$","R","E","R","T","?","?","M","R","M","R","BOSS"],"items_purchased_type":["Card"],"build_version":"2020-12-22","purchased_purges":2,"victory":false,"max_hp_per_floor":[66,66,66,66,66,66,66,66,66,66,72,77,77,77,77,77,77,77,77,77,77,77,77,77,77,83,83,83,83,83,83,83,83,83],"card_choices":[{"not_picked":["Sucker Punch","Acrobatics"],"picked":"Cloak And Dagger","floor":1.0},{"not_picked":["Setup","Choke","Bane"],"picked":"SKIP","floor":3},{"not_picked":["Terror","Choke","Flying Knee"],"picked":"SKIP","floor":6},{"not_picked":["PiercingWail","Slice"],"picked":"Acrobatics","floor":8},{"not_picked":["Masterful Stab","Choke"],"picked":"Dagger Spray","floor":12},{"not_picked":["Malaise","Doppelganger"],"picked":"Grand Finale","floor":16},{"not_picked":["Quick Slash","Slice"],"picked":"Backflip","floor":18},{"not_picked":["Flying Knee","Dash"],"picked":"Acrobatics+1","floor":21},{"not_picked":["Acrobatics","Caltrops"],"picked":"Eviscerate","floor":24},{"not_picked":["Slice","Underhanded Strike","Finisher"],"picked":"SKIP","floor":27},{"not_picked":["Die Die Die","Footwork","Outmaneuver"],"picked":"SKIP","floor":29},{"not_picked":["Quick Slash","Poisoned Stab"],"picked":"Prepared","floor":31}],"player_experience":880106,"relics_obtained":[{"floor":6,"key":"Darkstone Periapt"},{"floor":9,"key":"Vajra"},{"floor":24,"key":"Regal Pillow"},{"floor":26,"key":"Ninja Scroll"}],"event_choices":[{"cards_removed":["Strike_G"],"damage_healed":0,"gold_gain":0,"player_choice":"Forget","damage_taken":0,"max_hp_gain":0,"max_hp_loss":0,"event_name":"Living Wall","floor":2,"gold_loss":0},{"cards_removed":["Strike_G"],"damage_healed":0,"gold_gain":0,"player_choice":"Offered Basic","damage_taken":0,"max_hp_gain":0,"max_hp_loss":0,"event_name":"Bonfire Elementals","floor":4,"gold_loss":0},{"damage_healed":0,"gold_gain":0,"player_choice":"Rummage","damage_taken":0,"relics_obtained":["WarpedTongs"],"max_hp_gain":0,"max_hp_loss":0,"event_name":"Accursed Blacksmith","floor":11,"gold_loss":0,"cards_obtained":["Pain"]},{"damage_healed":0,"gold_gain":75,"player_choice":"Gather Gold","damage_taken":11,"max_hp_gain":0,"max_hp_loss":0,"event_name":"World of Goop","floor":14,"gold_loss":0},{"damage_healed":0,"gold_gain":0,"player_choice":"Upgraded","damage_taken":0,"max_hp_gain":0,"max_hp_loss":0,"event_name":"Upgrade Shrine","floor":20,"gold_loss":0,"cards_upgraded":["Acrobatics"]},{"damage_healed":0,"gold_gain":0,"player_choice":"Obtained Relic","damage_taken":0,"relics_obtained":["Turnip"],"max_hp_gain":0,"max_hp_loss":0,"event_name":"Addict","floor":28,"gold_loss":85}],"is_beta":false,"boss_relics":[{"not_picked":["Ectoplasm","Velvet Choker"],"picked":"Cursed Key"}],"items_purged_floors":[13,19],"is_endless":false,"potions_floor_spawned":[3,6,12,18,21],"killed_by":"Automaton","ascension_level":20}}