{"host":"mw3dmj42qtkbha4b","time":1612251350,"event":{"mods":["BaseMod","Colored Map","Colored Powertips","DeckTracker","Minty Spire (QoL Compilation)","StSLib","SuperFastMode"],"gold_per_floor":[12,25,25,40,40,83,95,107,107],"floor_reached":8,"language":"KOR","playtime":239,"items_purged":[],"score":112,"play_id":"816f5692-e1c2-464a-8c2d-534271f603be","local_time":"20210202163550","is_ascension_mode":true,"campfire_choices":[],"circlet_count":0,"master_deck":["AscendersBane","Strike_P","Strike_P","Strike_P","Strike_P","Defend_P","Defend_P","Defend_P","Defend_P","Eruption+1","Vigilance"],"relics":["PureWater","Golden Idol","MawBank","Question Card"],"acts_visited":["Exordium"],"potions_floor_usage":[],"damage_taken":[{"damage":2.0,"enemies":"2 Louse","floor":1.0,"turns":3.0},{"damage":5.0,"enemies":"Small Slimes","floor":2.0,"turns":4.0},{"damage":4.0,"enemies":"Jaw Worm","floor":4.0,"turns":3.0},{"damage":23.0,"enemies":"3 Sentries","floor":6.0,"turns":7.0},{"damage":36,"enemies":"Gremlin Nob","floor":8,"turns":3}],"seed_played":"2676873108611706246","potions_obtained":[{"floor":1.0,"key":"SkillPotion"},{"floor":4.0,"key":"Block Potion"}],"is_trial":false,"path_per_floor":["M","M","?","M","?","E","?","E"],"character_chosen":"WATCHER","items_purchased":[],"campfire_rested":0,"item_purchase_floors":[],"current_hp_per_floor":[71,66,38,34,34,11,11,0,0],"gold":107,"neow_bonus":"TWENTY_PERCENT_HP_BONUS","is_daily":false,"chose_seed":false,"campfire_upgraded":0,"win_rate":0.0,"timestamp":1612251350,"path_taken":["M","M","?","M","?","E","?","E"],"items_purchased_type":[],"build_version":"2020-12-22","purchased_purges":0,"victory":false,"max_hp_per_floor":[80,80,80,80,80,80,80,80,80],"card_choices":[{"not_picked":["FollowUp","Meditate","JustLucky"],"picked":"SKIP","floor":1.0},{"not_picked":["Weave","JustLucky","Wallop"],"picked":"SKIP","floor":2.0},{"not_picked":["BowlingBash","Protect","Pray"],"picked":"SKIP","floor":4.0},{"not_picked":["Establishment","SashWhip","EmptyMind"],"picked":"SKIP","floor":6.0}],"player_experience":1781122,"relics_obtained":[{"floor":6.0,"key":"MawBank"}],"event_choices":[{"damage_healed":0.0,"max_hp_gain":0.0,"max_hp_loss":0.0,"gold_gain":0.0,"event_name":"Golden Idol","player_choice":"Take Damage","floor":3.0,"gold_loss":0.0,"damage_taken":28.0,"relics_obtained":["Golden Idol"]},{"damage_healed":0.0,"max_hp_gain":0.0,"max_hp_loss":0.0,"gold_gain":0.0,"event_name":"Living Wall","player_choice":"Grow","floor":5.0,"gold_loss":0.0,"damage_taken":0.0,"cards_upgraded":["Eruption"]},{"damage_healed":0,"gold_gain":0,"player_choice":"Searched \u00271\u0027 times","damage_taken":0,"relics_obtained":["Question Card"],"max_hp_gain":0,"max_hp_loss":0,"event_name":"Dead Adventurer","floor":7,"gold_loss":0}],"is_beta":false,"boss_relics":[],"items_purged_floors":[],"is_endless":false,"potions_floor_spawned":[1,4],"killed_by":"Gremlin Nob","ascension_level":20}}