{"host":"am0cr9xwekqmrere","time":1612293721,"event":{"mods":["AchievementEnabler","Act Like it!","BaseMod","Better Altar","Better Match","Better Note","Better Sensory Stone","Better Skull","Better Third Choice","BetterRewards","Conspire","Downfall","Hubris","Infinite Spire","Minty Spire (QoL Compilation)","Rare Cards Sparkle","Spicy Shops","StSLib","Unceasing Turn Reminder"],"gold_per_floor":[99,9,9,9,28,28,52,172,299,474,492,503,303,303,320,415,415,415,425,425,441,441,441,441,21,21,39,24,109,9,209,219,219,219,219],"floor_reached":33,"language":"ENG","playtime":1455,"items_purged":[],"score":243,"play_id":"ed5d29bd-ee9e-42f6-a0b1-e8d5747ed415","local_time":"20210202132201","is_ascension_mode":false,"campfire_choices":[{"floor":1.0,"key":"RECALL"},{"floor":6.0,"key":"REST"},{"data":"champ:Taunt","floor":6.0,"key":"SMITH"},{"floor":13.0,"key":"REST"},{"floor":13.0,"key":"DIG"},{"data":"champ:DefensiveStyle","floor":18.0,"key":"SMITH"},{"floor":23.0,"key":"REST"},{"data":"champ:FocusedBerserking","floor":23.0,"key":"SMITH"},{"data":"champ:HeartStrike","floor":26.0,"key":"SMITH"},{"floor":30.0,"key":"REST"},{"floor":30.0,"key":"DIG"}],"circlet_count":0,"master_deck":["champ:Strike","champ:Strike","champ:Strike","champ:Defend","champ:Defend","champ:Defend","champ:Defend","champ:Execute","champ:Taunt+1","Clumsy","champ:BerserkersShout","champ:DefensiveStyle+1","champ:Duel","champ:FocusedBerserking+1","champ:VampiricStrike","Doubt","champ:TornadoPunch","champ:Backstep","champ:HeartStrike+1","champ:FanOfKnives","champ:SwordThrow","champ:EnragedBash+1","champ:PreciseThrust","infinitespire:Starlight","champ:DeathBlow","champ:ShieldWall+1","champ:SkillfulDodge","champ:DefensiveShout"],"relics":["champ:ChampionCrown","infinitespire:Magic Flask","hubris:Icosahedron","Smiling Mask","Shovel","downfall:HeartBlessingRed","downfall:HeartBlessingGreen","Gremlin Horn","hubris:Stopwatch","Pen Nib","Black Star","Mummified Hand","champ:BerserkersGuideToSlaughter","downfall:HeartBlessingBlue","Molten Egg 2"],"acts_visited":["Exordium","TheCity"],"potions_floor_usage":[33],"damage_taken":[{"damage":20.0,"enemies":"downfall:FleeingMerchant","floor":2.0,"turns":4.0},{"damage":37.0,"enemies":"Small Slimes","floor":5.0,"turns":5.0},{"damage":25.0,"enemies":"2 Louse","floor":8.0,"turns":4.0},{"damage":61.0,"enemies":"Lagavulin","floor":9.0,"turns":5.0},{"damage":15.0,"enemies":"Jaw Worm","floor":11.0,"turns":4.0},{"damage":48.0,"enemies":"Exordium Wildlife","floor":12.0,"turns":5.0},{"damage":13.0,"enemies":"3 Louse","floor":15.0,"turns":3.0},{"damage":112.0,"enemies":"DF_ARCHETYPE_STREAMLINE","floor":16.0,"turns":7.0},{"damage":20.0,"enemies":"Chosen","floor":19.0,"turns":4.0},{"damage":55.0,"enemies":"Shell Parasite","floor":21.0,"turns":5.0},{"damage":35.0,"enemies":"downfall:FleeingMerchant","floor":25.0,"turns":4.0},{"damage":79.0,"enemies":"Shelled Parasite and Fungi","floor":27.0,"turns":6.0},{"damage":25.0,"enemies":"downfall:FleeingMerchant","floor":28.0,"turns":4.0},{"damage":44,"enemies":"Snake Plant","floor":32,"turns":4},{"damage":89,"enemies":"SI_MIRROR_ARCHETYPE","floor":33,"turns":10}],"seed_played":"5425025468135174618","potions_obtained":[{"floor":5.0,"key":"sneckomod:MuddlingPotion"},{"floor":8.0,"key":"Swift Potion"},{"floor":9.0,"key":"champ:TechniquePotion"},{"floor":12.0,"key":"FearPotion"},{"floor":16.0,"key":"SneckoOil"},{"floor":19.0,"key":"LiquidBronze"}],"is_trial":false,"path_per_floor":["R","$","?","?","M","R","T","M","E","?","M","M","R","?","M","B",null,"R","M","?","M","AVR","R","T","$","R","M","$","?","R","?","M","B"],"character_chosen":"THE_CHAMP","items_purchased":["champ:DefensiveStyle","Mummified Hand","champ:BerserkersGuideToSlaughter"],"campfire_rested":4,"item_purchase_floors":[2,25,25],"current_hp_per_floor":[90,90,90,90,78,90,90,90,79,79,79,46,73,73,70,38,90,90,90,90,65,65,90,90,90,90,56,46,28,68,68,59,0,0,0],"gold":219,"neow_bonus":"ONE_RARE_RELIC","is_daily":false,"chose_seed":false,"campfire_upgraded":4,"win_rate":0.0,"timestamp":1612293721,"path_taken":["R","$","?","?","M","R","T","M","E","?","?","M","R","?","M","BOSS","R","M","?","M","AVR","R","T","$","R","M","$","?","R","?","M","BOSS"],"items_purchased_type":["Card","Relic","Relic"],"build_version":"2020-12-22","purchased_purges":0,"victory":false,"max_hp_per_floor":[90,90,90,90,90,90,90,90,90,90,90,90,90,90,90,90,90,90,90,90,90,90,90,90,90,90,90,90,90,100,100,100,100,100,100],"card_choices":[{"not_picked":["champ:BladeFlurry","champ:CrownThrow"],"picked":"champ:BerserkersShout","floor":2.0},{"not_picked":["champ:StanceDance","champ:FanOfKnives"],"picked":"champ:Duel","floor":5.0},{"not_picked":["champ:FanOfKnives","champ:Circumvent"],"picked":"champ:FocusedBerserking","floor":8.0},{"not_picked":["champ:AdrenalArmor","champ:BladeFlurry"],"picked":"champ:VampiricStrike","floor":9.0},{"not_picked":["champ:EnGarde","champ:GutPunch"],"picked":"champ:TornadoPunch","floor":11.0},{"not_picked":["champ:Circumvent","champ:RapidStrikes"],"picked":"champ:Backstep","floor":12.0},{"not_picked":["champ:FlashCut","champ:GladiatorStyle"],"picked":"champ:FanOfKnives","floor":15.0},{"not_picked":["champ:ShieldThrow","champ:HeavySlash"],"picked":"champ:SwordThrow","floor":16.0},{"not_picked":["champ:Backstep","champ:FancyFootwork+1"],"picked":"champ:EnragedBash+1","floor":19.0},{"not_picked":["champ:RapidStrikes","champ:Parry"],"picked":"champ:PreciseThrust","floor":21.0},{"not_picked":["champ:GutPunch","champ:Circumvent+1"],"picked":"champ:DeathBlow","floor":25.0},{"not_picked":["champ:FancyFootwork","champ:Haymaker"],"picked":"champ:ShieldWall+1","floor":27.0},{"not_picked":["champ:PerfectedStrike","champ:SteelEdge"],"picked":"champ:SkillfulDodge","floor":28.0},{"not_picked":["champ:CrownThrow+1","champ:PreciseThrust+1"],"picked":"champ:DefensiveShout","floor":32}],"player_experience":2710105,"relics_obtained":[{"floor":7.0,"key":"Smiling Mask"},{"floor":9.0,"key":"Shovel"},{"floor":13.0,"key":"Gremlin Horn"},{"floor":30.0,"key":"Molten Egg 2"}],"event_choices":[{"damage_healed":0.0,"max_hp_gain":0.0,"max_hp_loss":0.0,"gold_gain":0.0,"event_name":"conspire:LoneGhost","player_choice":"Disagree","floor":3.0,"gold_loss":0.0,"damage_taken":0.0},{"cards_removed":["champ:DefensiveStyle"],"damage_healed":0.0,"max_hp_gain":0.0,"max_hp_loss":0.0,"gold_gain":0.0,"event_name":"betterNote:BetterNote","player_choice":"Give","floor":20.0,"gold_loss":0.0,"damage_taken":0.0,"cards_obtained":["Study"]}],"is_beta":false,"boss_relics":[{"not_picked":["hubris:TerracottaHorce","conspire:SlowCooker"],"picked":"hubris:Stopwatch"}],"items_purged_floors":[],"is_endless":false,"potions_floor_spawned":[5,8,9,12,16,19],"killed_by":"SI_MIRROR_ARCHETYPE","ascension_level":0}}