{"host":"jczpfntkj7lke2b5","time":1612283725,"event":{"mods":["2.2 Compatiblity","AchievementEnabler","BaseMod","Block Reminder","Colored Map","Colored Powertips","Highlight Path","Minty Spire (QoL Compilation)","Permanent Neow","Random Character Button","Random Character Mod","Rare Cards Sparkle","Relic Stats","Remove Card Discount Mod","Shop Mod","StSLib"],"gold_per_floor":[118,49113,49127,49127,49141,49174,49134,49152,49152,49171,48725,48758,48758,48771,48771,48866,48916,48935,48935,47909,47925,47939,47974,47994,48020,48066,47337,47337,47337,47350,47377,47377,47478,47478,47489,46594,46610,45711,45727,45765,45765,45791,45814,45854,45908,45908,45908,45908,45908,45908,45908,45908,45018,45055,45055],"floor_reached":56,"language":"ENG","playtime":5200,"items_purged":["Defend_G","Defend_G","Strike_G","Strike_G","Strike_G","Strike_G","Strike_G","Defend_G","Defend_G","Defend_G"],"score":1683,"play_id":"dbcacf8b-655f-468d-bfac-fd82b3438eb4","local_time":"20210202173525","is_ascension_mode":true,"campfire_choices":[{"data":"Crippling Poison","floor":13,"key":"SMITH"},{"data":"Acrobatics","floor":15,"key":"SMITH"},{"data":"Noxious Fumes","floor":32,"key":"SMITH"},{"data":"Backflip","floor":41,"key":"SMITH"},{"floor":46,"key":"RECALL"},{"floor":49,"key":"REST"},{"floor":52,"key":"REST"}],"circlet_count":0,"master_deck":["Survivor+1","Neutralize+1","Cloak And Dagger+1","Endless Agony+1","Dagger Throw+1","Crippling Poison+1","PiercingWail+1","Infinite Blades+1","Noxious Fumes+1","Infinite Blades+1","Acrobatics+1","Flechettes+1","Choke+1","Slice+1","Masterful Stab+1","Deadly Poison+1","Catalyst+1","Accuracy+1","Dodge and Roll+1","Backflip+1","A Thousand Cuts+1","Blade Dance+1","Poisoned Stab+1","Sucker Punch+1","Underhanded Strike+1","Adrenaline+1","Well Laid Plans+1","Heel Hook+1","Dodge and Roll+1","Distraction+1","Dodge and Roll+1","Quick Slash+1","Die Die Die+1","Slice+1","Infinite Blades+1","Reflex+1","Prepared+1","Cloak And Dagger+1","Deadly Poison+1","Glass Knife+1","Deflect+1","Dagger Spray+1","Dagger Throw+1","Distraction+1","PiercingWail+1","Caltrops+1","Violence+1","Poisoned Stab+1","Quick Slash+1","Poisoned Stab+1","Phantasmal Killer+1","Backflip+1","Caltrops+1","Backflip+1","Bane+1","Terror+1","Noxious Fumes+1","Acrobatics+1","Crippling Poison+1","Dodge and Roll+1","Quick Slash+1","Dodge and Roll+1","Catalyst+1","Riddle With Holes","Die Die Die","Deadly Poison+1","Accuracy","Acrobatics+1"],"relics":["Ring of the Snake","Bottled Lightning","HandDrill","MerchantsRug","Medical Kit","Darkstone Periapt","Tiny House","Toxic Egg 2","Ninja Scroll","Pen Nib","Sundial","Strawberry","Omamori","Frozen Eye","Kunai","Juzu Bracelet","Calling Bell","Snake Skull","Paper Crane","WingedGreaves","Mercury Hourglass","PreservedInsect","Question Card","Cauldron","CeramicFish","Toy Ornithopter","Bottled Flame","Turnip","Mark of the Bloom","Bronze Scales","Orichalcum","Orrery","Pear"],"acts_visited":["Exordium","TheCity","TheBeyond","TheEnding"],"potions_floor_usage":[16,16,16,16,16,24,33,33,33,33,33,50,50,50,50,50,55,55,55],"damage_taken":[{"damage":0,"enemies":"Jaw Worm","floor":1,"turns":3},{"damage":0,"enemies":"Small Slimes","floor":3,"turns":2},{"damage":0,"enemies":"Cultist","floor":5,"turns":3},{"damage":21,"enemies":"Gremlin Nob","floor":6,"turns":4},{"damage":0,"enemies":"Exordium Thugs","floor":8,"turns":3},{"damage":0,"enemies":"3 Louse","floor":10,"turns":3},{"damage":4,"enemies":"3 Sentries","floor":12,"turns":4},{"damage":0,"enemies":"Exordium Wildlife","floor":14,"turns":1},{"damage":0,"enemies":"The Guardian","floor":16,"turns":4},{"damage":0,"enemies":"Shell Parasite","floor":18,"turns":2},{"damage":0,"enemies":"Spheric Guardian","floor":21,"turns":1},{"damage":0,"enemies":"Snecko","floor":22,"turns":2},{"damage":16,"enemies":"Gremlin Leader","floor":23,"turns":4},{"damage":2,"enemies":"Cultist and Chosen","floor":24,"turns":3},{"damage":3,"enemies":"Slavers","floor":25,"turns":3},{"damage":0,"enemies":"Centurion and Healer","floor":30,"turns":2},{"damage":19,"enemies":"Gremlin Leader","floor":31,"turns":4},{"damage":7,"enemies":"Automaton","floor":33,"turns":4},{"damage":25,"enemies":"3 Shapes","floor":35,"turns":2},{"damage":0,"enemies":"Orb Walker","floor":37,"turns":2},{"damage":0,"enemies":"4 Shapes","floor":39,"turns":3},{"damage":9,"enemies":"Nemesis","floor":40,"turns":3},{"damage":0,"enemies":"Writhing Mass","floor":42,"turns":3},{"damage":0,"enemies":"Giant Head","floor":44,"turns":5},{"damage":4,"enemies":"2 Orb Walkers","floor":45,"turns":3},{"damage":10,"enemies":"Awakened One","floor":50,"turns":6},{"damage":0,"enemies":"Shield and Spear","floor":54,"turns":2},{"damage":24,"enemies":"The Heart","floor":55,"turns":5}],"seed_played":"3177133563297376619","potions_obtained":[{"floor":1,"key":"Strength Potion"},{"floor":3,"key":"Weak Potion"},{"floor":5,"key":"FearPotion"},{"floor":7,"key":"Block Potion"},{"floor":7,"key":"Block Potion"},{"floor":17,"key":"Fruit Juice"},{"floor":22,"key":"DuplicationPotion"},{"floor":23,"key":"Fire Potion"},{"floor":30,"key":"Ancient Potion"},{"floor":33,"key":"Fire Potion"},{"floor":37,"key":"LiquidMemories"},{"floor":38,"key":"LiquidBronze"},{"floor":38,"key":"EssenceOfSteel"},{"floor":38,"key":"GhostInAJar"},{"floor":42,"key":"Block Potion"}],"is_trial":false,"path_per_floor":["M","$","M","?","M","E","?","M","T","M","$","E","R","M","R","B",null,"M","?","$","M","M","E","M","E","T","$","T","?","M","E","R","B",null,"M","$","M","$","M","E","R","M","T","E","?","R","?","?","R","B",null,"R","$","E","B",null],"character_chosen":"THE_SILENT","items_purchased":["Bottled Lightning","Potion Belt","HandDrill","Endless Agony","Dagger Throw","Crippling Poison","PiercingWail","Infinite Blades","MerchantsRug","Medical Kit","Slice","Masterful Stab","Deadly Poison","Catalyst","Accuracy","Toxic Egg 2","Ninja Scroll","Sucker Punch","Underhanded Strike","Adrenaline+1","Well Laid Plans","Weak Potion","LiquidMemories","DuplicationPotion","Omamori","Frozen Eye","SkillPotion","Die Die Die","Slice","Infinite Blades","Reflex+1","Prepared+1","Mercury Hourglass","FearPotion","FairyPotion","SkillPotion","Dagger Spray","Dagger Throw","Distraction+1","PiercingWail+1","Caltrops","Violence+1","Quick Slash","Poisoned Stab","Phantasmal Killer+1","Backflip+1","Caltrops","PreservedInsect","Question Card","Cauldron","Bronze Scales","Orichalcum","Orrery","Riddle With Holes","Die Die Die","Deadly Poison+1","Accuracy","EssenceOfSteel","SneckoOil","EssenceOfSteel"],"campfire_rested":2,"item_purchase_floors":[2,2,2,2,2,2,2,2,2,11,11,11,11,11,11,20,20,20,20,20,20,20,20,20,27,27,27,27,27,27,27,27,36,36,36,36,36,36,36,36,36,36,38,38,38,38,38,38,38,38,53,53,53,53,53,53,53,53,53,53],"current_hp_per_floor":[70,70,70,70,70,170,170,170,170,170,170,166,166,166,166,166,175,175,158,158,158,158,142,145,142,149,149,149,149,149,130,130,123,187,162,162,162,162,162,153,153,153,153,153,149,149,149,149,149,139,139,139,139,139,115],"gold":45055,"neow_bonus":"UPGRADE_CARD","is_daily":false,"chose_seed":false,"campfire_upgraded":4,"win_rate":0.0,"timestamp":1612283725,"path_taken":["M","$","M","?","M","E","?","M","T","M","$","E","R","M","R","BOSS","M","?","$","M","M","E","M","E","T","$","?","?","M","E","R","BOSS","M","$","M","$","M","E","R","M","T","E","?","R","?","?","R","BOSS","R","$","E","BOSS"],"items_purchased_type":["Relic","Relic","Relic","Card","Card","Card","Card","Card","Relic","Relic","Card","Card","Card","Card","Card","Relic","Relic","Card","Card","Card","Card","Potion","Potion","Potion","Relic","Relic","Potion","Card","Card","Card","Card","Card","Relic","Potion","Potion","Potion","Card","Card","Card","Card","Card","Card","Card","Card","Card","Card","Card","Relic","Relic","Relic","Relic","Relic","Relic","Card","Card","Card","Card","Potion","Potion","Potion"],"build_version":"2020-12-13","purchased_purges":10,"victory":true,"max_hp_per_floor":[70,70,70,70,70,170,170,170,170,170,170,170,170,170,170,170,175,175,175,175,175,175,175,180,180,187,187,187,187,187,187,187,187,187,187,187,187,187,187,187,187,187,187,187,187,187,187,187,187,187,187,187,187,197,197],"relic_stats":{"Darkstone Periapt":0,"Mark of the Bloom":349,"counters":[28,85],"CeramicFish":126,"Pen Nib":[28],"Snake Skull":[58],"PreservedInsect":240,"Juzu Bracelet":1,"Orichalcum":[12],"Medical Kit":[2],"Question Card":12,"Mercury Hourglass":[125],"Sundial":[0],"Bronze Scales":[39],"Turnip":[2],"HandDrill":[40],"Kunai":[69],"obtain_stats":[{"Darkstone Periapt":12,"Mark of the Bloom":48,"Tiny House":17,"CeramicFish":40,"Snake Skull":34,"Juzu Bracelet":31,"Frozen Eye":27,"Ninja Scroll":20,"Sundial":25,"Strawberry":26,"WingedGreaves":34,"HandDrill":2,"Kunai":28,"Toxic Egg 2":20,"Ring of the Snake":0,"Potion Belt":2,"MerchantsRug":2,"Pear":54,"Pen Nib":23,"PreservedInsect":38,"Omamori":27,"Paper Crane":34,"Orichalcum":53,"Medical Kit":11,"Question Card":38,"Mercury Hourglass":36,"Calling Bell":34,"Cauldron":38,"Bottled Flame":44,"Bronze Scales":53,"Orrery":53,"Turnip":45,"Bottled Lightning":2,"Toy Ornithopter":43},{"Darkstone Periapt":7,"Mark of the Bloom":25,"Tiny House":9,"CeramicFish":22,"Snake Skull":18,"Juzu Bracelet":17,"Frozen Eye":15,"Ninja Scroll":10,"Sundial":15,"Strawberry":15,"WingedGreaves":18,"HandDrill":1,"Kunai":15,"Toxic Egg 2":10,"Ring of the Snake":0,"Potion Belt":1,"MerchantsRug":1,"Pear":27,"Pen Nib":13,"PreservedInsect":20,"Omamori":15,"Paper Crane":18,"Orichalcum":26,"Medical Kit":6,"Question Card":20,"Mercury Hourglass":19,"Calling Bell":18,"Cauldron":20,"Bottled Flame":24,"Bronze Scales":26,"Orrery":26,"Turnip":25,"Bottled Lightning":1,"Toy Ornithopter":23},{"Darkstone Periapt":22,"Mark of the Bloom":72,"Tiny House":27,"CeramicFish":61,"Snake Skull":52,"Juzu Bracelet":48,"Frozen Eye":42,"Ninja Scroll":29,"Sundial":42,"Strawberry":42,"WingedGreaves":52,"HandDrill":3,"Kunai":42,"Toxic Egg 2":29,"Ring of the Snake":0,"Potion Belt":3,"MerchantsRug":3,"Pear":80,"Pen Nib":36,"PreservedInsect":56,"Omamori":42,"Paper Crane":52,"Orichalcum":78,"Medical Kit":18,"Question Card":56,"Mercury Hourglass":54,"Calling Bell":52,"Cauldron":56,"Bottled Flame":69,"Bronze Scales":78,"Orrery":78,"Turnip":72,"Bottled Lightning":3,"Toy Ornithopter":64}],"Toy Ornithopter":0,"Ring of the Snake":[56]},"card_choices":[{"not_picked":["Sucker Punch","Slice"],"picked":"Cloak And Dagger","floor":1},{"not_picked":["Blade Dance","Backflip"],"picked":"Noxious Fumes","floor":3},{"not_picked":["All Out Attack","Heel Hook"],"picked":"Infinite Blades","floor":5},{"not_picked":["PiercingWail","Storm of Steel"],"picked":"Acrobatics","floor":6},{"not_picked":["Footwork","Calculated Gamble"],"picked":"Flechettes","floor":8},{"not_picked":["Outmaneuver","Predator"],"picked":"Choke","floor":10},{"not_picked":["PiercingWail","Endless Agony"],"picked":"Dodge and Roll","floor":12},{"not_picked":["Underhanded Strike","Deadly Poison"],"picked":"Backflip","floor":14},{"not_picked":["Storm of Steel","Tools of the Trade"],"picked":"A Thousand Cuts","floor":16},{"not_picked":["Predator","Dodge and Roll"],"picked":"Blade Dance","floor":17},{"not_picked":["Acrobatics","Deadly Poison"],"picked":"Poisoned Stab","floor":18},{"not_picked":["Footwork","Prepared+1"],"picked":"Heel Hook+1","floor":21},{"not_picked":["Prepared+1","Deflect+1"],"picked":"Dodge and Roll+1","floor":22},{"not_picked":["Tactician+1","Footwork"],"picked":"Distraction+1","floor":23},{"not_picked":["Endless Agony+1","Acrobatics+1"],"picked":"Dodge and Roll+1","floor":24},{"not_picked":["Venomology+1","Deflect+1"],"picked":"Quick Slash+1","floor":25},{"not_picked":["Underhanded Strike","Prepared+1"],"picked":"Cloak And Dagger+1","floor":30},{"not_picked":["Tactician+1","Masterful Stab"],"picked":"Deadly Poison+1","floor":31},{"not_picked":["Unload","Adrenaline+1"],"picked":"Glass Knife","floor":33},{"not_picked":["Cloak And Dagger+1","Flying Knee"],"picked":"Deflect+1","floor":35},{"not_picked":["Dodge and Roll+1","Quick Slash"],"picked":"Poisoned Stab","floor":37},{"not_picked":["Prepared+1","Outmaneuver+1","Deadly Poison+1"],"picked":"Backflip+1","floor":39},{"not_picked":["Outmaneuver+1","Finisher","Flechettes+1"],"picked":"Bane+1","floor":40},{"not_picked":["Quick Slash+1","Dagger Throw","Malaise+1"],"picked":"Terror+1","floor":42},{"not_picked":["Outmaneuver+1","Well Laid Plans+1","Sucker Punch+1"],"picked":"Noxious Fumes","floor":44},{"not_picked":["Finisher+1","Choke+1","Escape Plan+1"],"picked":"Acrobatics+1","floor":45},{"not_picked":["Flying Knee","Expertise+1","PiercingWail+1"],"picked":"Crippling Poison+1","floor":53},{"not_picked":["Prepared+1","Caltrops","Eviscerate"],"picked":"Dodge and Roll+1","floor":53},{"not_picked":["PiercingWail+1","Acrobatics+1","Eviscerate+1"],"picked":"Quick Slash+1","floor":53},{"not_picked":["Dagger Throw","Wraith Form v2","Masterful Stab+1"],"picked":"Dodge and Roll+1","floor":53},{"not_picked":["Bane+1","Poisoned Stab+1","Eviscerate"],"picked":"Catalyst+1","floor":53},{"not_picked":["Endless Agony","Deflect+1","Terror+1"],"picked":"Acrobatics+1","floor":54}],"player_experience":86968,"relics_obtained":[{"floor":12,"key":"Darkstone Periapt"},{"floor":23,"key":"Pen Nib"},{"floor":25,"key":"Sundial"},{"floor":26,"key":"Strawberry"},{"floor":28,"key":"Kunai"},{"floor":31,"key":"Juzu Bracelet"},{"floor":34,"key":"Snake Skull"},{"floor":34,"key":"Paper Crane"},{"floor":34,"key":"WingedGreaves"},{"floor":40,"key":"CeramicFish"},{"floor":43,"key":"Toy Ornithopter"},{"floor":44,"key":"Bottled Flame"},{"floor":45,"key":"Turnip"},{"floor":54,"key":"Pear"}],"event_choices":[{"damage_healed":0,"gold_gain":0,"player_choice":"Ignored","damage_taken":0,"max_hp_gain":0,"max_hp_loss":0,"event_name":"Golden Idol","floor":4,"gold_loss":0},{"damage_healed":0,"gold_gain":0,"player_choice":"Bought 3 Potions","damage_taken":0,"max_hp_gain":0,"max_hp_loss":0,"event_name":"The Woman in Blue","floor":7,"gold_loss":0},{"damage_healed":0,"gold_gain":0,"player_choice":"Damaged","damage_taken":17,"max_hp_gain":0,"max_hp_loss":0,"event_name":"Wheel of Change","floor":19,"gold_loss":0},{"damage_healed":0,"gold_gain":0,"player_choice":"Ignored","damage_taken":0,"max_hp_gain":0,"max_hp_loss":0,"event_name":"Ghosts","floor":29,"gold_loss":0},{"damage_healed":0,"gold_gain":0,"player_choice":"Fight","damage_taken":0,"max_hp_gain":0,"max_hp_loss":0,"event_name":"Mysterious Sphere","floor":45,"gold_loss":0},{"damage_healed":0,"gold_gain":0,"player_choice":"Ignored","damage_taken":0,"max_hp_gain":0,"max_hp_loss":0,"event_name":"SecretPortal","floor":47,"gold_loss":0},{"damage_healed":0,"gold_gain":0,"player_choice":"Upgrade","damage_taken":0,"relics_obtained":["Mark of the Bloom"],"max_hp_gain":0,"max_hp_loss":0,"event_name":"MindBloom","floor":48,"gold_loss":0,"cards_upgraded":["Survivor","Cloak And Dagger","Endless Agony","Dagger Throw","PiercingWail","Infinite Blades","Infinite Blades","Flechettes","Choke","Slice","Deadly Poison","Catalyst","Accuracy","Dodge and Roll","A Thousand Cuts","Blade Dance","Poisoned Stab","Sucker Punch","Underhanded Strike","Well Laid Plans","Die Die Die","Slice","Infinite Blades","Glass Knife","Dagger Spray","Dagger Throw","Caltrops","Poisoned Stab","Quick Slash","Poisoned Stab","Caltrops","Noxious Fumes"]}],"is_beta":false,"boss_relics":[{"not_picked":["Runic Pyramid","Cursed Key"],"picked":"Tiny House"},{"not_picked":["Fusion Hammer","Ring of the Serpent"],"picked":"Calling Bell"}],"items_purged_floors":[11,11,11,11,11,11,11,11,11,11],"is_endless":false,"potions_floor_spawned":[1,3,5,10,22,23,30,33,37,39,42,45],"ascension_level":2}}