{"host":"v54ek091sdz7ha6h","time":1612293131,"event":{"mods":["BaseMod","Better Vampires","Colored Map","Colored Powertips","DeckTracker","Highlight Path","KOR Keyword Fix","Minty Spire (QoL Compilation)","Rare Cards Sparkle","Relic Stats","StSLib","SuperFastMode"],"gold_per_floor":[117,132,132,207,41,72,72,72,72],"floor_reached":8,"language":"KOR","playtime":219,"items_purged":[],"score":108,"play_id":"a198c982-55e6-484b-8405-5a8e0e147987","local_time":"20210203041211","is_ascension_mode":true,"campfire_choices":[{"data":"Whirlwind","floor":7.0,"key":"SMITH"}],"circlet_count":0,"master_deck":["AscendersBane","Strike_R","Strike_R","Strike_R","Strike_R","Strike_R","Defend_R","Defend_R","Defend_R","Defend_R","Bash","Pommel Strike","Whirlwind+1","Flame Barrier"],"relics":["Burning Blood","HandDrill","Sundial"],"acts_visited":["Exordium"],"potions_floor_usage":[],"damage_taken":[{"damage":11.0,"enemies":"Jaw Worm","floor":1.0,"turns":6.0},{"damage":0.0,"enemies":"2 Louse","floor":2.0,"turns":3.0},{"damage":30.0,"enemies":"3 Sentries","floor":6.0,"turns":6.0},{"damage":38,"enemies":"Lagavulin","floor":8,"turns":6}],"seed_played":"-4605133203785167238","potions_obtained":[{"floor":1.0,"key":"Explosive Potion"}],"is_trial":false,"path_per_floor":["M","M","?","?","$","E","R","E"],"character_chosen":"IRONCLAD","items_purchased":["HandDrill"],"campfire_rested":0,"item_purchase_floors":[5],"current_hp_per_floor":[45,51,56,45,45,21,21,0,0],"gold":72,"neow_bonus":"RANDOM_COLORLESS_2","is_daily":false,"chose_seed":false,"campfire_upgraded":1,"win_rate":0.0,"timestamp":1612293131,"path_taken":["M","M","?","?","$","E","R","E"],"items_purchased_type":["Relic"],"build_version":"2020-12-22","purchased_purges":0,"victory":false,"max_hp_per_floor":[75,75,80,80,80,80,80,80,80],"relic_stats":{"counters":[4,21],"Sundial":[0],"HandDrill":[2],"obtain_stats":[{"Sundial":6,"HandDrill":5,"Burning Blood":0},{"Sundial":3,"HandDrill":2,"Burning Blood":0},{"Sundial":15,"HandDrill":9,"Burning Blood":0}],"Burning Blood":18},"card_choices":[{"not_picked":["Panache","Magnetism"],"picked":"Transmutation","floor":0.0},{"not_picked":["True Grit","Headbutt"],"picked":"Pommel Strike","floor":1.0},{"not_picked":["Anger","Shrug It Off"],"picked":"Whirlwind","floor":2.0},{"not_picked":["Entrench","Thunderclap"],"picked":"Flame Barrier","floor":6.0}],"player_experience":1463414,"relics_obtained":[{"floor":6.0,"key":"Sundial"}],"event_choices":[{"damage_healed":0.0,"max_hp_gain":5.0,"max_hp_loss":0.0,"gold_gain":0.0,"event_name":"Big Fish","player_choice":"Donut","floor":3.0,"gold_loss":0.0,"damage_taken":0.0},{"damage_healed":0.0,"max_hp_gain":0.0,"max_hp_loss":0.0,"gold_gain":75.0,"event_name":"World of Goop","player_choice":"Gather Gold","floor":4.0,"gold_loss":0.0,"damage_taken":11.0}],"is_beta":false,"boss_relics":[],"items_purged_floors":[],"is_endless":false,"potions_floor_spawned":[1],"killed_by":"Lagavulin","ascension_level":20}}