{"host":"9mz6x6ekz95y53i5","time":1612291571,"event":{"mods":["AchievementEnabler","BaseMod","Downfall","Energized Spire","FoggyMod","Minty Spire (QoL Compilation)","Reliquary","Replay The Spire","Spicy Shops","StSLib","The Bug Knight","The Servant 0.9.4","¡¾ÒÅÎï¿¨ÅÆ¡¿REMEMod"],"gold_per_floor":[113,113,113,33,108,142,142,177,177,24,174,174,174,74,74,153,153,172,172,352,352,364,364,364,364,364,364,380,430,39,39,39,39,39],"floor_reached":33,"language":"ZHS","playtime":852,"items_purged":["Defend_G","Doubt","Languid"],"score":611,"play_id":"55f0da1d-af13-49e0-9efe-33684f6e254b","local_time":"20210203024611","is_ascension_mode":true,"campfire_choices":[{"data":"Hyperbeam","floor":12.0,"key":"SMITH"},{"data":"Noxious Fumes","floor":15.0,"key":"SMITH"},{"floor":23.0,"key":"REST"},{"floor":27,"key":"REST"},{"floor":32,"key":"DIG"}],"circlet_count":0,"master_deck":["AscendersBane","Strike_G","Strike_G","Strike_G","Defend_G","Defend_G","Defend_G","Defend_G","Survivor","Neutralize","Hyperbeam+1","Poisoned Stab","Noxious Fumes+1","Unload","Bullet Time","Backflip","Draining Mist","Acrobatics","Adrenaline","Grand Finale","Poisoned Stab","Hyperbeam+1"],"relics":["REME_ComplimentaryCards","NeowsBlessing","ReplayTheSpireMod:TigerMarble","Sizzling Blood","Medical Kit","Replay:Bottled Snecko","Counterbalance","reliquary:TuningFork","energizedSpire:OgreHead","Ring of Peace","ReplayTheSpireMod:Ring of Addiction","Toy Ornithopter","Chameleon Ring","Bird Faced Urn","Replay:Ringing Soul","Ice Cream"],"acts_visited":["Exordium","TheCity"],"potions_floor_usage":[28],"damage_taken":[{"damage":0.0,"enemies":"Jaw Worm","floor":1.0,"turns":1.0},{"damage":0.0,"enemies":"Gremlin Nob","floor":6.0,"turns":1.0},{"damage":0.0,"enemies":"Lagavulin","floor":8.0,"turns":1.0},{"damage":27.0,"enemies":"Slime Boss","floor":16.0,"turns":5.0},{"damage":34.0,"enemies":"3 Byrds","floor":18.0,"turns":4.0},{"damage":0.0,"enemies":"Chosen","floor":22.0,"turns":4.0},{"damage":12,"enemies":"Snake Plant","floor":28,"turns":4},{"damage":65,"enemies":"Automaton","floor":33,"turns":8}],"seed_played":"3409483087325066386","potions_obtained":[{"floor":6.0,"key":"Reflective Coating"},{"floor":7.0,"key":"Fire Potion"},{"floor":7.0,"key":"Milkshake"},{"floor":8.0,"key":"AttackPotion"},{"floor":18.0,"key":"Fire Potion"},{"floor":21.0,"key":"REME_GoldPotion"},{"floor":21.0,"key":"DistilledChaos"}],"is_trial":false,"path_per_floor":["M","?","?","$","?","E","M","E","T","$","?","R","M","$","R","B",null,"M","?","?","?","M","R","M","M","T","R","M","?","$","?","R","B"],"character_chosen":"THE_SILENT","items_purchased":["Medical Kit","reliquary:TuningFork","Replay:Ringing Soul"],"campfire_rested":2,"item_purchase_floors":[4,10,30],"current_hp_per_floor":[59,48,52,52,41,45,45,49,49,49,49,49,70,70,70,47,64,34,34,6,11,20,41,41,41,41,62,59,59,59,62,62,0,0],"gold":39,"neow_bonus":"THREE_ENEMY_KILL","is_daily":false,"chose_seed":false,"campfire_upgraded":2,"win_rate":0.0,"timestamp":1612291571,"path_taken":["M","?","?","$","?","E","?","E","T","?","?","R","?","$","R","BOSS","M","?","?","?","?","R","?","?","T","R","?","?","$","?","R","BOSS"],"items_purchased_type":["Relic","Relic","Relic"],"build_version":"2020-12-22","purchased_purges":3,"victory":false,"max_hp_per_floor":[66,66,70,70,70,70,70,70,70,70,70,70,70,70,70,70,70,70,70,70,70,70,70,70,70,70,70,68,68,68,71,69,69,69],"card_choices":[{"not_picked":["Slice","ReplayTheSpireMod:Speed Training"],"picked":"Poisoned Stab","floor":1.0},{"not_picked":["Acrobatics","Replay:Bag of Tricks"],"picked":"Noxious Fumes","floor":6.0},{"not_picked":["Deflect","Well Laid Plans"],"picked":"Unload","floor":8.0},{"not_picked":["Night Terror","Phantasmal Killer"],"picked":"Bullet Time","floor":16.0},{"not_picked":["Dodge and Roll","Flying Knee"],"picked":"Backflip","floor":18.0},{"not_picked":["PiercingWail","ReplayTheSpireMod:Shiv Toss"],"picked":"Draining Mist","floor":20.0},{"not_picked":["Flechettes","Slice"],"picked":"Acrobatics","floor":22.0},{"not_picked":["Phantasmal Killer","Sucker Punch"],"picked":"Poisoned Stab","floor":28}],"player_experience":213395,"relics_obtained":[{"floor":6.0,"key":"Replay:Bottled Snecko"},{"floor":8.0,"key":"Counterbalance"},{"floor":21.0,"key":"Ring of Peace"},{"floor":21.0,"key":"ReplayTheSpireMod:Ring of Addiction"},{"floor":21.0,"key":"Toy Ornithopter"},{"floor":21.0,"key":"Chameleon Ring"},{"floor":26,"key":"Bird Faced Urn"},{"floor":32,"key":"Ice Cream"}],"event_choices":[{"damage_healed":0.0,"max_hp_gain":0.0,"max_hp_loss":0.0,"gold_gain":0.0,"event_name":"Scrap Ooze","player_choice":"Success","floor":2.0,"gold_loss":0.0,"damage_taken":11.0,"relics_obtained":["ReplayTheSpireMod:TigerMarble"]},{"damage_healed":0.0,"max_hp_gain":0.0,"max_hp_loss":0.0,"gold_gain":75.0,"event_name":"World of Goop","player_choice":"Gather Gold","floor":5.0,"gold_loss":0.0,"damage_taken":11.0},{"damage_healed":0.0,"max_hp_gain":0.0,"max_hp_loss":0.0,"gold_gain":0.0,"event_name":"Lab","player_choice":"Got Potions","floor":7.0,"gold_loss":0.0,"damage_taken":0.0},{"damage_healed":0.0,"max_hp_gain":0.0,"max_hp_loss":0.0,"gold_gain":150.0,"event_name":"Liars Game","player_choice":"AGREE","floor":11.0,"gold_loss":0.0,"damage_taken":0.0,"cards_obtained":["Doubt"]},{"damage_healed":23.0,"max_hp_gain":0.0,"max_hp_loss":0.0,"gold_gain":0.0,"event_name":"Big Fish","player_choice":"Banana","floor":13.0,"gold_loss":0.0,"damage_taken":0.0},{"damage_healed":0.0,"max_hp_gain":0.0,"max_hp_loss":0.0,"gold_gain":0.0,"event_name":"Ghosts","player_choice":"Ignored","floor":19.0,"gold_loss":0.0,"damage_taken":0.0},{"damage_healed":0.0,"max_hp_gain":0.0,"max_hp_loss":0.0,"gold_gain":0.0,"cards_transformed":["Strike_G"],"event_name":"Transmorgrifier","player_choice":"Transformed","floor":24.0,"gold_loss":0.0,"damage_taken":0.0,"cards_obtained":["Adrenaline"]},{"damage_healed":0,"gold_gain":0,"cards_transformed":["Strike_G"],"player_choice":"Transformed","damage_taken":0,"max_hp_gain":0,"max_hp_loss":0,"event_name":"Transmorgrifier","floor":25,"gold_loss":0,"cards_obtained":["Grand Finale"]},{"damage_healed":0,"gold_gain":50,"player_choice":"Stole From Cult","damage_taken":0,"max_hp_gain":0,"max_hp_loss":0,"event_name":"Nest","floor":29,"gold_loss":0},{"damage_healed":0,"gold_gain":0,"player_choice":"Copied","damage_taken":0,"max_hp_gain":0,"max_hp_loss":0,"event_name":"Duplicator","floor":31,"gold_loss":0,"cards_obtained":["Hyperbeam"]}],"is_beta":false,"boss_relics":[{"not_picked":["Philosopher\u0027s Stone","SacredBark"],"picked":"energizedSpire:OgreHead"}],"items_purged_floors":[10,14,30],"is_endless":false,"potions_floor_spawned":[6,8,18],"killed_by":"Automaton","ascension_level":20}}