{"host":"ds1yr10zonoc6w4a","time":1612308984,"event":{"mods":["AchievementEnabler","Act Like it!","Aspiration","BaseMod","Better Match","Better Third Choice","BetterRewards","Downfall","Energized Spire","Gensokyo","Infinite Spire","Minty Spire (QoL Compilation)","Pale of the Ancients","Relic Filter Mod","Reliquary","Replay The Spire","Spire Arcade","StSLib","The Animator","The Cursed"],"gold_per_floor":[116,127,127,28,28,28,47,47,47,373,389,414,628,643,643,734,734,752,752,765,778,0,58,58,88,140,154,154,14,31,41,41,135,135,158,158,158,29,41,41,41,58,58,58,58,76,112,112,112,116,124,124,124,669,731,798,798,798,34,121,127,127],"floor_reached":61,"language":"ENG","playtime":20781,"items_purged":["animator:Strike","animator:Strike","animator:Defend","animator:Defend","animator:Strike","ReplayTheSpireMod:Splinters","downfall:Malfunctioning"],"score":2570,"play_id":"307b7488-24bd-4d87-885c-fe5d2848be91","local_time":"20210202163624","is_ascension_mode":true,"campfire_choices":[{"data":"animator:Kaijin","floor":6.0,"key":"SMITH"},{"data":"animator:Saitama","floor":15.0,"key":"SMITH"},{"data":"animator:Aqua","floor":24.0,"key":"SMITH"},{"data":"animator:Wiz","floor":28.0,"key":"SMITH"},{"data":"animator:Kazuma","floor":40,"key":"SMITH"},{"data":"animator:Defend","floor":44,"key":"SMITH"},{"floor":49,"key":"RECALL"},{"data":"animator:Laby","floor":53,"key":"SMITH"}],"circlet_count":0,"master_deck":["AscendersBane","animator:Strike_Konosuba","animator:Defend_Konosuba","animator:Defend","animator:Kazuma+1","animator:Aqua+1","animator:Eve","animator:Elesis","animator:YuiTsuruno","animator:Aqua+1","animator:Aisha","animator:Kaijin","animator:Saitama","animator:Mitsurugi","animator:Ain+1","animator:YuiTsuruno","animator:Vanir","animator:Wiz+1","animator:YunYun","animator:Kazuma+1","animator:Megumin+4","animator:Add","Gensokyo:BlemishedSteel","Gensokyo:Shovel","animator:Mitsurugi+1","animator:Chris+1","animator:Rimuru","animator:PandorasActor","animator:Raven+1","animator:Laby+1","animator:Rena+1","animator:Aqua+1","animator:Chung"],"relics":["animator:TheEgnaroPiece","animator:LivingPicture","animator:TheMissingPiece","animator:AncientMedallion","ReplayTheSpireMod:Ring of Exchange"],"acts_visited":["Exordium","Gensokyo:Gensokyo","Gensokyo:Gensokyoer","TheEnding","EYB:TheUnnamedReign"],"potions_floor_usage":[51,56,60,61],"damage_taken":[{"damage":0.0,"enemies":"Gensokyo:Gryphon","floor":1.0,"turns":4.0},{"damage":2.0,"enemies":"Gensokyo:3_Fairies","floor":2.0,"turns":5.0},{"damage":0.0,"enemies":"Gensokyo:Python","floor":7.0,"turns":4.0},{"damage":0.0,"enemies":"Gensokyo:3_Kodama","floor":10.0,"turns":8.0},{"damage":0.0,"enemies":"Gensokyo:LivingMonolith","floor":11.0,"turns":3.0},{"damage":3.0,"enemies":"Gensokyo:Aya","floor":12.0,"turns":5.0},{"damage":12.0,"enemies":"Gensokyo:Gryphon_and_Rabbit","floor":13.0,"turns":5.0},{"damage":2.0,"enemies":"Gensokyo:Kitsune","floor":14.0,"turns":5.0},{"damage":13.0,"enemies":"Gensokyo:Yukari","floor":16.0,"turns":8.0},{"damage":28.0,"enemies":"Gensokyo:3_Dogs","floor":18.0,"turns":6.0},{"damage":0.0,"enemies":"Gensokyo:Chomper","floor":20.0,"turns":3.0},{"damage":8.0,"enemies":"Gensokyo:Mirror_and_Dog","floor":21.0,"turns":4.0},{"damage":19.0,"enemies":"Gensokyo:Koishi","floor":23.0,"turns":6.0},{"damage":34.0,"enemies":"Gensokyo:Tenshi","floor":25.0,"turns":4.0},{"damage":4.0,"enemies":"Gensokyo:Slime_Group","floor":27.0,"turns":3.0},{"damage":1.0,"enemies":"Gensokyo:Monolith_and_Dog","floor":30.0,"turns":3.0},{"damage":0.0,"enemies":"Gensokyo:3_Gloops","floor":31.0,"turns":2.0},{"damage":19.0,"enemies":"Gensokyo:Kaguya","floor":33.0,"turns":5.0},{"damage":3.0,"enemies":"Gensokyo:3_Bats","floor":35.0,"turns":2.0},{"damage":3,"enemies":"Gensokyo:AncientGuardian","floor":39,"turns":4},{"damage":10,"enemies":"Gensokyo:Dusk_and_Dawn","floor":42,"turns":3},{"damage":5,"enemies":"Gensokyo:AtlasGolem","floor":46,"turns":3},{"damage":4,"enemies":"Gensokyo:Doremy","floor":47,"turns":3},{"damage":5,"enemies":"Gensokyo:Yuyuko","floor":50,"turns":6},{"damage":1,"enemies":"Gensokyo:Scarlet_Devils","floor":51,"turns":8},{"damage":62,"enemies":"animator:TRIPLE_SHAPES_WEAK","floor":55,"turns":7},{"damage":3,"enemies":"animator:UNNAMED_CULTIST_1","floor":56,"turns":6},{"damage":41,"enemies":"animator:TRIPLE_LAGAVULIN","floor":60,"turns":7},{"damage":35,"enemies":"animator:UNNAMED_CULTIST_2","floor":61,"turns":4}],"seed_played":"-5876707831030964231","potions_obtained":[{"floor":7.0,"key":"Fruit Juice"},{"floor":10.0,"key":"AttackPotion"},{"floor":12.0,"key":"AttackPotion"},{"floor":23.0,"key":"Strength Potion"},{"floor":31.0,"key":"EntropicBrew"},{"floor":39,"key":"PowerPotion"},{"floor":55,"key":"animator:FalseLifePotion"},{"floor":56,"key":"animator:FalseLifePotion"},{"floor":60,"key":"animator:FalseLifePotion"}],"is_trial":false,"path_per_floor":["M","M","?","COS","?","R","M","?","T","M","M","E","M","M","R","B",null,"M","AVR","M","M","?","E","R","E","T","M","R","COS","M","M","R","B",null,"M","?","T","$","M","R","?","M","T","R","?","M","E","T","R","B","B",null,"R","??","M","M","T","?","$","M","M"],"character_chosen":"THE_ANIMATOR","items_purchased":["animator:Eve","Replay:Baseball","reliquary:BoilingFlask","ColorlessPotion","Adrenaline Potion","animator:Elesis","animator:YuiTsuruno","Divine Protection","Lee\u0027s Waffle","reliquary:RoseTintedGlasses","animator:Aqua","animator:Aisha","animator:Kaijin","DuplicationPotion","animator:AncientMedallion","animator:AncientMedallion"],"campfire_rested":0,"item_purchase_floors":[0,0,0,0,0,0,0,0,0,0,0,0,0,38,59,59],"current_hp_per_floor":[67,67,73,73,73,73,73,73,73,79,79,88,79,82,82,73,86,63,63,65,61,61,47,47,19,19,21,21,21,26,28,28,15,74,74,74,74,74,77,77,82,78,78,78,78,73,78,78,78,78,85,91,91,80,27,30,30,30,30,10,0,0],"gold":127,"neow_bonus":"","is_daily":false,"chose_seed":false,"campfire_upgraded":7,"win_rate":0.0,"timestamp":1612308984,"path_taken":["M","?","?","COS","?","R","?","?","T","?","M","E","?","M","R","BOSS","M","AVR","M","M","?","E","R","E","T","M","R","COS","M","M","R","BOSS","M","?","?","$","M","R","?","?","T","R","?","M","E","?","R","BOSS","BOSS","R","??","M","M","T","?","$","M","M"],"items_purchased_type":["Card","Relic","Relic","Potion","Potion","Card","Card","Relic","Relic","Relic","Card","Card","Card","Potion","Relic","Relic"],"build_version":"2020-12-22","purchased_purges":7,"victory":false,"max_hp_per_floor":[67,67,73,73,73,73,73,73,73,79,79,89,89,90,90,90,90,91,91,91,91,91,91,91,91,91,91,91,91,91,93,93,93,93,93,93,93,93,93,93,93,93,93,93,93,93,93,93,93,93,93,93,93,80,80,80,80,80,80,80,80,80],"card_choices":[{"not_picked":["animator:LizardPriest","animator:MetalKnight","animator:Demiurge"],"picked":"SKIP","floor":1.0},{"not_picked":["animator:Mikaela","animator:ChaikaBohdan","animator:Tyuule"],"picked":"SKIP","floor":2.0},{"not_picked":["animator:DolaRiku","animator:Gluttony"],"picked":"animator:Saitama","floor":7.0},{"not_picked":["animator:Kazuma","animator:Aqua"],"picked":"animator:Mitsurugi","floor":10.0},{"not_picked":["animator:Shion","animator:DolaRiku"],"picked":"animator:Ain","floor":11.0},{"not_picked":["animator:Aqua","animator:Yuuichirou"],"picked":"animator:YuiTsuruno","floor":12.0},{"not_picked":["animator:Togame","animator:Benimaru","animator:Mitsuba"],"picked":"SKIP","floor":13.0},{"not_picked":["animator:Verdia","animator:Darkness"],"picked":"animator:Vanir","floor":14.0},{"not_picked":["animator:ItamiYouji","animator:SwordMaiden"],"picked":"animator:Wiz","floor":16.0},{"not_picked":["animator:Darkness+1","animator:Yoichi"],"picked":"animator:YunYun","floor":18.0},{"not_picked":["animator:Spearman","animator:Aisha"],"picked":"animator:Kazuma","floor":20.0},{"not_picked":["animator:Shichika","animator:UneriGinkaku","animator:Aisha"],"picked":"SKIP","floor":21.0},{"not_picked":["animator:Mitsurugi","animator:Vanir"],"picked":"animator:Megumin","floor":23.0},{"not_picked":["animator:Entoma","animator:FielNirvalen","animator:MaesHughes+1"],"picked":"SKIP","floor":25.0},{"not_picked":["animator:AcuraTooru","animator:GuildGirl"],"picked":"animator:Add","floor":27.0},{"not_picked":["animator:Shichika","animator:Yoichi"],"picked":"animator:Mitsurugi","floor":30.0},{"not_picked":["animator:Kazuma","animator:Aqua"],"picked":"animator:Chris","floor":31.0},{"not_picked":["animator:Saitama","animator:ChaikaTrabant"],"picked":"animator:Rimuru","floor":33.0},{"not_picked":["animator:EmiyaShirou","animator:MetalKnight"],"picked":"animator:PandorasActor+1","floor":35.0},{"not_picked":["animator:Tyuule","animator:NarberalGamma","animator:RoryMercury"],"picked":"SKIP","floor":39},{"not_picked":["animator:Chung","animator:ElricAlphonse"],"picked":"animator:Raven","floor":42},{"not_picked":["animator:Rena","animator:Ciel"],"picked":"animator:Laby","floor":46},{"not_picked":["animator:Elsword+1","animator:DolaRiku"],"picked":"animator:Rena","floor":47},{"not_picked":["animator:TukaLunaMarceau+1","animator:YuiTsuruno"],"picked":"animator:Aqua","floor":55},{"not_picked":["animator:Sebas+1","animator:OrikoMikuni","animator:Yoichi+1"],"picked":"SKIP","floor":56},{"not_picked":["animator:Raven","animator:Ara"],"picked":"animator:Chung","floor":60}],"player_experience":919472,"relics_obtained":[{"floor":9.0,"key":"Quantum Egg"},{"floor":12.0,"key":"Pear"},{"floor":17.0,"key":"Smiling Mask"},{"floor":17.0,"key":"Blue Candle"},{"floor":17.0,"key":"TungstenRod"},{"floor":23.0,"key":"infinitespire:Bottled Soul"},{"floor":25.0,"key":"Bottled Lightning"},{"floor":26.0,"key":"Pet Ghost"},{"floor":32.0,"key":"ReplayTheSpireMod:Ring of Collecting"},{"floor":37.0,"key":"Thread and Needle"},{"floor":37.0,"key":"Ring of Searing"},{"floor":47,"key":"Replay:Rubber Ducky"},{"floor":48,"key":"Ring of Misfortune"},{"floor":48,"key":"Blood Vial"},{"floor":54,"key":"animator:TheEgnaroPiece"},{"floor":57,"key":"animator:AncientMedallion"},{"floor":58,"key":"Ring of Misfortune"},{"floor":58,"key":"ReplayTheSpireMod:Ring of Exchange"}],"event_choices":[],"is_beta":false,"boss_relics":[{"not_picked":["aspiration:PoetsPen","animator:RacePiece"],"picked":"Replay:Grab Bag"},{"not_picked":["Mark of Pain","energizedSpire:MagnifyingGlass"],"picked":"reliquary:RedPaperclip"},{"not_picked":["aspiration:SilentSkillbook","ReplayTheSpireMod:SealedPack"],"picked":"Calling Bell"},{"not_picked":["aspiration:RitualDagger","Replay:Wanted Poster"],"picked":"energizedSpire:NeverEndingSparkler"}],"items_purged_floors":[0,0,0,0,19,38,59],"is_endless":false,"potions_floor_spawned":[1,7,10,12,23,27,30,31,39,42,55,60],"killed_by":"animator:UNNAMED_CULTIST_2","ascension_level":20}}