{"host":"qz0goigh82dax5l2","time":1612264238,"event":{"mods":["100% Spire Juice","Alarm Clock","BaseMod","Minty Spire (QoL Compilation)","StSLib"],"gold_per_floor":[119,133,153,153,59,84,96,124,162,193,224,236,43,65,77,89,89],"floor_reached":16,"language":"ZHS","playtime":1140,"items_purged":[],"score":114,"play_id":"a7ede4b9-649b-4145-855f-02fef381f53f","local_time":"20210202191038","is_ascension_mode":false,"campfire_choices":[{"floor":15,"key":"REST"}],"circlet_count":0,"master_deck":["Moonworks:Strike","Moonworks:Strike","Moonworks:Strike","Moonworks:Strike","Moonworks:Defend","Moonworks:Defend","Moonworks:Defend","Moonworks:Defend","Moonworks:Ambush","Moonworks:LongDistanceShot","Moonworks:DeployBits","Moonworks:SakisCookie","Moonworks:MiracleRedBeanIceCream","Moonworks:CloudOfSeagulls","Moonworks:x16BigRocket+1","Moonworks:MiracleWalker","Moonworks:RagingMadness","Moonworks:CompletionReward","Moonworks:DeployBits","Parasite","Moonworks:SweetBattle","Moonworks:SakisCookie"],"relics":["Moonworks:BrokenBomb","Moonworks:Homemark","MawBank","Anchor"],"acts_visited":["Exordium"],"potions_floor_usage":[11,13,16,16],"damage_taken":[{"damage":1,"enemies":"Cultist","floor":1,"turns":4},{"damage":1,"enemies":"Jaw Worm","floor":2,"turns":4},{"damage":0,"enemies":"2 Louse","floor":3,"turns":3},{"damage":43,"enemies":"Gremlin Nob","floor":6,"turns":5},{"damage":4,"enemies":"2 Fungi Beasts","floor":8,"turns":3},{"damage":14,"enemies":"Looter","floor":10,"turns":4},{"damage":12,"enemies":"Gremlin Gang","floor":11,"turns":4},{"damage":40,"enemies":"Lagavulin","floor":13,"turns":7},{"damage":0,"enemies":"Lots of Slimes","floor":14,"turns":2},{"damage":1026,"enemies":"The Guardian","floor":16,"turns":7}],"seed_played":"4639349894902947854","potions_obtained":[{"floor":2,"key":"Regen Potion"},{"floor":8,"key":"ColorlessPotion"},{"floor":11,"key":"ColorlessPotion"},{"floor":13,"key":"SkillPotion"}],"is_trial":false,"path_per_floor":["M","M","M","?","$","E","?","M","T","M","M","?","E","M","R","B"],"character_chosen":"THE_STARBREAKER","items_purchased":["Moonworks:CloudOfSeagulls","Moonworks:x16BigRocket"],"campfire_rested":1,"item_purchase_floors":[5,5],"current_hp_per_floor":[65,64,64,69,69,31,31,34,34,28,30,47,12,12,33,0,0],"gold":89,"neow_bonus":"TEN_PERCENT_HP_BONUS","is_daily":false,"chose_seed":false,"campfire_upgraded":0,"win_rate":0.0,"timestamp":1612264238,"path_taken":["M","M","M","?","?","E","?","M","T","M","M","?","E","M","R","BOSS"],"items_purchased_type":["Card","Card"],"build_version":"2020-12-22","purchased_purges":0,"victory":false,"max_hp_per_floor":[66,66,66,71,71,71,71,71,71,71,71,71,71,71,71,71,71],"card_choices":[{"not_picked":["Moonworks:LulusLuckyEgg","Moonworks:ImOnFire"],"picked":"Moonworks:DeployBits","floor":1},{"not_picked":["Moonworks:IntelligenceOfficer","Moonworks:ImOnFire"],"picked":"Moonworks:SakisCookie","floor":2},{"not_picked":["Moonworks:DeployBits","Moonworks:Dinner"],"picked":"Moonworks:MiracleRedBeanIceCream","floor":3},{"not_picked":["Moonworks:StiffCrystal","Moonworks:NicePresent"],"picked":"Moonworks:MiracleWalker","floor":6},{"not_picked":["Moonworks:IndiscriminateFireSupport","Moonworks:ImOnFire"],"picked":"Moonworks:RagingMadness","floor":8},{"not_picked":["Moonworks:CastOff","Moonworks:ExtendedPhotonRifle"],"picked":"Moonworks:CompletionReward","floor":10},{"not_picked":["Moonworks:ImOnFire","Moonworks:x16BigRocket"],"picked":"Moonworks:DeployBits","floor":11},{"not_picked":["Moonworks:StiffCrystal","Moonworks:DeployBits"],"picked":"Moonworks:SweetBattle","floor":13},{"not_picked":["Moonworks:Accelerator","Moonworks:ReproductionOfRecords"],"picked":"Moonworks:SakisCookie","floor":14}],"player_experience":64709,"relics_obtained":[{"floor":6,"key":"MawBank"},{"floor":13,"key":"Anchor"}],"event_choices":[{"damage_healed":0,"gold_gain":0,"player_choice":"Donut","damage_taken":0,"max_hp_gain":5,"max_hp_loss":0,"event_name":"Big Fish","floor":4,"gold_loss":0},{"damage_healed":0,"gold_gain":0,"player_choice":"Grow","damage_taken":0,"max_hp_gain":0,"max_hp_loss":0,"event_name":"Living Wall","floor":7,"gold_loss":0,"cards_upgraded":["Moonworks:x16BigRocket"]},{"damage_healed":17,"gold_gain":0,"player_choice":"Healed and dodged fight","damage_taken":0,"max_hp_gain":0,"max_hp_loss":0,"event_name":"Mushrooms","floor":12,"gold_loss":0,"cards_obtained":["Parasite"]}],"is_beta":false,"boss_relics":[],"items_purged_floors":[],"is_endless":false,"potions_floor_spawned":[2,8,11,13],"killed_by":"The Guardian","ascension_level":0}}