{"host":"5gc11emcm5chfr5t","time":1612299480,"event":{"mods":["2.2 Compatiblity","AchievementEnabler","BaseMod","Bestiary","Better Note","Colored Map","Colored Powertips","Downfall","Googly Eyes","Minty Spire (QoL Compilation)","Rare Cards Sparkle","StSLib"],"gold_per_floor":[99,117,117,135,435,335,361,371,404,304,329,346,346,378,389,461,461,461,490,535,535,535,535],"floor_reached":21,"language":"ENG","playtime":626,"items_purged":[],"score":462,"play_id":"a6bf1aec-e201-48dc-8bce-994e3744a72b","local_time":"20210202155800","is_ascension_mode":true,"campfire_choices":[{"floor":1,"key":"RECALL"},{"data":"sneckomod:TailWhip","floor":6,"key":"SMITH"},{"data":"sneckomod:SerpentIdol","floor":10,"key":"SMITH"},{"data":"sneckomod:CheapStock","floor":13,"key":"SMITH"},{"data":"sneckomod:GlitteringGambit","floor":18,"key":"SMITH"}],"circlet_count":0,"master_deck":["AscendersBane","sneckomod:Strike+1","sneckomod:Strike+1","sneckomod:Strike","sneckomod:Defend","sneckomod:Defend","sneckomod:Defend","sneckomod:TailWhip+1","sneckomod:SnekBite","sneckomod:Unknown","sneckomod:Unknown","sneckomod:ImprovisedAttack+1","downfall:Malfunctioning","sneckomod:UnknownClassRED","downfall:Icky","downfall:Icky","downfall:Icky","sneckomod:ImprovisedAttack","sneckomod:SerpentIdol+1","sneckomod:CheapStock+1","sneckomod:Unknown2Cost","sneckomod:UnknownClassBLUE","sneckomod:GlitteringGambit+1","CurseOfTheBell","sneckomod:UnknownDraw","sneckomod:UnknownDexterity"],"relics":["bronze:MakeshiftBattery","downfall:HeartBlessingRed","Bronze Scales","PreservedInsect","downfall:HeartBlessingGreen","Calling Bell","Bag of Marbles","Question Card","StoneCalendar"],"acts_visited":["Exordium","TheCity"],"potions_floor_usage":[4,14,16,16],"damage_taken":[{"damage":5,"enemies":"2 Louse","floor":2,"turns":2},{"damage":7,"enemies":"Jaw Worm","floor":4,"turns":2},{"damage":2,"enemies":"Cultist","floor":8,"turns":3},{"damage":10,"enemies":"Lagavulin","floor":9,"turns":3},{"damage":7,"enemies":"3 Louse","floor":12,"turns":2},{"damage":14,"enemies":"Lots of Slimes","floor":14,"turns":3},{"damage":0,"enemies":"2 Fungi Beasts","floor":15,"turns":2},{"damage":32,"enemies":"SI_SHIV_ARCHETYPE","floor":16,"turns":6},{"damage":36,"enemies":"Shell Parasite","floor":19,"turns":5},{"damage":24,"enemies":"Cultist and Chosen","floor":20,"turns":4},{"damage":12,"enemies":"Shelled Parasite and Fungi","floor":21,"turns":1}],"seed_played":"989771142046765659","potions_obtained":[{"floor":2,"key":"EntropicBrew"},{"floor":11,"key":"downfall:CursedFountainPotion"},{"floor":15,"key":"Strength Potion"}],"is_trial":false,"path_per_floor":["R","M","?","M","?","R","T","M","E","R","?","M","R","M","M","B",null,"R","M","M","M"],"character_chosen":"THE_SNECKO","items_purchased":[],"campfire_rested":0,"item_purchase_floors":[],"current_hp_per_floor":[75,70,70,63,63,63,63,61,51,51,83,76,76,62,62,30,70,70,34,10,0,0,0],"gold":535,"neow_bonus":"BOSS_RELIC","is_daily":false,"chose_seed":false,"campfire_upgraded":4,"win_rate":0.0,"timestamp":1612299480,"path_taken":["R","M","?","M","?","R","T","M","E","R","?","M","R","?","M","BOSS","R","M","M","M"],"items_purchased_type":[],"build_version":"2020-12-22","purchased_purges":0,"victory":false,"max_hp_per_floor":[83,83,83,83,83,83,83,83,83,83,83,83,83,83,83,83,83,83,83,83,83,83,83],"card_choices":[{"not_picked":["sneckomod:ImprovisedGuard","sneckomod:SnakeSap"],"picked":"sneckomod:ImprovisedAttack","floor":2},{"not_picked":["sneckomod:UnendingSupply","sneckomod:QuickBite"],"picked":"sneckomod:UnknownClassRED","floor":4},{"not_picked":["sneckomod:Rotation","sneckomod:UnknownCommonSkill"],"picked":"sneckomod:ImprovisedAttack","floor":8},{"not_picked":["sneckomod:UnknownClassRED","sneckomod:DiceCrush"],"picked":"sneckomod:SerpentIdol","floor":9},{"not_picked":["sneckomod:UnknownDexterity","sneckomod:DiceBoulder"],"picked":"sneckomod:CheapStock","floor":12},{"not_picked":["sneckomod:SnekBeam","sneckomod:UnknownClassTHE_BRONZE_AUTOMATON"],"picked":"sneckomod:Unknown2Cost","floor":14},{"not_picked":["sneckomod:SerpentMind","sneckomod:CheapStock"],"picked":"sneckomod:UnknownClassBLUE","floor":15},{"not_picked":["sneckomod:Mudshield","sneckomod:Transmogrify"],"picked":"sneckomod:GlitteringGambit","floor":16},{"not_picked":["sneckomod:UnknownCommonSkill","sneckomod:UnknownClassHEXA_GHOST_PURPLE","sneckomod:UnknownClassTHE_CHAMP_GRAY"],"picked":"sneckomod:UnknownDraw","floor":19},{"not_picked":["sneckomod:IronFang","sneckomod:UnknownClassRED","sneckomod:MixItUp"],"picked":"sneckomod:UnknownDexterity","floor":20}],"player_experience":597393,"relics_obtained":[{"floor":7,"key":"Bronze Scales"},{"floor":9,"key":"PreservedInsect"},{"floor":17,"key":"Bag of Marbles"},{"floor":17,"key":"Question Card"},{"floor":17,"key":"StoneCalendar"}],"event_choices":[],"is_beta":false,"boss_relics":[{"not_picked":["expansioncontent:StudyCardRelic","sneckomod:SneckoBoss"],"picked":"Calling Bell"}],"items_purged_floors":[],"is_endless":false,"potions_floor_spawned":[2,4,12,15],"killed_by":"Shelled Parasite and Fungi","ascension_level":20}}