{"host":"o67iw34xdwlyp80a","time":1612258882,"event":{"mods":["BaseMod","Colored Map","Minty Spire (QoL Compilation)","Relic Stats","StSLib"],"gold_per_floor":[114,129,52,52,52,52,90,90,90,109,128,128,12,50,50,175,175,194,294,44,63,63,401,401,3,3,41,42,61,80,99,99,224,224,243,306,325,344,566,566,604,604,654,673,711,730,749,787,787,787],"floor_reached":51,"language":"ENG","playtime":3976,"items_purged":["Strike_R","Eruption"],"score":810,"play_id":"4cba07de-9f4f-4c88-abbe-b777e9116249","local_time":"20210202094122","daily_mods":["Chimera","Blue Cards","Binary"],"is_ascension_mode":false,"campfire_choices":[{"data":"Armaments","floor":6,"key":"SMITH"},{"data":"Zap","floor":8,"key":"SMITH"},{"data":"Pommel Strike","floor":15,"key":"SMITH"},{"data":"Demon Form","floor":24,"key":"SMITH"},{"floor":32,"key":"DIG"},{"data":"Fire Breathing","floor":40,"key":"SMITH"},{"floor":42,"key":"DIG"},{"floor":49,"key":"REST"}],"circlet_count":0,"master_deck":["Bash","Survivor","Zap+1","Strike_G","Defend_R","Defend_G","Defend_P","Go for the Eyes","Armaments+1","Pommel Strike+1","Sweeping Beam","Dropkick","Fire Breathing+1","Demon Form+1","Steam","Sweeping Beam","CurseOfTheBell"],"relics":["Burning Blood","Golden Idol","Kunai","Matryoshka","Pen Nib","Gambling Chip","Regal Pillow","Busted Crown","Toolbox","Old Coin","Bronze Scales","Toy Ornithopter","Juzu Bracelet","Calipers","Shovel","Red Mask","Red Skull","Calling Bell","Bag of Marbles","Pantograph","Torii","Bird Faced Urn","Mummified Hand","Akabeko","Gremlin Horn","Omamori"],"acts_visited":["Exordium","TheCity","TheBeyond"],"potions_floor_usage":[14,27,33,36,44,46,47],"damage_taken":[{"damage":12,"enemies":"Cultist","floor":1,"turns":3},{"damage":0,"enemies":"Small Slimes","floor":2,"turns":4},{"damage":13,"enemies":"Lagavulin","floor":7,"turns":8},{"damage":0,"enemies":"2 Louse","floor":10,"turns":1},{"damage":4,"enemies":"Blue Slaver","floor":11,"turns":3},{"damage":11,"enemies":"3 Sentries","floor":14,"turns":7},{"damage":43,"enemies":"Slime Boss","floor":16,"turns":7},{"damage":1,"enemies":"Chosen","floor":18,"turns":4},{"damage":3,"enemies":"Shell Parasite","floor":21,"turns":4},{"damage":13,"enemies":"Gremlin Leader","floor":23,"turns":5},{"damage":4,"enemies":"Book of Stabbing","floor":27,"turns":4},{"damage":19,"enemies":"Masked Bandits","floor":28,"turns":3},{"damage":11,"enemies":"Snake Plant","floor":29,"turns":3},{"damage":0,"enemies":"Snecko","floor":30,"turns":4},{"damage":0,"enemies":"Cultist and Chosen","floor":31,"turns":3},{"damage":22,"enemies":"Automaton","floor":33,"turns":6},{"damage":1,"enemies":"Orb Walker","floor":35,"turns":3},{"damage":43,"enemies":"Mind Bloom Boss Battle","floor":36,"turns":4},{"damage":9,"enemies":"3 Shapes","floor":37,"turns":4},{"damage":7,"enemies":"Writhing Mass","floor":38,"turns":6},{"damage":1,"enemies":"Giant Head","floor":41,"turns":8},{"damage":25,"enemies":"Spire Growth","floor":44,"turns":4},{"damage":13,"enemies":"Reptomancer","floor":45,"turns":6},{"damage":18,"enemies":"Jaw Worm Horde","floor":46,"turns":4},{"damage":7,"enemies":"4 Shapes","floor":47,"turns":3},{"damage":28,"enemies":"Nemesis","floor":48,"turns":5},{"damage":48,"enemies":"Donu and Deca","floor":50,"turns":7}],"seed_played":"-9070903199233054170","potions_obtained":[{"floor":1,"key":"GamblersBrew"},{"floor":2,"key":"SmokeBomb"},{"floor":7,"key":"GamblersBrew"},{"floor":16,"key":"SkillPotion"},{"floor":21,"key":"SteroidPotion"},{"floor":28,"key":"Explosive Potion"},{"floor":33,"key":"Strength Potion"},{"floor":35,"key":"BlessingOfTheForge"},{"floor":41,"key":"SteroidPotion"},{"floor":45,"key":"Weak Potion"},{"floor":46,"key":"FearPotion"}],"is_trial":false,"path_per_floor":["M","M","$","?","?","R","E","R","T","M","M","T","$","E","R","B",null,"M","?","$","M","$","E","R","$","T","E","?","M","M","M","R","B",null,"M","?","M","M","?","R","E","R","T","M","E","M","M","E","R","B",null],"character_chosen":"IRONCLAD","items_purchased":["Armaments","Pommel Strike","Dropkick","Toolbox","Bronze Scales","Steam","Toy Ornithopter","Sweeping Beam"],"campfire_rested":1,"item_purchase_floors":[3,3,13,20,25,25,25,25],"current_hp_per_floor":[74,80,80,80,60,60,53,53,53,59,61,61,61,56,56,19,80,80,80,80,80,80,73,73,73,73,80,67,62,68,74,74,63,80,80,43,44,47,47,47,56,56,56,46,45,40,48,30,69,40],"gold":787,"neow_bonus":"","is_daily":true,"chose_seed":false,"campfire_upgraded":5,"win_rate":0.0,"timestamp":1612258882,"path_taken":["M","?","$","?","?","R","E","R","T","M","M","?","?","E","R","BOSS","M","?","$","M","?","E","R","?","T","E","?","M","M","M","R","BOSS","M","?","M","M","?","R","E","R","T","M","E","M","M","E","R","BOSS"],"items_purchased_type":["Card","Card","Card","Relic","Relic","Card","Relic","Card"],"build_version":"2020-12-22","purchased_purges":2,"victory":true,"max_hp_per_floor":[80,80,80,80,80,80,80,80,80,80,80,80,80,80,80,80,80,80,80,80,80,80,80,80,80,80,80,80,80,80,80,80,80,80,80,80,80,80,80,80,80,80,80,80,80,80,80,80,80,80],"relic_stats":{"Regal Pillow":15,"Torii":12,"Gremlin Horn":[6,6],"counters":[27,123],"Golden Idol":196,"Pen Nib":[20],"Juzu Bracelet":0,"Burning Blood":149,"Busted Crown":40,"Shovel":2,"Mummified Hand":[13],"Gambling Chip":[45],"Bronze Scales":[223],"Pantograph":11,"Bird Faced Urn":[34],"Kunai":[38],"obtain_stats":[{"Regal Pillow":14,"Calipers":26,"Torii":34,"Gremlin Horn":45,"Juzu Bracelet":26,"Burning Blood":0,"Old Coin":23,"Matryoshka":9,"Shovel":27,"Mummified Hand":41,"Gambling Chip":12,"Pantograph":34,"Toolbox":20,"Red Mask":28,"Kunai":7,"Red Skull":32,"Golden Idol":5,"Pen Nib":12,"Omamori":48,"Akabeko":43,"Calling Bell":34,"Busted Crown":17,"Bronze Scales":25,"Bird Faced Urn":36,"Bag of Marbles":34,"Toy Ornithopter":25},{"Regal Pillow":6,"Calipers":10,"Torii":16,"Gremlin Horn":23,"Juzu Bracelet":10,"Burning Blood":0,"Old Coin":10,"Matryoshka":3,"Shovel":11,"Mummified Hand":21,"Gambling Chip":5,"Pantograph":16,"Toolbox":8,"Red Mask":12,"Kunai":3,"Red Skull":15,"Golden Idol":2,"Pen Nib":5,"Omamori":26,"Akabeko":21,"Calling Bell":16,"Busted Crown":7,"Bronze Scales":10,"Bird Faced Urn":18,"Bag of Marbles":16,"Toy Ornithopter":10},{"Regal Pillow":26,"Calipers":46,"Torii":69,"Gremlin Horn":104,"Juzu Bracelet":46,"Burning Blood":0,"Old Coin":46,"Matryoshka":15,"Shovel":50,"Mummified Hand":94,"Gambling Chip":19,"Pantograph":69,"Toolbox":37,"Red Mask":53,"Kunai":15,"Red Skull":63,"Golden Idol":7,"Pen Nib":19,"Omamori":116,"Akabeko":94,"Calling Bell":69,"Busted Crown":33,"Bronze Scales":46,"Bird Faced Urn":76,"Bag of Marbles":69,"Toy Ornithopter":46}],"Toy Ornithopter":25},"card_choices":[{"not_picked":["Flame Barrier","Clothesline"],"picked":"SKIP","floor":1},{"not_picked":["Redo"],"picked":"Go for the Eyes","floor":2},{"not_picked":["Stack","Doom and Gloom"],"picked":"SKIP","floor":7},{"not_picked":["Recycle"],"picked":"Sweeping Beam","floor":10},{"not_picked":["True Grit","Rebound"],"picked":"SKIP","floor":11},{"not_picked":["Uppercut"],"picked":"Fire Breathing","floor":14},{"not_picked":["Seek"],"picked":"Demon Form","floor":16}],"player_experience":1161074,"relics_obtained":[{"floor":7,"key":"Kunai"},{"floor":9,"key":"Matryoshka"},{"floor":12,"key":"Pen Nib"},{"floor":12,"key":"Gambling Chip"},{"floor":14,"key":"Regal Pillow"},{"floor":23,"key":"Old Coin"},{"floor":26,"key":"Juzu Bracelet"},{"floor":26,"key":"Calipers"},{"floor":27,"key":"Shovel"},{"floor":28,"key":"Red Mask"},{"floor":32,"key":"Red Skull"},{"floor":34,"key":"Bag of Marbles"},{"floor":34,"key":"Pantograph"},{"floor":34,"key":"Torii"},{"floor":36,"key":"Bird Faced Urn"},{"floor":41,"key":"Mummified Hand"},{"floor":43,"key":"Akabeko"},{"floor":45,"key":"Gremlin Horn"},{"floor":48,"key":"Omamori"}],"event_choices":[{"cards_removed":["Strike_B"],"damage_healed":0,"gold_gain":0,"player_choice":"Forget","damage_taken":0,"max_hp_gain":0,"max_hp_loss":0,"event_name":"Living Wall","floor":4,"gold_loss":0},{"damage_healed":0,"gold_gain":0,"player_choice":"Take Damage","damage_taken":20,"relics_obtained":["Golden Idol"],"max_hp_gain":0,"max_hp_loss":0,"event_name":"Golden Idol","floor":5,"gold_loss":0},{"damage_healed":0,"gold_gain":100,"player_choice":"Pray","damage_taken":0,"max_hp_gain":0,"max_hp_loss":0,"event_name":"Golden Shrine","floor":19,"gold_loss":0},{"damage_healed":0,"gold_gain":0,"player_choice":"Fought Bandits","damage_taken":0,"max_hp_gain":0,"max_hp_loss":0,"event_name":"Masked Bandits","floor":28,"gold_loss":0},{"damage_healed":0,"gold_gain":0,"player_choice":"Fight","damage_taken":0,"max_hp_gain":0,"max_hp_loss":0,"event_name":"MindBloom","floor":36,"gold_loss":0},{"damage_healed":0,"gold_gain":222,"player_choice":"Wore Mask","damage_taken":0,"max_hp_gain":0,"max_hp_loss":0,"event_name":"Tomb of Lord Red Mask","floor":39,"gold_loss":0}],"is_beta":false,"boss_relics":[{"not_picked":["Black Star","SlaversCollar"],"picked":"Busted Crown"},{"not_picked":["Philosopher\u0027s Stone","Cursed Key"],"picked":"Calling Bell"}],"items_purged_floors":[13,20],"is_endless":false,"potions_floor_spawned":[1,2,7,16,21,23,28,33,35,41,45,46],"ascension_level":0}}