{"host":"8fnghcq8tvbg6z9e","time":1612267234,"event":{"mods":["BaseMod","Conspire","Downfall","Minty Spire (QoL Compilation)","Quick Restart","StSLib"],"gold_per_floor":[109,9,9,9,9,40,40,83,83,83,158,217,15,63,63,238,238,262,278,297,320,320,320,14,47,74,119,119,19,19,90,90,236,236,251,266,281,0,0,0],"floor_reached":39,"language":"ZHS","playtime":1591,"items_purged":["Strike_P","Defend_P","Strike_P"],"score":408,"play_id":"2629a687-71f0-42a5-bca7-8714b04b825c","local_time":"20210202200034","is_ascension_mode":false,"campfire_choices":[{"data":"Eruption","floor":7.0,"key":"SMITH"},{"data":"Adaptation","floor":10.0,"key":"SMITH"},{"data":"TalkToTheHand","floor":15.0,"key":"SMITH"},{"data":"Scrawl","floor":23,"key":"SMITH"},{"floor":30,"key":"RECALL"},{"floor":32,"key":"REST"}],"circlet_count":0,"master_deck":["Strike_P","Eruption+1","Vigilance+1","Adaptation+1","conspire:SpireCoStock+1","conspire:SpireCoStock","Devotion","Wallop","TalkToTheHand+1","Tantrum","Scrawl+1","SpiritShield+1","Tantrum+1","CutThroughFate+1","TalkToTheHand","MentalFortress","FlurryOfBlows","Brilliance","MentalFortress+1","CutThroughFate","FlurryOfBlows","DeusExMachina","FlurryOfBlows+1","Meditate"],"relics":["PureWater","NeowsBlessing","Golden Idol","Peace Pipe","Tiny Chest","Astrolabe","War Paint","Letter Opener","conspire:RoyalGoblet","Lantern"],"acts_visited":["Exordium","TheCity","TheBeyond"],"potions_floor_usage":[21,35,35,37],"damage_taken":[{"damage":0.0,"enemies":"2 Louse","floor":1.0,"turns":1.0},{"damage":0.0,"enemies":"Lagavulin","floor":6.0,"turns":1.0},{"damage":0.0,"enemies":"Jaw Worm","floor":8.0,"turns":1.0},{"damage":11.0,"enemies":"Small Slimes","floor":12.0,"turns":4.0},{"damage":11.0,"enemies":"Gremlin Gang","floor":14.0,"turns":4.0},{"damage":26.0,"enemies":"Hexaghost","floor":16.0,"turns":12.0},{"damage":36,"enemies":"2 Thieves","floor":18,"turns":3},{"damage":0,"enemies":"3 Byrds","floor":19,"turns":3},{"damage":0,"enemies":"Centurion and Healer","floor":20,"turns":4},{"damage":7,"enemies":"Cultist and Chosen","floor":21,"turns":4},{"damage":9,"enemies":"Snake Plant","floor":25,"turns":6},{"damage":7,"enemies":"Centurion and Healer","floor":27,"turns":5},{"damage":7,"enemies":"Shelled Parasite and Fungi","floor":31,"turns":4},{"damage":9,"enemies":"conspire:MysteriousRune","floor":33,"turns":6},{"damage":6,"enemies":"3 Darklings","floor":35,"turns":3},{"damage":0,"enemies":"3 Shapes","floor":36,"turns":3},{"damage":41,"enemies":"Jaw Worm Horde","floor":37,"turns":5},{"damage":0,"enemies":"3 Darklings","floor":39,"turns":2}],"seed_played":"3698079948201524073","potions_obtained":[{"floor":1.0,"key":"EssenceOfSteel"},{"floor":6.0,"key":"Dexterity Potion"},{"floor":14.0,"key":"SpeedPotion"},{"floor":19,"key":"Fire Potion"},{"floor":25,"key":"Fire Potion"},{"floor":31,"key":"Block Potion"},{"floor":36,"key":"GamblersBrew"},{"floor":37,"key":"LiquidBronze"}],"is_trial":false,"path_per_floor":["M","?","?","$","?","E","R","M","T","R","?","M","$","M","R","B",null,"M","M","M","M","?","R","$","M","T","M","T","$","R","M","R","B",null,"M","M","M","$","M"],"character_chosen":"WATCHER","items_purchased":["Tantrum","Block Potion","Brilliance","War Paint","Lantern"],"campfire_rested":1,"item_purchase_floors":[13,13,24,24,38],"current_hp_per_floor":[72,72,65,65,65,65,65,65,65,65,59,48,48,37,37,11,67,31,31,31,24,46,46,46,37,37,30,30,30,30,23,43,34,67,61,61,20,20,20,20],"gold":0,"neow_bonus":"THREE_ENEMY_KILL","is_daily":false,"chose_seed":false,"campfire_upgraded":4,"win_rate":0.0,"timestamp":1612267234,"path_taken":["M","?","?","?","?","E","R","?","T","R","?","M","$","M","R","BOSS","M","M","M","?","?","R","$","M","T","M","?","$","R","M","R","BOSS","M","M","M","$","M"],"items_purchased_type":["Card","Potion","Card","Relic","Relic"],"build_version":"2020-12-22","purchased_purges":3,"victory":false,"max_hp_per_floor":[72,72,72,72,67,67,67,67,67,67,67,67,67,67,67,67,67,67,67,67,67,67,67,67,67,67,67,67,67,67,67,67,67,67,67,67,67,67,67,67],"card_choices":[{"not_picked":["Fasting2","Protect"],"picked":"Adaptation","floor":1.0},{"not_picked":["Indignation","Consecrate"],"picked":"Devotion","floor":6.0},{"not_picked":["Protect","JustLucky"],"picked":"Wallop","floor":8.0},{"not_picked":["Prostrate","Consecrate"],"picked":"TalkToTheHand","floor":12.0},{"not_picked":["EmptyFist","ClearTheMind","Crescendo"],"picked":"SKIP","floor":14.0},{"not_picked":["Alpha","Omniscience"],"picked":"Scrawl","floor":16.0},{"not_picked":["Evaluate","ThirdEye"],"picked":"TalkToTheHand","floor":18},{"not_picked":["CrushJoints+1","Protect+1"],"picked":"MentalFortress","floor":19},{"not_picked":["CrushJoints","SashWhip+1","FollowUp"],"picked":"SKIP","floor":20},{"not_picked":["SashWhip","Prostrate"],"picked":"FlurryOfBlows","floor":21},{"not_picked":["ConjureBlade","Wallop"],"picked":"MentalFortress+1","floor":25},{"not_picked":["Fasting2+1","Worship+1"],"picked":"CutThroughFate","floor":27},{"not_picked":["Halt","DeceiveReality"],"picked":"FlurryOfBlows","floor":31},{"not_picked":["Blasphemy","DevaForm"],"picked":"DeusExMachina","floor":33},{"not_picked":["FlyingSleeves+1","Collect"],"picked":"FlurryOfBlows+1","floor":35},{"not_picked":["Sanctity+1","Evaluate","BowlingBash"],"picked":"SKIP","floor":36},{"not_picked":["ThirdEye+1","SandsOfTime+1"],"picked":"Meditate","floor":37}],"player_experience":215604,"relics_obtained":[{"floor":6.0,"key":"Peace Pipe"},{"floor":9.0,"key":"Tiny Chest"},{"floor":28,"key":"Letter Opener"}],"event_choices":[{"damage_healed":0.0,"max_hp_gain":0.0,"max_hp_loss":0.0,"gold_gain":0.0,"event_name":"conspire:Investor","player_choice":"Invest 2","floor":2.0,"gold_loss":0.0,"damage_taken":0.0},{"cards_removed":["Defend_P"],"damage_healed":0.0,"max_hp_gain":0.0,"max_hp_loss":0.0,"gold_gain":0.0,"event_name":"Golden Wing","player_choice":"Card Removal","floor":3.0,"gold_loss":0.0,"damage_taken":7.0},{"damage_healed":0.0,"max_hp_gain":0.0,"max_hp_loss":5.0,"gold_gain":0.0,"event_name":"Golden Idol","player_choice":"Lose Max HP","floor":5.0,"gold_loss":0.0,"damage_taken":0.0,"relics_obtained":["Golden Idol"]},{"damage_healed":0.0,"max_hp_gain":0.0,"max_hp_loss":0.0,"gold_gain":75.0,"event_name":"FaceTrader","player_choice":"Touch","floor":11.0,"gold_loss":0.0,"damage_taken":6.0},{"damage_healed":22,"gold_gain":0,"player_choice":"Heal","damage_taken":0,"max_hp_gain":0,"max_hp_loss":0,"event_name":"The Library","floor":22,"gold_loss":0}],"is_beta":false,"boss_relics":[{"not_picked":["Ectoplasm","Fusion Hammer"],"picked":"Astrolabe"},{"not_picked":["bronze:MakeshiftBattery","Velvet Choker"],"picked":"conspire:RoyalGoblet"}],"items_purged_floors":[13,29,38],"is_endless":false,"potions_floor_spawned":[1,6,14,19,25,31,33,36,37],"killed_by":"3 Darklings","ascension_level":0}}