{"host":"72j3if4hls1tefkc","time":1612292379,"event":{"mods":["AchievementEnabler","Always Whale","Aspiration","BaseMod","Colored Map","Conspire","FetchMod","Halation","Hubris","Infinite Spire","Minty Spire (QoL Compilation)","Reliquary","Replay The Spire","Shop Mod","StSLib","The Bug Knight","The Construct","The Cursed","The Jungle","The Marked","The Necromancer","The Poker Player"],"gold_per_floor":[118,118,134,134,134,134,163,176,256,256,270,281,299,21,21,21,21],"floor_reached":16,"language":"ENG","playtime":668,"items_purged":["Blood_Whip"],"score":102,"play_id":"5b337c8a-e621-4a77-820d-fea6663616d9","local_time":"20210202115939","is_ascension_mode":false,"campfire_choices":[{"data":"Negative_Energy_Arrows","floor":6,"key":"SMITH"},{"data":"Bone_Spikes","floor":10,"key":"SMITH"},{"floor":15,"key":"REST"}],"circlet_count":0,"master_deck":["Strike_W","Strike_W","Strike_W","Strike_W","Defend_W","Defend_W","Defend_W","Defend_W","Negative_Energy_Arrows+1","Bone_Wall","infinitespire:UltimateForm","Bone_Spikes+1","Bones_to_Steel","Bone_Armory","Bone_Armor","Negative_Energy_Mist","Bone_Spikes"],"relics":["Vampire_Amulet","aspiration:Nostalgia","PureWater","halation:EternalFortune","Counterbalance","Darkstone Periapt","Bottled Flame","Blood Vial"],"acts_visited":["Exordium"],"potions_floor_usage":[16],"damage_taken":[{"damage":1,"enemies":"Cultist","floor":1,"turns":4},{"damage":2,"enemies":"2 Louse","floor":3,"turns":2},{"damage":26,"enemies":"Gremlin Nob","floor":7,"turns":4},{"damage":5,"enemies":"Jaw Worm","floor":8,"turns":2},{"damage":15,"enemies":"Exordium Wildlife","floor":11,"turns":5},{"damage":9,"enemies":"Blue Slaver","floor":12,"turns":4},{"damage":7,"enemies":"3 Louse","floor":13,"turns":5},{"damage":38,"enemies":"Hexaghost","floor":16,"turns":16}],"seed_played":"-5790449671735554549","potions_obtained":[{"floor":11,"key":"DistilledChaos"},{"floor":12,"key":"DuplicationPotion"},{"floor":13,"key":"Reflective Coating"}],"is_trial":false,"path_per_floor":["M","?","M","?","T","R","E","M","T","R","M","M","M","$","R","B"],"character_chosen":"NECROMANCER","items_purchased":["Bone_Spikes","Blood Vial"],"campfire_rested":1,"item_purchase_floors":[14,14],"current_hp_per_floor":[75,78,78,58,58,58,34,31,31,31,20,13,12,12,35,0,0],"gold":21,"neow_bonus":"NOSTALGIA","is_daily":false,"chose_seed":false,"campfire_upgraded":2,"win_rate":0.0,"timestamp":1612292379,"path_taken":["M","?","M","?","?","R","E","?","T","R","M","M","M","$","R","BOSS"],"items_purchased_type":["Card","Relic"],"build_version":"2020-12-22","purchased_purges":1,"victory":false,"max_hp_per_floor":[75,78,78,78,78,78,78,78,78,78,78,78,78,78,78,78,78],"card_choices":[{"not_picked":["Scare","Blood_Curse"],"picked":"Blood_Whip","floor":1},{"not_picked":["Pandemic","Negative_Energy_Sphere","Death_March_Dance"],"picked":"SKIP","floor":3},{"not_picked":["infinitespire:Fortify","infinitespire:NeuralNetwork"],"picked":"infinitespire:UltimateForm","floor":4},{"not_picked":["Blood_Whip","Death_Coil"],"picked":"Bone_Spikes","floor":7},{"not_picked":["Death_Coil","Death_Knell"],"picked":"Bones_to_Steel","floor":8},{"not_picked":["Necromantic_Selection","Skeleton_Dragon"],"picked":"Bone_Armory","floor":11},{"not_picked":["Stop_Heart","Acid_Javelin"],"picked":"Bone_Armor","floor":12},{"not_picked":["Death_Coil","Corrupt"],"picked":"Negative_Energy_Mist","floor":13}],"player_experience":341254,"relics_obtained":[{"floor":5,"key":"Counterbalance"},{"floor":7,"key":"Darkstone Periapt"},{"floor":9,"key":"Bottled Flame"}],"event_choices":[],"is_beta":false,"boss_relics":[],"items_purged_floors":[14],"is_endless":false,"potions_floor_spawned":[11,12,13],"killed_by":"Hexaghost","ascension_level":0}}