{"host":"4lch21uqe3ag08cj","time":1612243121,"event":{"mods":["AchievementEnabler","BaseMod","Block Reminder","Colored Map","Colored Powertips","Minty Spire (QoL Compilation)","Permanent Neow","Relic Stats"],"gold_per_floor":[113,127,127,144,25,25,54,54,79,106,106,134,154,167,167,263,263,274,274,285,304,320,352,372,388,388,388,406,436,448,489,501,614,626,655,667,679,706,768,814,448,475,548,548,548,75,87,110,110,110,110,110,61,89,89],"floor_reached":56,"language":"ENG","playtime":2799,"items_purged":["Strike_R"],"score":1492,"play_id":"a9da407f-47ef-42c8-9bb4-2f9ede937c2b","local_time":"20210202021841","is_ascension_mode":true,"campfire_choices":[{"data":"Uppercut","floor":6,"key":"SMITH"},{"data":"Flame Barrier","floor":8,"key":"SMITH"},{"data":"Bash","floor":11,"key":"SMITH"},{"data":"Carnage","floor":15,"key":"SMITH"},{"floor":27,"key":"REST"},{"data":"Entrench","floor":30,"key":"SMITH"},{"data":"Flame Barrier","floor":32,"key":"SMITH"},{"floor":44,"key":"RECALL"},{"data":"Rupture","floor":49,"key":"SMITH"},{"data":"Offering","floor":52,"key":"SMITH"}],"circlet_count":0,"master_deck":["Strike_R","Strike_R","Strike_R","Defend_R","Defend_R","Defend_R","Defend_R","Bash+1","Flame Barrier+1","Hemokinesis+1","Iron Wave+1","Uppercut+1","Offering+1","Shrug It Off","Shockwave","Ghostly Armor","Carnage+1","Immolate+1","Whirlwind+1","Entrench+1","Shrug It Off","True Grit+1","Flame Barrier+1","Corruption","Carnage","Inflame+1","Shockwave","Rupture+1","Impervious","Burning Pact+1"],"relics":["SacredBark","Happy Flower","Potion Belt","TungstenRod","Bird Faced Urn","Black Star","FossilizedHelix","Vajra","Akabeko","MawBank","Centennial Puzzle","Blood Vial","Snecko Eye","Champion Belt","Dream Catcher","Kunai","DollysMirror","PreservedInsect","Boot","Singing Bowl","Shuriken","Whetstone","Bottled Tornado","InkBottle"],"acts_visited":["Exordium","TheCity","TheBeyond","TheEnding"],"potions_floor_usage":[7,10,12,16,20,23,29,29,33,33,33,50,54,55,55,55],"damage_taken":[{"damage":8,"enemies":"Cultist","floor":1,"turns":5},{"damage":2,"enemies":"Jaw Worm","floor":2,"turns":4},{"damage":1,"enemies":"2 Louse","floor":4,"turns":3},{"damage":12,"enemies":"Gremlin Nob","floor":7,"turns":3},{"damage":14,"enemies":"3 Sentries","floor":10,"turns":4},{"damage":13,"enemies":"Lagavulin","floor":12,"turns":6},{"damage":2,"enemies":"Looter","floor":13,"turns":3},{"damage":0,"enemies":"Blue Slaver","floor":14,"turns":3},{"damage":6,"enemies":"Slime Boss","floor":16,"turns":5},{"damage":10,"enemies":"Shell Parasite","floor":18,"turns":4},{"damage":6,"enemies":"Spheric Guardian","floor":20,"turns":3},{"damage":5,"enemies":"3 Cultists","floor":21,"turns":3},{"damage":10,"enemies":"Centurion and Healer","floor":22,"turns":6},{"damage":18,"enemies":"Gremlin Leader","floor":23,"turns":3},{"damage":1,"enemies":"Snecko","floor":24,"turns":3},{"damage":0,"enemies":"Cultist and Chosen","floor":25,"turns":5},{"damage":0,"enemies":"Snake Plant","floor":28,"turns":3},{"damage":0,"enemies":"Book of Stabbing","floor":29,"turns":5},{"damage":18,"enemies":"Slavers","floor":31,"turns":6},{"damage":69,"enemies":"Collector","floor":33,"turns":15},{"damage":0,"enemies":"3 Shapes","floor":35,"turns":1},{"damage":1,"enemies":"Orb Walker","floor":38,"turns":3},{"damage":10,"enemies":"2 Orb Walkers","floor":39,"turns":3},{"damage":2,"enemies":"Giant Head","floor":40,"turns":7},{"damage":3,"enemies":"Reptomancer","floor":42,"turns":4},{"damage":0,"enemies":"Spire Growth","floor":47,"turns":5},{"damage":6,"enemies":"Time Eater","floor":50,"turns":5},{"damage":0,"enemies":"Shield and Spear","floor":54,"turns":3},{"damage":54,"enemies":"The Heart","floor":55,"turns":7}],"seed_played":"-7368675204249876193","potions_obtained":[{"floor":4,"key":"ColorlessPotion"},{"floor":7,"key":"Swift Potion"},{"floor":10,"key":"CultistPotion"},{"floor":13,"key":"AttackPotion"},{"floor":14,"key":"BloodPotion"},{"floor":21,"key":"LiquidBronze"},{"floor":22,"key":"Block Potion"},{"floor":23,"key":"AttackPotion"},{"floor":25,"key":"EssenceOfSteel"},{"floor":28,"key":"EssenceOfSteel"},{"floor":38,"key":"BlessingOfTheForge"},{"floor":42,"key":"DistilledChaos"},{"floor":47,"key":"Strength Potion"}],"is_trial":false,"path_per_floor":["M","M","?","M","$","R","E","R","T","E","R","E","M","M","R","B",null,"M","?","M","M","M","E","M","M","T","R","M","E","R","E","R","B",null,"M","?","?","M","?","E","$","E","T","R","?","$","M","T","R","B",null,"R","$","E","B",null],"character_chosen":"IRONCLAD","items_purchased":["Uppercut","Explosive Potion","DollysMirror","DistilledChaos","Ancient Potion","Shuriken","Impervious","LiquidMemories","SpeedPotion"],"campfire_rested":1,"item_purchase_floors":[5,5,41,41,41,46,46,46,53],"current_hp_per_floor":[72,70,75,74,74,74,62,62,62,48,48,35,33,33,33,27,85,75,75,69,64,54,36,35,35,35,60,60,60,60,42,42,9,85,85,85,85,84,77,79,79,80,80,80,80,80,87,87,87,81,87,87,87,87,33],"gold":89,"neow_bonus":"BOSS_RELIC","is_daily":false,"chose_seed":false,"campfire_upgraded":8,"win_rate":0.0,"timestamp":1612243121,"path_taken":["M","M","?","M","$","R","E","R","T","E","R","E","M","M","R","BOSS","M","?","M","M","?","E","M","M","T","R","M","E","R","E","R","BOSS","M","?","?","M","?","E","?","E","T","R","?","$","M","?","R","BOSS","R","$","E","BOSS"],"items_purchased_type":["Card","Potion","Relic","Potion","Potion","Relic","Card","Potion","Potion"],"build_version":"2020-12-22","purchased_purges":1,"victory":true,"max_hp_per_floor":[80,80,85,85,85,85,85,85,85,85,85,85,85,85,85,85,85,85,85,85,85,85,85,85,85,85,85,85,85,85,85,85,85,85,85,85,85,85,85,85,85,85,85,85,85,85,87,87,87,87,87,87,87,87,87],"relic_stats":{"Happy Flower":[38],"Singing Bowl":2,"counters":[29,130],"PreservedInsect":68,"Whetstone":["Hemokinesis","Iron Wave"],"MawBank":144,"Boot":[4],"Blood Vial":9,"Centennial Puzzle":[21],"Dream Catcher":0,"Shuriken":[6],"Bird Faced Urn":[9],"Snecko Eye":[70,67,81,80],"Black Star":6,"Champion Belt":[28],"Kunai":[8],"obtain_stats":[{"Singing Bowl":43,"SacredBark":0,"Vajra":23,"Whetstone":48,"Bottled Tornado":54,"Boot":42,"Burning Blood":0,"Blood Vial":31,"Centennial Puzzle":31,"Dream Catcher":40,"DollysMirror":41,"Kunai":40,"InkBottle":54,"Potion Belt":9,"Happy Flower":7,"PreservedInsect":42,"MawBank":29,"Akabeko":29,"Shuriken":46,"Bird Faced Urn":12,"Snecko Eye":34,"Black Star":17,"Champion Belt":39,"TungstenRod":10,"FossilizedHelix":23},{"Singing Bowl":25,"SacredBark":0,"Vajra":14,"Whetstone":26,"Bottled Tornado":28,"Boot":25,"Burning Blood":0,"Blood Vial":19,"Centennial Puzzle":19,"Dream Catcher":24,"DollysMirror":24,"Kunai":24,"InkBottle":28,"Potion Belt":4,"Happy Flower":4,"PreservedInsect":25,"MawBank":18,"Akabeko":18,"Shuriken":25,"Bird Faced Urn":6,"Snecko Eye":20,"Black Star":9,"Champion Belt":23,"TungstenRod":5,"FossilizedHelix":14},{"Singing Bowl":110,"SacredBark":0,"Vajra":55,"Whetstone":115,"Bottled Tornado":123,"Boot":110,"Burning Blood":0,"Blood Vial":77,"Centennial Puzzle":77,"Dream Catcher":106,"DollysMirror":106,"Kunai":106,"InkBottle":123,"Potion Belt":15,"Happy Flower":15,"PreservedInsect":110,"MawBank":71,"Akabeko":71,"Shuriken":110,"Bird Faced Urn":25,"Snecko Eye":92,"Black Star":36,"Champion Belt":99,"TungstenRod":19,"FossilizedHelix":55}],"TungstenRod":70,"InkBottle":[3]},"card_choices":[{"not_picked":["Headbutt","Second Wind"],"picked":"Flame Barrier","floor":1},{"not_picked":["Searing Blow","Spot Weakness"],"picked":"Hemokinesis","floor":2},{"not_picked":["Clash","Power Through"],"picked":"Iron Wave","floor":4},{"not_picked":["Exhume","Clothesline"],"picked":"Offering","floor":7},{"not_picked":["Feel No Pain","Heavy Blade"],"picked":"Shrug It Off","floor":10},{"not_picked":["True Grit","Warcry"],"picked":"Shockwave","floor":12},{"not_picked":["Armaments","Heavy Blade"],"picked":"Ghostly Armor","floor":13},{"not_picked":["Flame Barrier","Hemokinesis"],"picked":"Carnage","floor":14},{"not_picked":["Brutality","Exhume"],"picked":"Immolate","floor":16},{"not_picked":["Cleave+1","Entrench"],"picked":"Whirlwind+1","floor":18},{"not_picked":["Cleave","Wild Strike"],"picked":"Entrench","floor":20},{"not_picked":["Anger","Shockwave"],"picked":"Shrug It Off","floor":21},{"not_picked":["Wild Strike","Ghostly Armor+1"],"picked":"True Grit+1","floor":22},{"not_picked":["Carnage","True Grit"],"picked":"Flame Barrier","floor":23},{"not_picked":["Sentinel","Pummel","Twin Strike"],"picked":"SKIP","floor":24},{"not_picked":["Headbutt","Cleave","Bloodletting"],"picked":"SKIP","floor":25},{"not_picked":["Clothesline","Dual Wield","Pummel"],"picked":"SKIP","floor":28},{"not_picked":["Twin Strike","Hemokinesis","Anger"],"picked":"SKIP","floor":29},{"not_picked":["Thunderclap","Dual Wield","Perfected Strike"],"picked":"SKIP","floor":31},{"not_picked":["Bludgeon","Offering"],"picked":"Corruption","floor":33},{"not_picked":["Body Slam+1","Havoc","Anger+1"],"picked":"SKIP","floor":35},{"not_picked":["Cleave","Warcry+1","Body Slam+1"],"picked":"SKIP","floor":38},{"not_picked":["Whirlwind","Havoc"],"picked":"Carnage","floor":39},{"not_picked":["Combust","Uppercut"],"picked":"Inflame+1","floor":40},{"not_picked":["Blood for Blood+1","Heavy Blade"],"picked":"Rupture","floor":42},{"not_picked":["Twin Strike","Shrug It Off+1","Sword Boomerang"],"picked":"Singing Bowl","floor":47},{"not_picked":["Clothesline+1","True Grit+1"],"picked":"Burning Pact+1","floor":54}],"player_experience":19409,"relics_obtained":[{"floor":7,"key":"Happy Flower"},{"floor":9,"key":"Potion Belt"},{"floor":10,"key":"TungstenRod"},{"floor":12,"key":"Bird Faced Urn"},{"floor":23,"key":"FossilizedHelix"},{"floor":23,"key":"Vajra"},{"floor":29,"key":"Akabeko"},{"floor":29,"key":"MawBank"},{"floor":31,"key":"Centennial Puzzle"},{"floor":31,"key":"Blood Vial"},{"floor":39,"key":"Champion Belt"},{"floor":40,"key":"Dream Catcher"},{"floor":40,"key":"Kunai"},{"floor":42,"key":"PreservedInsect"},{"floor":42,"key":"Boot"},{"floor":43,"key":"Singing Bowl"},{"floor":48,"key":"Whetstone"},{"floor":54,"key":"Bottled Tornado"},{"floor":54,"key":"InkBottle"}],"event_choices":[{"damage_healed":0,"gold_gain":0,"player_choice":"Donut","damage_taken":0,"max_hp_gain":5,"max_hp_loss":0,"event_name":"Big Fish","floor":3,"gold_loss":0},{"damage_healed":0,"gold_gain":0,"player_choice":"Upgraded","damage_taken":0,"max_hp_gain":0,"max_hp_loss":0,"event_name":"Upgrade Shrine","floor":19,"gold_loss":0,"cards_upgraded":["Immolate"]},{"damage_healed":0,"gold_gain":0,"player_choice":"Memory 1","damage_taken":0,"max_hp_gain":0,"max_hp_loss":0,"event_name":"SensoryStone","floor":36,"gold_loss":0},{"cards_removed":["Strike_R"],"damage_healed":0,"gold_gain":0,"player_choice":"Removed Attack","damage_taken":0,"max_hp_gain":0,"max_hp_loss":0,"event_name":"Falling","floor":37,"gold_loss":0},{"damage_healed":0,"gold_gain":0,"player_choice":"Fight","damage_taken":0,"max_hp_gain":0,"max_hp_loss":0,"event_name":"Mysterious Sphere","floor":39,"gold_loss":0},{"damage_healed":0,"gold_gain":0,"player_choice":"Ignored","damage_taken":0,"max_hp_gain":0,"max_hp_loss":0,"event_name":"Tomb of Lord Red Mask","floor":45,"gold_loss":0}],"is_beta":false,"boss_relics":[{"not_picked":["Runic Dome","Fusion Hammer"],"picked":"Black Star"},{"not_picked":["Philosopher\u0027s Stone","Runic Pyramid"],"picked":"Snecko Eye"}],"items_purged_floors":[41],"is_endless":false,"potions_floor_spawned":[4,7,10,13,14,21,22,23,25,28,38,42,47],"ascension_level":1}}