{"host":"wuernuywc9gl215o","time":1612286521,"event":{"mods":["AchievementEnabler","BaseMod","Block Reminder","Highlight Path","Key Reminder","Minty Spire (QoL Compilation)","Permanent Neow","Potion Indicator Mod","Quick Restart","Relic Stats"],"gold_per_floor":[209,222,222,242,258,291,307,339,363,390,427,450,462,489,501,513,513],"floor_reached":16,"language":"ENG","playtime":2340,"items_purged":[],"score":191,"play_id":"3a016f7c-0d6f-412e-9599-f4d0361d4fa9","local_time":"20210202172201","is_ascension_mode":true,"campfire_choices":[{"floor":15,"key":"REST"}],"circlet_count":0,"master_deck":["AscendersBane","Strike_G+1","Strike_G","Strike_G","Strike_G","Strike_G","Defend_G","Defend_G","Defend_G","Defend_G","Defend_G","Survivor","Neutralize+1","Blade Dance","Terror","Bouncing Flask","PiercingWail","Accuracy","Flechettes","Backflip","Catalyst","Cloak And Dagger","Backflip"],"relics":["Ring of the Snake","Paper Crane","Whetstone","MawBank","Odd Mushroom"],"acts_visited":["Exordium"],"potions_floor_usage":[10],"damage_taken":[{"damage":2.0,"enemies":"Jaw Worm","floor":1.0,"turns":5.0},{"damage":0.0,"enemies":"Cultist","floor":2.0,"turns":3.0},{"damage":3.0,"enemies":"2 Louse","floor":4.0,"turns":4.0},{"damage":0.0,"enemies":"Gremlin Gang","floor":5.0,"turns":2.0},{"damage":14.0,"enemies":"Gremlin Nob","floor":6.0,"turns":4.0},{"damage":11.0,"enemies":"Looter","floor":7.0,"turns":3.0},{"damage":29.0,"enemies":"3 Sentries","floor":8.0,"turns":10.0},{"damage":0,"enemies":"Exordium Wildlife","floor":10,"turns":1},{"damage":21,"enemies":"The Mushroom Lair","floor":11,"turns":5},{"damage":11,"enemies":"Lots of Slimes","floor":12,"turns":5},{"damage":4,"enemies":"Blue Slaver","floor":14,"turns":5},{"damage":28,"enemies":"Slime Boss","floor":16,"turns":7}],"seed_played":"543497736144641861","potions_obtained":[{"floor":2.0,"key":"SpeedPotion"},{"floor":3.0,"key":"Regen Potion"},{"floor":3.0,"key":"Explosive Potion"},{"floor":4.0,"key":"SteroidPotion"},{"floor":5.0,"key":"Poison Potion"},{"floor":6.0,"key":"DuplicationPotion"},{"floor":8.0,"key":"FairyPotion"}],"is_trial":false,"path_per_floor":["M","M","?","M","M","E","M","E","T","M","?","M","$","M","R","B"],"character_chosen":"THE_SILENT","items_purchased":[],"campfire_rested":1,"item_purchase_floors":[],"current_hp_per_floor":[61,61,61,70,70,56,45,16,16,16,17,6,6,2,23,0,0],"gold":513,"neow_bonus":"HUNDRED_GOLD","is_daily":false,"chose_seed":false,"campfire_upgraded":0,"win_rate":0.0,"timestamp":1612286521,"path_taken":["M","M","?","?","M","E","M","E","T","M","?","M","$","M","R","BOSS"],"items_purchased_type":[],"build_version":"2020-12-22","purchased_purges":0,"victory":false,"max_hp_per_floor":[70,70,70,70,70,70,70,70,70,70,70,70,70,70,70,70,70],"relic_stats":{"counters":[12,54],"Whetstone":["Neutralize","Strike_G"],"MawBank":84,"obtain_stats":[{"Whetstone":8,"Paper Crane":6,"Odd Mushroom":11,"MawBank":9,"Ring of the Snake":0},{"Whetstone":7,"Paper Crane":5,"Odd Mushroom":9,"MawBank":7,"Ring of the Snake":0},{"Whetstone":31,"Paper Crane":18,"Odd Mushroom":37,"MawBank":31,"Ring of the Snake":0}],"Ring of the Snake":[24]},"card_choices":[{"not_picked":["Heel Hook","Outmaneuver"],"picked":"Blade Dance","floor":1.0},{"not_picked":["Masterful Stab","Reflex"],"picked":"Terror","floor":2.0},{"not_picked":["Outmaneuver","Dagger Throw"],"picked":"Bouncing Flask","floor":4.0},{"not_picked":["Slice","Outmaneuver"],"picked":"PiercingWail","floor":5.0},{"not_picked":["Flechettes","Footwork"],"picked":"Accuracy","floor":6.0},{"not_picked":["Sucker Punch","Poisoned Stab"],"picked":"Flechettes","floor":7.0},{"not_picked":["Setup","Doppelganger","Tactician"],"picked":"SKIP","floor":8.0},{"not_picked":["Backstab","Distraction"],"picked":"Backflip","floor":10},{"not_picked":["Prepared","Acrobatics"],"picked":"Catalyst","floor":11},{"not_picked":["Blade Dance","Masterful Stab"],"picked":"Cloak And Dagger","floor":12},{"not_picked":["Crippling Poison","Acrobatics"],"picked":"Backflip","floor":14}],"player_experience":776962,"relics_obtained":[{"floor":6.0,"key":"Paper Crane"},{"floor":8.0,"key":"Whetstone"},{"floor":9.0,"key":"MawBank"},{"floor":11,"key":"Odd Mushroom"}],"event_choices":[{"damage_healed":0.0,"max_hp_gain":0.0,"max_hp_loss":0.0,"gold_gain":0.0,"event_name":"Lab","player_choice":"Got Potions","floor":3.0,"gold_loss":0.0,"damage_taken":0.0},{"damage_healed":0,"gold_gain":0,"player_choice":"Fought Mushrooms","damage_taken":0,"max_hp_gain":0,"max_hp_loss":0,"event_name":"Mushrooms","floor":11,"gold_loss":0}],"is_beta":false,"boss_relics":[],"items_purged_floors":[],"is_endless":false,"potions_floor_spawned":[2,4,5,6,8],"killed_by":"Slime Boss","ascension_level":13}}