{"host":"e3jr8cs0hrgde9ri","time":1612240320,"event":{"mods":["2.2 Compatiblity","BaseMod","Highlight Path","Minty Spire (QoL Compilation)","Permanent Neow","Quick Restart","SuperFastMode"],"gold_per_floor":[111,161,179,192,192,192,222,236,236,236,249,249,249,283,283,283,283],"floor_reached":16,"language":"ENG","playtime":342,"items_purged":[],"score":220,"play_id":"3befc2cb-9f97-4f82-88d1-900ab1eabab1","local_time":"20210201203200","is_ascension_mode":true,"campfire_choices":[{"data":"Dagger Spray","floor":6.0,"key":"SMITH"},{"data":"Sucker Punch","floor":10.0,"key":"SMITH"},{"data":"All Out Attack","floor":12.0,"key":"SMITH"},{"data":"Wraith Form v2","floor":15,"key":"SMITH"}],"circlet_count":0,"master_deck":["AscendersBane","Strike_G","Strike_G","Strike_G","Strike_G","Strike_G","Defend_G","Defend_G","Defend_G","Defend_G","Defend_G","Survivor","Neutralize","Footwork","Dagger Spray+1","Backflip","Wraith Form v2+1","Sucker Punch+1","All Out Attack+1","Blur"],"relics":["Sozu","Orichalcum","Question Card","StrikeDummy","CaptainsWheel"],"acts_visited":["Exordium"],"potions_floor_usage":[],"damage_taken":[{"damage":0.0,"enemies":"2 Louse","floor":1.0,"turns":3.0},{"damage":0.0,"enemies":"Cultist","floor":3.0,"turns":5.0},{"damage":7.0,"enemies":"Jaw Worm","floor":4.0,"turns":4.0},{"damage":21.0,"enemies":"3 Sentries","floor":7.0,"turns":7.0},{"damage":5.0,"enemies":"2 Fungi Beasts","floor":8.0,"turns":4.0},{"damage":9.0,"enemies":"Exordium Wildlife","floor":11.0,"turns":3.0},{"damage":7,"enemies":"Lagavulin","floor":14,"turns":6},{"damage":24,"enemies":"Slime Boss","floor":16,"turns":8}],"seed_played":"-3990329868125104946","potions_obtained":[],"is_trial":false,"path_per_floor":["M","?","M","M","?","R","E","M","T","R","M","R","T","E","R","B"],"character_chosen":"THE_SILENT","items_purchased":[],"campfire_rested":0,"item_purchase_floors":[],"current_hp_per_floor":[59,59,59,52,57,57,36,31,31,31,22,22,22,15,15,0,0],"gold":283,"neow_bonus":"BOSS_RELIC","is_daily":false,"chose_seed":false,"campfire_upgraded":4,"win_rate":0.0,"timestamp":1612240320,"path_taken":["M","?","?","M","?","R","E","M","T","R","M","R","?","E","R","BOSS"],"items_purchased_type":[],"build_version":"2020-12-22","purchased_purges":0,"victory":false,"max_hp_per_floor":[66,66,66,66,71,71,71,71,71,71,71,71,71,71,71,71,71],"card_choices":[{"not_picked":["Dodge and Roll","Sucker Punch"],"picked":"Footwork","floor":1.0},{"not_picked":["Backflip","Dodge and Roll"],"picked":"Dagger Spray","floor":3.0},{"not_picked":["Dagger Spray","Skewer"],"picked":"Backflip","floor":4.0},{"not_picked":["Flying Knee","PiercingWail"],"picked":"Wraith Form v2","floor":7.0},{"not_picked":["Cloak And Dagger","Deflect"],"picked":"Sucker Punch","floor":8.0},{"not_picked":["Backflip","Concentrate","Prepared"],"picked":"All Out Attack","floor":11.0},{"not_picked":["Dagger Spray","Cloak And Dagger","Acrobatics"],"picked":"Blur","floor":14}],"player_experience":1805260,"relics_obtained":[{"floor":7.0,"key":"Orichalcum"},{"floor":9.0,"key":"Question Card"},{"floor":13.0,"key":"StrikeDummy"},{"floor":14,"key":"CaptainsWheel"}],"event_choices":[{"damage_healed":0.0,"max_hp_gain":0.0,"max_hp_loss":0.0,"gold_gain":50.0,"event_name":"Golden Shrine","player_choice":"Pray","floor":2.0,"gold_loss":0.0,"damage_taken":0.0},{"damage_healed":0.0,"max_hp_gain":5.0,"max_hp_loss":0.0,"gold_gain":0.0,"event_name":"Big Fish","player_choice":"Donut","floor":5.0,"gold_loss":0.0,"damage_taken":0.0}],"is_beta":false,"boss_relics":[],"items_purged_floors":[],"is_endless":false,"potions_floor_spawned":[3,4],"killed_by":"Slime Boss","ascension_level":20}}