{"host":"rantoq7h0pygex6x","time":1612274214,"event":{"mods":["AchievementEnabler","BaseMod","BetterRewards","Minty Spire (QoL Compilation)"],"gold_per_floor":[12,27,42,60,60,60,15,34,59,75,95,20,31,48,48,121,121,135,135,135,135,148,179,179,94,94,94,94,94],"floor_reached":28,"language":"ENG","playtime":595,"items_purged":["Strike_B"],"score":464,"play_id":"59074494-aa37-4b09-a32d-d1969ee42e53","local_time":"20210202215654","is_ascension_mode":true,"campfire_choices":[{"data":"Zap","floor":6.0,"key":"SMITH"},{"floor":15.0,"key":"REST"},{"floor":24.0,"key":"REST"},{"data":"Streamline","floor":27.0,"key":"SMITH"}],"circlet_count":0,"master_deck":["AscendersBane","Strike_B","Strike_B","Defend_B","Defend_B","Defend_B","Zap+1","Dualcast","Echo Form","Loop","Cold Snap","Cold Snap","Conserve Battery","Streamline+1","Self Repair","Ball Lightning","Redo","Stack","Barrage"],"relics":["Cracked Core","Juzu Bracelet","Busted Crown","MutagenicStrength","Centennial Puzzle","MealTicket","Omamori","Pear"],"acts_visited":["TheCity"],"potions_floor_usage":[],"damage_taken":[{"damage":7.0,"enemies":"Jaw Worm","floor":1.0,"turns":3.0},{"damage":7.0,"enemies":"2 Louse","floor":2.0,"turns":2.0},{"damage":0.0,"enemies":"Small Slimes","floor":3.0,"turns":3.0},{"damage":29.0,"enemies":"Gremlin Gang","floor":4.0,"turns":6.0},{"damage":7.0,"enemies":"Exordium Thugs","floor":8.0,"turns":5.0},{"damage":7.0,"enemies":"Blue Slaver","floor":10.0,"turns":4.0},{"damage":7.0,"enemies":"3 Louse","floor":11.0,"turns":4.0},{"damage":5.0,"enemies":"Lots of Slimes","floor":13.0,"turns":4.0},{"damage":9.0,"enemies":"Looter","floor":14.0,"turns":4.0},{"damage":10.0,"enemies":"The Guardian","floor":16.0,"turns":11.0},{"damage":24.0,"enemies":"2 Thieves","floor":18.0,"turns":4.0},{"damage":0.0,"enemies":"Chosen","floor":22.0,"turns":4.0},{"damage":49.0,"enemies":"Book of Stabbing","floor":23.0,"turns":5.0},{"damage":49,"enemies":"Shelled Parasite and Fungi","floor":28,"turns":4}],"seed_played":"5036884704736558469","potions_obtained":[{"floor":3.0,"key":"Swift Potion"},{"floor":4.0,"key":"PowerPotion"},{"floor":11.0,"key":"Fire Potion"},{"floor":13.0,"key":"ColorlessPotion"},{"floor":18.0,"key":"SkillPotion"}],"is_trial":false,"path_per_floor":["M","M","M","M","$","R","?","M","T","M","M","$","M","M","R","B",null,"M","$","?","T","M","E","R","?","T","R","M"],"character_chosen":"DEFECT","items_purchased":[],"campfire_rested":2,"item_purchase_floors":[],"current_hp_per_floor":[57,50,50,21,21,21,21,14,14,14,14,14,16,14,35,32,61,44,44,44,44,51,16,37,37,47,47,0,0],"gold":94,"neow_bonus":"TRANSFORM_TWO_CARDS","is_daily":false,"chose_seed":false,"campfire_upgraded":2,"win_rate":0.0,"timestamp":1612274214,"path_taken":["M","M","M","M","$","R","?","M","T","M","M","$","M","M","R","BOSS","M","$","?","?","M","E","R","?","T","R","M"],"items_purchased_type":[],"build_version":"2020-12-22","purchased_purges":1,"victory":false,"max_hp_per_floor":[71,71,71,71,71,71,71,71,71,71,71,71,71,71,71,71,71,71,71,71,71,71,71,71,71,81,81,81,81],"card_choices":[{"not_picked":["Lockon","Static Discharge"],"picked":"Cold Snap","floor":1.0},{"not_picked":["Streamline","Go for the Eyes"],"picked":"Cold Snap","floor":2.0},{"not_picked":["Barrage","Stack"],"picked":"Conserve Battery","floor":3.0},{"not_picked":["Steam","Genetic Algorithm"],"picked":"Streamline","floor":4.0},{"not_picked":["Ball Lightning","Melter"],"picked":"Self Repair","floor":8.0},{"not_picked":["BootSequence","Streamline"],"picked":"Ball Lightning","floor":10.0},{"not_picked":["Fusion","Leap"],"picked":"Redo","floor":11.0},{"not_picked":["Ball Lightning","Conserve Battery","Compile Driver"],"picked":"SKIP","floor":13.0},{"not_picked":["Ball Lightning","Steam Power"],"picked":"Stack","floor":14.0},{"not_picked":[],"picked":"Barrage","floor":18.0},{"not_picked":["Barrage"],"picked":"SKIP","floor":22.0},{"not_picked":["Cold Snap"],"picked":"SKIP","floor":23.0}],"player_experience":973664,"relics_obtained":[{"floor":9.0,"key":"Juzu Bracelet"},{"floor":21.0,"key":"Centennial Puzzle"},{"floor":23.0,"key":"MealTicket"},{"floor":26.0,"key":"Pear"}],"event_choices":[{"damage_healed":0.0,"max_hp_gain":0.0,"max_hp_loss":0.0,"gold_gain":0.0,"event_name":"World of Goop","player_choice":"Left Gold","floor":7.0,"gold_loss":45.0,"damage_taken":0.0},{"damage_healed":0.0,"max_hp_gain":0.0,"max_hp_loss":0.0,"gold_gain":0.0,"event_name":"Drug Dealer","player_choice":"Inject Mutagens","floor":20.0,"gold_loss":0.0,"damage_taken":0.0,"relics_obtained":["MutagenicStrength"]},{"damage_healed":0.0,"max_hp_gain":0.0,"max_hp_loss":0.0,"gold_gain":0.0,"event_name":"Addict","player_choice":"Obtained Relic","floor":25.0,"gold_loss":85.0,"damage_taken":0.0,"relics_obtained":["Omamori"]}],"is_beta":false,"boss_relics":[{"not_picked":["Runic Pyramid","Astrolabe"],"picked":"Busted Crown"}],"items_purged_floors":[12],"is_endless":false,"potions_floor_spawned":[3,4,8,11,13,18],"killed_by":"Shelled Parasite and Fungi","ascension_level":20}}