{"host":"6rz02yiipefhcw4r","time":1612230911,"event":{"mods":["2.2 Compatiblity","Arknights","BaseMod","Better Match","Better Third Choice","Better Vampires","BetterRewards","Block Reminder","Colored Map","Curses Come First","DeckTracker","Googly Eyes","Hubris","Minty Spire (QoL Compilation)","Quick Restart","Rare Cards Sparkle","Reliquary","Shade Mod","Spicy Shops","StSLib","The Bladedancer","The Cursed","The Marked","The Necromancer","The Runesmith"],"gold_per_floor":[119,138,158,9,9,37,37,67,67,67,67],"floor_reached":10,"language":"ENG","playtime":250,"items_purged":["Strike_R"],"score":152,"play_id":"d186505a-f119-4f6f-8e86-e475e09b2217","local_time":"20210201235511","is_ascension_mode":true,"campfire_choices":[{"data":"Rupture","floor":7,"key":"SMITH"}],"circlet_count":0,"master_deck":["AscendersBane","Strike_R","Strike_R","Strike_R","Strike_R","Defend_R","Defend_R","Defend_R","Defend_R","Bash+1","Clash+1","Hemokinesis+1","Clothesline","Rupture+1","Offering","Shrug It Off"],"relics":["Burning Blood","NeowsBlessing","Mango","Whetstone","Ornamental Fan"],"acts_visited":["Exordium"],"potions_floor_usage":[6],"damage_taken":[{"damage":0,"enemies":"Jaw Worm","floor":1,"turns":1},{"damage":0,"enemies":"Small Slimes","floor":2,"turns":1},{"damage":0,"enemies":"Cultist","floor":3,"turns":1},{"damage":39,"enemies":"3 Sentries","floor":6,"turns":9},{"damage":13,"enemies":"Gremlin Nob","floor":8,"turns":3},{"damage":32,"enemies":"3 Sentries","floor":10,"turns":8}],"seed_played":"-7863599277158659277","potions_obtained":[{"floor":3,"key":"SteroidPotion"},{"floor":8,"key":"SmokeBomb"}],"is_trial":false,"path_per_floor":["M","M","M","$","?","E","R","E","T","E"],"character_chosen":"IRONCLAD","items_purchased":["Rupture"],"campfire_rested":0,"item_purchase_floors":[4],"current_hp_per_floor":[74,75,75,75,75,56,56,49,49,17,17],"gold":67,"neow_bonus":"THREE_ENEMY_KILL","is_daily":false,"chose_seed":false,"campfire_upgraded":1,"win_rate":0.0,"timestamp":1612230911,"path_taken":["M","M","M","$","?","E","R","E","T","E"],"items_purchased_type":["Card"],"build_version":"2020-12-22","purchased_purges":1,"victory":false,"max_hp_per_floor":[75,75,75,75,75,89,89,89,89,89,89],"card_choices":[{"not_picked":["Blood for Blood","Seeing Red"],"picked":"Clash","floor":1},{"not_picked":["Warcry","Anger"],"picked":"Hemokinesis","floor":2},{"not_picked":["hubris:SharpeningStone","Rage"],"picked":"Clothesline","floor":3},{"not_picked":["Feel No Pain","Double Tap"],"picked":"Offering","floor":6},{"not_picked":["Disarm","Flex"],"picked":"Shrug It Off","floor":8}],"player_experience":794247,"relics_obtained":[{"floor":6,"key":"Mango"},{"floor":8,"key":"Whetstone"},{"floor":9,"key":"Ornamental Fan"}],"event_choices":[],"is_beta":false,"boss_relics":[],"items_purged_floors":[4],"is_endless":false,"potions_floor_spawned":[3,8],"killed_by":"3 Sentries","ascension_level":20}}