{"host":"4gr5irrdjh39ysed","time":1612240079,"event":{"mods":["AchievementEnabler","BaseMod","Colored Map","Downfall","Hermit","Minty Spire (QoL Compilation)","Random Character Button","StSLib","The Construct","The Cursed","The Disciple","The Hierophant","The Mystic","The Necromancer","The Runesmith"],"gold_per_floor":[99,113,128,38,30,58,83,183,204,104,121,139,154,193,203,308,308,208,234,261,289,289,317,317,131,31,59,144,69,289,324,334,444,444,444,456,456,514,7,21,21,21,32,61,118,146,11,62,88,88,88,119,21,21,21,21],"floor_reached":57,"language":"ENG","playtime":3875,"items_purged":["hexamod:Defend","hexamod:Defend","hexamod:Defend","hexamod:Defend"],"score":1258,"play_id":"1dca8566-cb11-48fb-935d-29016bc15ec9","local_time":"20210201212759","is_ascension_mode":false,"campfire_choices":[{"floor":1,"key":"RECALL"},{"data":"hexamod:TimeWarp","floor":10,"key":"SMITH"},{"data":"hexamod:UnleashSpirits","floor":18,"key":"SMITH"},{"data":"hexamod:WildfireWeapon","floor":26,"key":"SMITH"},{"data":"hexamod:HexaLevel","floor":35,"key":"SMITH"},{"data":"hexamod:TimeWarp","floor":42,"key":"SMITH"},{"data":"hexamod:HeatCrush","floor":54,"key":"SMITH"}],"circlet_count":0,"master_deck":["hexamod:Strike","hexamod:Strike","hexamod:Strike","hexamod:Strike","hexamod:Sear+1","hexamod:Float","hexamod:RecurringNightmare","hexamod:EtherealExpedition","hexamod:TimeWarp+1","hexamod:SecondSeal","hexamod:Incineration","hexamod:StepThrough","hexamod:HeatMetal+1","hexamod:SoulSteal","hexamod:StepThrough","hexamod:GhostflameInferno","hexamod:SkipABeat","hexamod:UnleashSpirits+1","hexamod:HeatCrush+1","hexamod:SpectralAdrenaline+1","hexamod:Rewind","hexamod:BurningTouch+1","hexamod:WildfireWeapon+1","hexamod:ExtraCrispy","hexamod:EtherealExpedition","hexamod:RainOfEmbers","hexamod:Incineration","hexamod:Firestarter","hexamod:TimeWarp+1","hexamod:HexaLevel+1","hexamod:PhantomFireball","hexamod:EmpoweredFlame","hexamod:RadiantFlame+1","hexamod:ChargedBarrage","hexamod:ExtraCrispy+1","hexamod:TimeWarp","hexamod:NightmareStrike","hexamod:HeatCrush","Enlightenment"],"relics":["hexamod:UnbrokenSoul","Pen Nib","downfall:HeartBlessingRed","Potion Belt","downfall:HeartBlessingGreen","downfall:HeartBlessingBlue","Happy Flower","SlaversCollar","construct:RocketBooster","construct:BoolHorns","Bag of Preparation","Ice Cream","Dead Branch","Bag of Marbles","Orichalcum"],"acts_visited":["Exordium","TheCity","TheBeyond","TheEnding"],"potions_floor_usage":[14,23,25,32,33,40,45,50,56,56],"damage_taken":[{"damage":5,"enemies":"Small Slimes","floor":2,"turns":3},{"damage":1,"enemies":"2 Louse","floor":3,"turns":2},{"damage":5,"enemies":"downfall:FleeingMerchant","floor":4,"turns":4},{"damage":6,"enemies":"Jaw Worm","floor":6,"turns":2},{"damage":16,"enemies":"Exordium Wildlife","floor":9,"turns":4},{"damage":7,"enemies":"Blue Slaver","floor":11,"turns":3},{"damage":0,"enemies":"Large Slime","floor":12,"turns":3},{"damage":10,"enemies":"3 Louse","floor":13,"turns":3},{"damage":31,"enemies":"Lagavulin","floor":14,"turns":4},{"damage":19,"enemies":"Blue Slaver","floor":15,"turns":3},{"damage":66,"enemies":"DF_ARCHETYPE_STREAMLINE","floor":16,"turns":9},{"damage":24,"enemies":"Spheric Guardian","floor":19,"turns":4},{"damage":45,"enemies":"3 Cultists","floor":20,"turns":5},{"damage":34,"enemies":"Snake Plant","floor":21,"turns":4},{"damage":24,"enemies":"Centurion and Healer","floor":23,"turns":5},{"damage":15,"enemies":"downfall:FleeingMerchant","floor":25,"turns":4},{"damage":54,"enemies":"Shelled Parasite and Fungi","floor":27,"turns":5},{"damage":20,"enemies":"downfall:FleeingMerchant","floor":29,"turns":4},{"damage":25,"enemies":"downfall:FleeingMerchant","floor":30,"turns":3},{"damage":25,"enemies":"Book of Stabbing","floor":31,"turns":3},{"damage":36,"enemies":"Snake Plant","floor":32,"turns":3},{"damage":100,"enemies":"WA_ARCHETYPE_CALM","floor":33,"turns":9},{"damage":23,"enemies":"Orb Walker","floor":36,"turns":3},{"damage":1030,"enemies":"Orb Walker","floor":38,"turns":5},{"damage":18,"enemies":"3 Shapes","floor":40,"turns":4},{"damage":35,"enemies":"Maw","floor":43,"turns":5},{"damage":96,"enemies":"Reptomancer","floor":44,"turns":4},{"damage":66,"enemies":"2 Orb Walkers","floor":45,"turns":4},{"damage":52,"enemies":"Transient","floor":46,"turns":5},{"damage":49,"enemies":"3 Darklings","floor":49,"turns":5},{"damage":234,"enemies":"IC_BLOCK_ARCHETYPE","floor":50,"turns":8},{"damage":119,"enemies":"downfall:CharBossMerchant","floor":52,"turns":6},{"damage":148,"enemies":"downfall:NeowBoss","floor":55,"turns":17},{"damage":90,"enemies":"downfall:NeowBossFinal","floor":56,"turns":7}],"seed_played":"-4213550559835607982","potions_obtained":[{"floor":2,"key":"DuplicationPotion"},{"floor":12,"key":"Swift Potion"},{"floor":13,"key":"SteroidPotion"},{"floor":14,"key":"SkillPotion"},{"floor":15,"key":"hexamod:InfernoChargePotion"},{"floor":20,"key":"Guardian:BlockOnCardUsePotion"},{"floor":31,"key":"Fire Potion"},{"floor":32,"key":"Explosive Potion"},{"floor":38,"key":"Fire Potion"},{"floor":44,"key":"Strength Potion"}],"is_trial":false,"path_per_floor":["R","M","M","$","?","M","T","?","M","R","M","M","M","E","M","B",null,"R","M","M","M","?","M","T","$","R","M","?","$","$","E","M","B",null,"R","M","?","?","$","M","T","R","M","E","?","M","$","?","M","B",null,"E","$","R","B","B",null],"character_chosen":"THE_SPIRIT","items_purchased":["hexamod:ExtraCrispy","hexamod:RainOfEmbers","hexamod:EmpoweredFlame","construct:BoolHorns","hexamod:TimeWarp","Enlightenment"],"campfire_rested":0,"item_purchase_floors":[25,29,39,39,47,53],"current_hp_per_floor":[2077,2072,2071,2066,2066,2060,2060,2060,2044,2044,2037,2037,2027,1996,1977,1911,2077,2077,2053,2008,1974,1974,1950,1950,1935,1945,1891,1877,1857,1832,1807,1771,1671,2087,2087,2064,2064,1034,1034,1016,1016,1016,981,885,819,767,767,767,718,484,2087,1968,1968,1968,1820,1730],"gold":21,"neow_bonus":"TEN_PERCENT_HP_BONUS","is_daily":false,"chose_seed":false,"campfire_upgraded":6,"win_rate":0.0,"timestamp":1612240079,"path_taken":["R","M","M","$","?","M","T","?","M","R","M","M","M","E","M","BOSS","R","M","M","M","?","M","T","$","R","M","?","?","$","E","M","BOSS","R","M","?","?","$","M","T","R","M","E","?","M","$","?","M","BOSS","E","$","R","BOSS","BOSS"],"items_purchased_type":["Card","Card","Card","Relic","Card","Card"],"build_version":"2020-12-22","purchased_purges":4,"victory":true,"max_hp_per_floor":[2077,2077,2077,2077,2077,2077,2077,2077,2077,2077,2077,2077,2077,2077,2077,2077,2077,2077,2077,2077,2077,2077,2077,2077,2077,2087,2087,2087,2087,2087,2087,2087,2087,2087,2087,2087,2087,2087,2087,2087,2087,2087,2087,2087,2087,2087,2087,2087,2087,2087,2087,2087,2087,2087,2087,2087],"card_choices":[{"not_picked":["hexamod:GhostOfSpireFuture","hexamod:RetreatToShadows"],"picked":"hexamod:RecurringNightmare","floor":2},{"not_picked":["hexamod:GhostLash","hexamod:RadiantFlame"],"picked":"hexamod:EtherealExpedition","floor":3},{"not_picked":["hexamod:HeatShield","hexamod:ThermalTransfer"],"picked":"hexamod:TimeWarp","floor":4},{"not_picked":["hexamod:NightmareStrike","hexamod:InspiringFlames"],"picked":"hexamod:Incineration","floor":6},{"not_picked":["hexamod:SkipABeat","hexamod:Hexaguard"],"picked":"hexamod:StepThrough","floor":9},{"not_picked":["hexamod:SpectersWail","hexamod:HauntingEcho"],"picked":"hexamod:HeatMetal","floor":11},{"not_picked":["hexamod:InspiringFlames","hexamod:Hexaguard"],"picked":"hexamod:SoulSteal","floor":12},{"not_picked":["hexamod:HauntingEcho","hexamod:InspiringFlames"],"picked":"hexamod:StepThrough","floor":13},{"not_picked":["hexamod:NightmareStrike","hexamod:InspiringFlames"],"picked":"hexamod:GhostflameInferno","floor":14},{"not_picked":["hexamod:Hexaguard","hexamod:InspiringFlames"],"picked":"hexamod:SkipABeat","floor":15},{"not_picked":["hexamod:GhostflameInferno","hexamod:TimeWarp"],"picked":"hexamod:UnleashSpirits","floor":16},{"not_picked":["hexamod:SoulSteal","hexamod:GhostOfSpireFuture"],"picked":"hexamod:HeatCrush","floor":19},{"not_picked":["hexamod:GhostLash+1","hexamod:BurningTouch"],"picked":"hexamod:SpectralAdrenaline+1","floor":20},{"not_picked":["hexamod:HeatMetal","hexamod:ShieldOfDarkness"],"picked":"hexamod:Rewind","floor":21},{"not_picked":["hexamod:NightmareStrike","hexamod:EmpoweredFlame"],"picked":"hexamod:BurningTouch+1","floor":23},{"not_picked":["hexamod:GhostShield","hexamod:HeatCrush"],"picked":"hexamod:WildfireWeapon","floor":25},{"not_picked":["hexamod:BurningTouch","hexamod:InspiringFlames","hexamod:FirstSeal"],"picked":"SKIP","floor":27},{"not_picked":["hexamod:AdvancingGuard","hexamod:HauntingEcho+1"],"picked":"hexamod:EtherealExpedition","floor":29},{"not_picked":["hexamod:AdvancingGuard+1","hexamod:SwordOfDarkness+1"],"picked":"hexamod:Incineration","floor":30},{"not_picked":["hexamod:AdvancingGuard","hexamod:Incineration"],"picked":"hexamod:Firestarter","floor":31},{"not_picked":["hexamod:HauntingEcho+1","hexamod:ThermalTransfer"],"picked":"hexamod:TimeWarp","floor":32},{"not_picked":["hexamod:SixthSeal","hexamod:ParanormalForm"],"picked":"hexamod:HexaLevel","floor":33},{"not_picked":["hexamod:HeatMetal+1","hexamod:Hexaguard+1","hexamod:GhostLash"],"picked":"SKIP","floor":36},{"not_picked":["hexamod:SecondSeal","hexamod:RainOfEmbers"],"picked":"hexamod:PhantomFireball","floor":38},{"not_picked":["hexamod:FirstSeal","hexamod:InspiringFlames+1"],"picked":"hexamod:RadiantFlame+1","floor":40},{"not_picked":["hexamod:SwordOfDarkness","hexamod:Hexaguard","hexamod:GhostShield+1"],"picked":"SKIP","floor":43},{"not_picked":["hexamod:HeatShield","hexamod:BurningTouch+1"],"picked":"hexamod:ChargedBarrage","floor":44},{"not_picked":["hexamod:SpectersWail","hexamod:HauntingEcho"],"picked":"hexamod:ExtraCrispy+1","floor":45},{"not_picked":["hexamod:ShieldOfDarkness+1","hexamod:HeatMetal+1","hexamod:GhostOfSpireFuture+1"],"picked":"SKIP","floor":46},{"not_picked":["hexamod:GhostShield+1","hexamod:AdvancingGuard"],"picked":"hexamod:NightmareStrike","floor":49},{"not_picked":["hexamod:Haunt+1","hexamod:RainOfEmbers"],"picked":"hexamod:HeatCrush","floor":52}],"player_experience":291004,"relics_obtained":[{"floor":7,"key":"Pen Nib"},{"floor":14,"key":"Potion Belt"},{"floor":31,"key":"Happy Flower"},{"floor":38,"key":"construct:RocketBooster"},{"floor":41,"key":"Bag of Preparation"},{"floor":44,"key":"Ice Cream"},{"floor":45,"key":"Dead Branch"},{"floor":48,"key":"Bag of Marbles"},{"floor":52,"key":"Orichalcum"}],"event_choices":[{"damage_healed":0,"gold_gain":0,"player_choice":"Fight","damage_taken":0,"max_hp_gain":0,"max_hp_loss":0,"event_name":"Mysterious Sphere","floor":45,"gold_loss":0}],"is_beta":false,"boss_relics":[{"not_picked":["Coffee Dripper","bronze:MakeshiftBattery"],"picked":"hexamod:UnbrokenSoul"},{"not_picked":["Philosopher\u0027s Stone","Runic Dome"],"picked":"SlaversCollar"}],"items_purged_floors":[4,25,30,39],"is_endless":false,"potions_floor_spawned":[2,12,13,14,15,20,21,31,32,38,44],"ascension_level":0}}