{"host":"0rxdudjy6rylha1k","time":1612234642,"event":{"mods":["Aspiration","BaseMod","Colored Map","Colored Powertips","Downfall","Highlight Path","Hubris","Minty Spire (QoL Compilation)","StSLib"],"gold_per_floor":[99,118,138,138,154,54,100,118,18,31,58,75,98,133,146,146,146,146],"floor_reached":16,"language":"ENG","playtime":10796,"items_purged":[],"score":171,"play_id":"6a9333b0-8226-4a9a-912e-cf37cdd959ac","local_time":"20210201195722","is_ascension_mode":true,"campfire_choices":[{"floor":1.0,"key":"RECALL"},{"floor":6.0,"key":"REST"},{"data":"Guardian:CurlUp","floor":9.0,"key":"SMITH"}],"circlet_count":0,"master_deck":["AscendersBane","Guardian:Strike_Guardian","Guardian:Strike_Guardian","Guardian:Strike_Guardian","Guardian:Strike_Guardian","Guardian:Defend_Guardian","Guardian:Defend_Guardian","Guardian:Defend_Guardian","Guardian:Defend_Guardian","Guardian:CurlUp+1","Guardian:TwinSlam+1","Guardian:Harden","Guardian:RefractedBeam","Guardian:RevengeProtocol","Guardian:PrimingBeam","Guardian:Gem_Fragmented","Guardian:ConstructionForm"],"relics":["aspiration:FutureDiary","downfall:HeartBlessingRed","downfall:HeartBlessingBlue","Dream Catcher","PreservedInsect","MealTicket"],"acts_visited":["Exordium"],"potions_floor_usage":[15],"damage_taken":[{"damage":6.0,"enemies":"Cultist","floor":2.0,"turns":4.0},{"damage":4.0,"enemies":"2 Louse","floor":3.0,"turns":4.0},{"damage":7.0,"enemies":"Jaw Worm","floor":5.0,"turns":5.0},{"damage":0.0,"enemies":"Red Slaver","floor":8.0,"turns":1.0},{"damage":9.0,"enemies":"Exordium Wildlife","floor":10.0,"turns":6.0},{"damage":29.0,"enemies":"Gremlin Nob","floor":11.0,"turns":4.0},{"damage":0.0,"enemies":"3 Louse","floor":12.0,"turns":3.0},{"damage":7.0,"enemies":"3 Sentries","floor":14.0,"turns":5.0},{"damage":0,"enemies":"Exordium Wildlife","floor":15,"turns":3},{"damage":50,"enemies":"SI_SHIV_ARCHETYPE","floor":16,"turns":5}],"seed_played":"3260539310264644978","potions_obtained":[{"floor":2.0,"key":"DuplicationPotion"},{"floor":3.0,"key":"AttackPotion"},{"floor":10.0,"key":"SpeedPotion"},{"floor":12.0,"key":"PowerPotion"},{"floor":14.0,"key":"SkillPotion"}],"is_trial":false,"path_per_floor":["R","M","M","?","M","R","T","M","R","M","E","M","T","E","M","B"],"character_chosen":"GUARDIAN","items_purchased":[],"campfire_rested":1,"item_purchase_floors":[],"current_hp_per_floor":[72,66,62,62,55,79,79,79,89,80,51,51,51,44,44,0,0,0],"gold":146,"neow_bonus":"BOSS_RELIC","is_daily":false,"chose_seed":false,"campfire_upgraded":1,"win_rate":0.0,"timestamp":1612234642,"path_taken":["R","M","?","?","M","R","T","M","R","?","E","M","?","E","M","BOSS"],"items_purchased_type":[],"build_version":"2020-12-22","purchased_purges":0,"victory":false,"max_hp_per_floor":[80,80,80,80,80,80,80,80,90,90,90,90,90,90,90,90,90,90],"card_choices":[{"not_picked":["Guardian:Gem_Green","Guardian:TemporalShield"],"picked":"Guardian:Harden","floor":2.0},{"not_picked":["Guardian:PrismaticBarrier","Guardian:Planning"],"picked":"Guardian:Gem_Cyan","floor":3.0},{"not_picked":["Guardian:TemporalShield","Guardian:VentSteam"],"picked":"Guardian:Gem_Cyan","floor":5.0},{"not_picked":["Guardian:ShieldCharger","Guardian:Suspension","Guardian:Reroute"],"picked":"SKIP","floor":8.0},{"not_picked":["Guardian:Gem_Blue","Guardian:PrimingBeam"],"picked":"Guardian:RefractedBeam","floor":10.0},{"not_picked":["Guardian:Gem_Green","Guardian:PolyBeam"],"picked":"Guardian:RevengeProtocol","floor":11.0},{"not_picked":["Guardian:Suspension","Guardian:TemporalStrike"],"picked":"Guardian:PrimingBeam","floor":12.0},{"not_picked":["Guardian:Planning","Guardian:Preprogram"],"picked":"Guardian:Gem_Fragmented","floor":14.0},{"not_picked":["Guardian:Gem_Red","Guardian:PrismaticBeam"],"picked":"Guardian:ConstructionForm","floor":15}],"player_experience":2767790,"relics_obtained":[{"floor":11.0,"key":"Dream Catcher"},{"floor":13.0,"key":"PreservedInsect"},{"floor":14.0,"key":"MealTicket"}],"event_choices":[],"is_beta":false,"boss_relics":[],"items_purged_floors":[],"is_endless":false,"potions_floor_spawned":[2,3,10,12,14],"killed_by":"SI_SHIV_ARCHETYPE","ascension_level":10}}