{"host":"1xo5g347e5o4auts","time":1612273574,"event":{"mods":["BaseMod","Minty Spire (QoL Compilation)","Permanent Neow","StSLib"],"gold_per_floor":[117,117,137,157,172,207,207,238,238,268,268,279,279,294,294,368,368,378,389,408,425,425,456,456,490,516,528,528,208,243,262,262,339,339,349,362,387,387,141,141,171,248,248,262,262,291,303,337,337,337,337,337,337,3,30,30],"floor_reached":57,"language":"ENG","playtime":16077,"items_purged":["Zap"],"score":3019,"play_id":"3d5c48e3-40be-4ba9-9cd9-e2c6f8557399","local_time":"20210202154614","is_ascension_mode":true,"campfire_choices":[{"data":"Defragment","floor":7.0,"key":"SMITH"},{"floor":11.0,"key":"REST"},{"data":"Hyperbeam","floor":13.0,"key":"SMITH"},{"data":"Seek","floor":15.0,"key":"SMITH"},{"floor":24.0,"key":"DIG"},{"floor":28.0,"key":"REST"},{"data":"Defragment","floor":32.0,"key":"SMITH"},{"floor":40.0,"key":"DIG"},{"floor":45.0,"key":"RECALL"},{"floor":49.0,"key":"DIG"},{"floor":53.0,"key":"DIG"}],"circlet_count":0,"master_deck":["AscendersBane","Dualcast","Defragment+1","Cold Snap","Seek+1","Double Energy","Sweeping Beam","Melter","Recycle","Compile Driver","Rebound","Sweeping Beam","BootSequence","Electrodynamics","Glacier","Leap+1","Hyperbeam+1","Ball Lightning","Amplify+1","Self Repair","Coolheaded+1","Steam Power+1","Reinforced Body+1","Fission+1","Conserve Battery+1","Steam+1","Hologram+1","Defragment+1","Core Surge","Coolheaded+1","Loop+1","Creative AI","Chill+1","Stack+1","Capacitor","FTL+1"],"relics":["Pandora\u0027s Box","Shovel","Symbiotic Virus","Toxic Egg 2","Nunchaku","Sozu","Nilry\u0027s Codex","Peace Pipe","Torii","Tiny Chest","Cables","Bronze Scales","Coffee Dripper","Bird Faced Urn","DataDisk","Shuriken","Dream Catcher","Letter Opener","Bottled Tornado","Eternal Feather","Pear","Bag of Marbles","Bottled Lightning","Orrery","Art of War","Pen Nib"],"acts_visited":["Exordium","TheCity","TheBeyond","TheEnding"],"potions_floor_usage":[56],"damage_taken":[{"damage":0.0,"enemies":"Jaw Worm","floor":1.0,"turns":3.0},{"damage":4.0,"enemies":"Small Slimes","floor":3.0,"turns":3.0},{"damage":0.0,"enemies":"Cultist","floor":4.0,"turns":3.0},{"damage":0.0,"enemies":"Lots of Slimes","floor":5.0,"turns":2.0},{"damage":10.0,"enemies":"3 Sentries","floor":6.0,"turns":3.0},{"damage":15.0,"enemies":"Lagavulin","floor":8.0,"turns":5.0},{"damage":10.0,"enemies":"3 Sentries","floor":10.0,"turns":3.0},{"damage":0.0,"enemies":"Blue Slaver","floor":12.0,"turns":3.0},{"damage":0.0,"enemies":"3 Louse","floor":14.0,"turns":2.0},{"damage":3.0,"enemies":"The Guardian","floor":16.0,"turns":11.0},{"damage":8.0,"enemies":"3 Byrds","floor":18.0,"turns":3.0},{"damage":3.0,"enemies":"Shell Parasite","floor":19.0,"turns":5.0},{"damage":0.0,"enemies":"Sentry and Sphere","floor":20.0,"turns":2.0},{"damage":0.0,"enemies":"Centurion and Healer","floor":21.0,"turns":6.0},{"damage":18.0,"enemies":"Gremlin Leader","floor":23.0,"turns":8.0},{"damage":32.0,"enemies":"Slavers","floor":25.0,"turns":3.0},{"damage":1.0,"enemies":"Shelled Parasite and Fungi","floor":27.0,"turns":3.0},{"damage":7.0,"enemies":"Book of Stabbing","floor":30.0,"turns":7.0},{"damage":11.0,"enemies":"Snecko","floor":31.0,"turns":4.0},{"damage":15.0,"enemies":"Champ","floor":33.0,"turns":12.0},{"damage":0.0,"enemies":"Orb Walker","floor":35.0,"turns":4.0},{"damage":0.0,"enemies":"3 Darklings","floor":36.0,"turns":1.0},{"damage":1.0,"enemies":"Mind Bloom Boss Battle","floor":37.0,"turns":10.0},{"damage":0.0,"enemies":"Nemesis","floor":41.0,"turns":7.0},{"damage":16.0,"enemies":"Maw","floor":44.0,"turns":5.0},{"damage":10.0,"enemies":"Giant Head","floor":46.0,"turns":8.0},{"damage":0.0,"enemies":"Jaw Worm Horde","floor":47.0,"turns":1.0},{"damage":1.0,"enemies":"Nemesis","floor":48.0,"turns":5.0},{"damage":0.0,"enemies":"Donu and Deca","floor":50.0,"turns":10.0},{"damage":15.0,"enemies":"Awakened One","floor":51.0,"turns":18.0},{"damage":37.0,"enemies":"Shield and Spear","floor":55.0,"turns":8.0},{"damage":90,"enemies":"The Heart","floor":56,"turns":10}],"seed_played":"7936348737829630347","potions_obtained":[{"floor":3.0,"key":"CultistPotion"},{"floor":8.0,"key":"CultistPotion"},{"floor":16.0,"key":"Dexterity Potion"}],"is_trial":false,"path_per_floor":["M","?","M","M","M","E","R","E","T","E","R","M","R","M","R","B",null,"M","M","M","M","?","E","R","E","T","M","R","$","E","M","R","B",null,"M","M","?","?","$","R","E","T","T","M","R","E","M","E","R","B","B",null,"R","$","E","B",null],"character_chosen":"DEFECT","items_purchased":["Cables","Hologram+1","DataDisk","Orrery","Art of War"],"campfire_rested":2,"item_purchase_floors":[29,29,39,54,54],"current_hp_per_floor":[64,64,60,60,60,50,50,35,35,25,46,46,46,46,46,43,64,56,60,60,71,50,46,46,21,21,27,48,48,48,44,44,43,64,64,64,70,70,70,70,71,71,71,69,69,71,71,81,81,81,81,81,81,81,81,52],"gold":30,"neow_bonus":"BOSS_RELIC","is_daily":false,"chose_seed":false,"campfire_upgraded":4,"win_rate":0.0,"timestamp":1612273574,"path_taken":["M","?","M","M","M","E","R","E","T","E","R","M","R","M","R","BOSS","M","M","M","M","?","E","R","E","T","M","R","$","E","M","R","BOSS","M","M","?","?","?","R","E","?","T","?","R","E","M","E","R","BOSS","BOSS","R","$","E","BOSS"],"items_purchased_type":["Relic","Card","Relic","Relic","Relic"],"build_version":"2020-12-22","purchased_purges":1,"victory":true,"max_hp_per_floor":[71,71,71,71,71,71,71,71,71,71,71,71,71,71,71,71,71,71,71,71,71,71,71,71,71,71,71,71,71,71,71,71,71,71,71,71,71,71,71,71,71,71,71,71,71,71,71,81,81,81,81,81,81,81,81,81],"card_choices":[{"not_picked":["Redo","Gash"],"picked":"Rebound","floor":1.0},{"not_picked":["Redo","Streamline"],"picked":"Sweeping Beam","floor":3.0},{"not_picked":["Steam Power","Stack"],"picked":"BootSequence","floor":4.0},{"not_picked":["Turbo","Streamline"],"picked":"Electrodynamics","floor":5.0},{"not_picked":["Aggregate","Melter","Lockon"],"picked":"SKIP","floor":6.0},{"not_picked":["Hello World","Steam"],"picked":"Glacier","floor":8.0},{"not_picked":["Steam+1","Stack+1"],"picked":"Leap+1","floor":10.0},{"not_picked":["Go for the Eyes","Streamline"],"picked":"Hyperbeam","floor":12.0},{"not_picked":["Melter","Cold Snap"],"picked":"Ball Lightning","floor":14.0},{"not_picked":["Rainbow+1","Multi-Cast+1"],"picked":"Amplify+1","floor":16.0},{"not_picked":["Beam Cell","Cold Snap"],"picked":"Self Repair","floor":18.0},{"not_picked":["Cold Snap","Steam+1"],"picked":"Coolheaded+1","floor":19.0},{"not_picked":["Beam Cell+1","Redo+1"],"picked":"Steam Power+1","floor":20.0},{"not_picked":["Reprogram+1","Steam+1"],"picked":"Reinforced Body+1","floor":21.0},{"not_picked":["Coolheaded+1","Undo+1"],"picked":"Fission+1","floor":23.0},{"not_picked":["Aggregate+1","Recycle+1"],"picked":"Conserve Battery+1","floor":25.0},{"not_picked":["Hologram+1","Beam Cell"],"picked":"Steam+1","floor":27.0},{"not_picked":["Conserve Battery+1","Skim+1"],"picked":"Defragment","floor":30.0},{"not_picked":["Turbo+1","Tempest+1","Beam Cell"],"picked":"SKIP","floor":31.0},{"not_picked":["Multi-Cast+1","Fission+1"],"picked":"Core Surge","floor":33.0},{"not_picked":["Capacitor","Loop"],"picked":"Coolheaded+1","floor":35.0},{"not_picked":["Conserve Battery+1","Sweeping Beam"],"picked":"Loop+1","floor":36.0},{"not_picked":["Turbo+1","Double Energy+1"],"picked":"Creative AI","floor":41.0},{"not_picked":["Rebound","Sweeping Beam"],"picked":"Chill+1","floor":44.0},{"not_picked":["Go for the Eyes","Redo+1"],"picked":"Stack+1","floor":46.0},{"not_picked":["Lockon","Barrage","Conserve Battery+1"],"picked":"SKIP","floor":47.0},{"not_picked":["Storm","Barrage","Rebound"],"picked":"SKIP","floor":48.0},{"not_picked":["Stack+1","Recycle+1"],"picked":"Capacitor","floor":54.0},{"not_picked":["Self Repair","Barrage"],"picked":"FTL+1","floor":54.0},{"not_picked":["Lockon","Stack+1","Tempest+1"],"picked":"SKIP","floor":55.0}],"player_experience":1411394,"relics_obtained":[{"floor":6.0,"key":"Shovel"},{"floor":8.0,"key":"Symbiotic Virus"},{"floor":9.0,"key":"Toxic Egg 2"},{"floor":10.0,"key":"Nunchaku"},{"floor":22.0,"key":"Nilry\u0027s Codex"},{"floor":23.0,"key":"Peace Pipe"},{"floor":24.0,"key":"Torii"},{"floor":25.0,"key":"Tiny Chest"},{"floor":30.0,"key":"Bronze Scales"},{"floor":37.0,"key":"Bird Faced Urn"},{"floor":40.0,"key":"Shuriken"},{"floor":41.0,"key":"Dream Catcher"},{"floor":42.0,"key":"Letter Opener"},{"floor":43.0,"key":"Bottled Tornado"},{"floor":46.0,"key":"Eternal Feather"},{"floor":48.0,"key":"Pear"},{"floor":49.0,"key":"Bag of Marbles"},{"floor":53.0,"key":"Bottled Lightning"},{"floor":55.0,"key":"Pen Nib"}],"event_choices":[{"damage_healed":0.0,"max_hp_gain":0.0,"max_hp_loss":0.0,"gold_gain":0.0,"event_name":"Liars Game","player_choice":"Ignored","floor":2.0,"gold_loss":0.0,"damage_taken":0.0},{"damage_healed":0.0,"max_hp_gain":0.0,"max_hp_loss":0.0,"gold_gain":0.0,"event_name":"Cursed Tome","player_choice":"Obtained Book","floor":22.0,"gold_loss":0.0,"damage_taken":21.0},{"damage_healed":0.0,"max_hp_gain":0.0,"max_hp_loss":0.0,"gold_gain":0.0,"event_name":"MindBloom","player_choice":"Fight","floor":37.0,"gold_loss":0.0,"damage_taken":0.0},{"damage_healed":0.0,"max_hp_gain":0.0,"max_hp_loss":0.0,"gold_gain":0.0,"event_name":"Tomb of Lord Red Mask","player_choice":"Ignored","floor":38.0,"gold_loss":0.0,"damage_taken":0.0}],"is_beta":false,"boss_relics":[{"not_picked":["Astrolabe","Black Star"],"picked":"Sozu"},{"not_picked":["Cursed Key","Nuclear Battery"],"picked":"Coffee Dripper"}],"items_purged_floors":[39],"is_endless":false,"potions_floor_spawned":[3,8,10,16,18,20,25,27,30,36,41,46],"ascension_level":20}}