{"host":"wppa8gky53tnknhf","time":1612265392,"event":{"mods":["AchievementEnabler","Act Like it!","BaseMod","Better Third Choice","BetterRewards","Card Forge","Colored Powertips","Energized Spire","Hubris","Infinite Spire","Marked Mod","Minty Spire (QoL Compilation)","Permanent Neow","Quick Restart","Rare Cards Sparkle","Relic Stats","Reliquary","Remove Card Discount Mod","Replay The Spire","Spikes Relics","Spire Birthday Party","StSLib","Wandering Minibosses"],"gold_per_floor":[142,178,247,285,327,355,368,368,368,426,450,450,463,494,494,589,589,598,404,404,404,419,476,476,529,529,559,574,488,528,540,540,668,668,707,757,812,630,647,673,673,709,709,736,736,736,886,900,900,900,900,900,572,603,603],"floor_reached":56,"language":"ENG","playtime":2003,"items_purged":[],"score":1249,"play_id":"3ae73245-c68e-4c86-bd9d-f1d8f0da0c3c","local_time":"20210202112952","is_ascension_mode":true,"campfire_choices":[{"floor":8,"key":"RECALL"},{"floor":15,"key":"REST"},{"data":"Shrug It Off","floor":24,"key":"SMITH"},{"floor":45,"key":"REST"},{"floor":49,"key":"REST"}],"circlet_count":0,"master_deck":["Strike_R+1","Strike_R+1","Strike_R+1","Strike_R+1","Strike_R+1","Defend_R+1","Defend_R+1","Defend_R+1","Defend_R+1","Bash+1","HandOfGreed+1","Shockwave+1","Iron Wave+1","BarbarianYell+1","Thunderclap+1","Clash+1","Thunderclap+1","Thunderclap+1","Heavy Blade+1","Limit Break+1","Iron Wave+1","BarbarianYell+1","Shrug It Off+1","Uppercut+1","infinitespire:OneForAll+1","Dramatic Entrance+1","Demon Form+1","Heavy Blade+1","Cleave+1","Disarm+1","Disarm+1","Body Slam+1","Spot Weakness+1","Cleave+1","infinitespire:Menacing+1","hubris:Fate+1","Cleave+1","Body Slam+1","Inflame+1","Body Slam+1","Cleave+1"],"relics":["Burning Blood","Hammer of Thor","Seething Fire","Anvil of the Gods","reliquary:PorcupineQuills","Toy Ornithopter","Replay:Wax Seal","CherryCoatedStake","hubris:CrackedHourglass","reliquary:RoseTintedGlasses","reliquary:PorcupineQuills","Mercury Hourglass","Replay:Multitool","PreservedInsect","wanderingMiniBosses:Inkheart","Philosopher\u0027s Stone","Prayer Wheel","Membership Card","Blood Vial","hubris:CuriousFeather","ReplayTheSpireMod:Spearhead","Potion Belt","Fusion Hammer","ReplayTheSpireMod:CursedCoin","Vajra","Pear","reliquary:Crutches"],"acts_visited":["Exordium","TheCity","TheBeyond","TheEnding"],"potions_floor_usage":[16,16,27,27,27,42,42,55,55,55,55],"damage_taken":[{"damage":0,"enemies":"Jaw Worm","floor":1,"turns":4},{"damage":7,"enemies":"Cultist","floor":2,"turns":7},{"damage":12,"enemies":"2 Louse","floor":4,"turns":6},{"damage":6,"enemies":"Exordium Thugs","floor":5,"turns":5},{"damage":5,"enemies":"Lagavulin","floor":6,"turns":7},{"damage":9,"enemies":"Blue Slaver","floor":7,"turns":5},{"damage":10,"enemies":"Replay:BlueRogue","floor":10,"turns":6},{"damage":0,"enemies":"Looter","floor":13,"turns":2},{"damage":18,"enemies":"Lagavulin","floor":14,"turns":6},{"damage":16,"enemies":"Fading Forest","floor":16,"turns":11},{"damage":17,"enemies":"2 Thieves","floor":18,"turns":4},{"damage":0,"enemies":"3 Byrds","floor":22,"turns":3},{"damage":20,"enemies":"Gremlin Leader","floor":23,"turns":7},{"damage":11,"enemies":"Book of Stabbing","floor":25,"turns":5},{"damage":8,"enemies":"Slavers","floor":27,"turns":4},{"damage":20,"enemies":"Snake Plant","floor":28,"turns":4},{"damage":15,"enemies":"Sentry and Sphere","floor":30,"turns":5},{"damage":6,"enemies":"Centurion and Healer","floor":31,"turns":4},{"damage":41,"enemies":"Collector","floor":33,"turns":7},{"damage":0,"enemies":"Orb Walker","floor":35,"turns":1},{"damage":0,"enemies":"Mind Bloom Boss Battle","floor":36,"turns":4},{"damage":15,"enemies":"2 Orb Walkers","floor":37,"turns":2},{"damage":18,"enemies":"3 Darklings","floor":39,"turns":3},{"damage":44,"enemies":"Nightmare","floor":40,"turns":5},{"damage":12,"enemies":"Maw","floor":42,"turns":5},{"damage":20,"enemies":"Giant Head","floor":44,"turns":4},{"damage":0,"enemies":"4 Shapes","floor":48,"turns":4},{"damage":41,"enemies":"Replay:Hell Engine","floor":50,"turns":5},{"damage":40,"enemies":"Shield and Spear","floor":54,"turns":3},{"damage":73,"enemies":"The Heart","floor":55,"turns":6}],"seed_played":"6825920181912714571","potions_obtained":[{"floor":7,"key":"Energy Potion"},{"floor":13,"key":"AttackPotion"},{"floor":22,"key":"Fire Potion"},{"floor":23,"key":"Fire Potion"},{"floor":25,"key":"Block Potion"},{"floor":33,"key":"Toxic Potion"},{"floor":37,"key":"SkillPotion"},{"floor":39,"key":"DistilledChaos"},{"floor":42,"key":"Strength Potion"},{"floor":52,"key":"Death Potion"},{"floor":52,"key":"DuplicationPotion"}],"is_trial":false,"path_per_floor":["M","M","?","M","M","E","M","R","T","E","T","?","M","E","R","B",null,"M","$","?","?","M","E","R","E","T","E","M","$","M","M","R","B",null,"M","?","?","$","M","NM","?","M","T","E","R","?","AVR","M","R","B",null,"R","$","E","B",null],"character_chosen":"IRONCLAD","items_purchased":["reliquary:RoseTintedGlasses","Iron Wave+1","Dramatic Entrance","Membership Card","Disarm","Vajra","Inflame","Pear","Body Slam","Languid Potion","Languid Potion"],"campfire_rested":3,"item_purchase_floors":[19,19,29,38,38,53,53,53,53,53,53],"current_hp_per_floor":[80,79,79,73,73,74,71,71,71,67,67,67,73,61,80,76,80,72,72,72,72,78,80,80,75,75,80,66,66,62,64,64,39,80,80,80,72,72,64,26,26,32,32,20,44,44,44,63,80,48,80,80,90,73,26],"gold":603,"neow_bonus":"RANDOM_COLORLESS_2","is_daily":false,"chose_seed":false,"campfire_upgraded":1,"win_rate":0.0,"timestamp":1612265392,"path_taken":["M","M","?","M","M","E","M","R","T","E","?","?","M","E","R","BOSS","M","$","?","?","M","E","R","E","T","E","M","$","M","M","R","BOSS","M","?","?","$","M","NM","?","M","T","E","R","?","AVR","M","R","BOSS","R","$","E","BOSS"],"items_purchased_type":["Relic","Card","Card","Relic","Card","Relic","Card","Relic","Card","Potion","Potion"],"build_version":"2020-12-22","purchased_purges":0,"victory":true,"max_hp_per_floor":[80,80,80,80,80,80,80,80,80,80,80,80,80,80,80,80,80,80,80,80,80,80,80,80,80,80,80,80,80,80,80,80,80,80,80,80,80,80,80,80,80,80,80,80,80,80,80,80,80,80,80,80,90,90,90],"relic_stats":{"Blood Vial":8,"counters":[30,143],"Prayer Wheel":3,"PreservedInsect":281,"obtain_stats":[{"Vajra":53,"Hammer of Thor":0,"Replay:Multitool":26,"Burning Blood":0,"Blood Vial":40,"Philosopher\u0027s Stone":34,"Prayer Wheel":37,"reliquary:RoseTintedGlasses":19,"hubris:CuriousFeather":43,"Fusion Hammer":47,"Replay:Wax Seal":11,"Potion Belt":46,"Pear":53,"CherryCoatedStake":14,"ReplayTheSpireMod:CursedCoin":47,"PreservedInsect":27,"Seething Fire":0,"Mercury Hourglass":25,"reliquary:Crutches":54,"ReplayTheSpireMod:Spearhead":44,"reliquary:PorcupineQuills":6,"Anvil of the Gods":0,"reliquary:SculptingSteel":23,"Membership Card":38,"hubris:CrackedHourglass":17,"Toy Ornithopter":10,"wanderingMiniBosses:Inkheart":30},{"Vajra":28,"Hammer of Thor":0,"Replay:Multitool":14,"Burning Blood":0,"Blood Vial":24,"Philosopher\u0027s Stone":19,"Prayer Wheel":22,"reliquary:RoseTintedGlasses":11,"hubris:CuriousFeather":25,"Fusion Hammer":26,"Replay:Wax Seal":7,"Potion Belt":26,"Pear":28,"CherryCoatedStake":9,"ReplayTheSpireMod:CursedCoin":26,"PreservedInsect":15,"Seething Fire":0,"Mercury Hourglass":14,"reliquary:Crutches":29,"ReplayTheSpireMod:Spearhead":26,"reliquary:PorcupineQuills":5,"Anvil of the Gods":0,"reliquary:SculptingSteel":13,"Membership Card":22,"hubris:CrackedHourglass":10,"Toy Ornithopter":7,"wanderingMiniBosses:Inkheart":17},{"Vajra":134,"Hammer of Thor":0,"Replay:Multitool":78,"Burning Blood":0,"Blood Vial":117,"Philosopher\u0027s Stone":102,"Prayer Wheel":109,"reliquary:RoseTintedGlasses":63,"hubris:CuriousFeather":122,"Fusion Hammer":126,"Replay:Wax Seal":40,"Potion Belt":126,"Pear":134,"CherryCoatedStake":48,"ReplayTheSpireMod:CursedCoin":126,"PreservedInsect":82,"Seething Fire":0,"Mercury Hourglass":78,"reliquary:Crutches":137,"ReplayTheSpireMod:Spearhead":126,"reliquary:PorcupineQuills":29,"Anvil of the Gods":0,"reliquary:SculptingSteel":73,"Membership Card":109,"hubris:CrackedHourglass":59,"Toy Ornithopter":40,"wanderingMiniBosses:Inkheart":91}],"Burning Blood":156,"Toy Ornithopter":34,"Mercury Hourglass":[241]},"card_choices":[{"not_picked":["Midas Touch","Poisoned Strike"],"picked":"HandOfGreed","floor":0},{"not_picked":["Clothesline","Warcry"],"picked":"Shockwave","floor":1},{"not_picked":["Sentinel","Headbutt"],"picked":"Iron Wave","floor":2},{"not_picked":["Dark Embrace","Warcry"],"picked":"BarbarianYell","floor":4},{"not_picked":["Clothesline","Intimidate"],"picked":"Thunderclap","floor":5},{"not_picked":["Whirlwind","Fiend Fire"],"picked":"Clash","floor":6},{"not_picked":["Clothesline","Twin Strike"],"picked":"Thunderclap","floor":7},{"not_picked":["ReplayTheSpireMod:Strike From Hell","Seeing Red"],"picked":"Thunderclap","floor":10},{"not_picked":["Seeing Red","Havoc"],"picked":"Heavy Blade","floor":13},{"not_picked":["True Grit","Searing Blow","Headbutt"],"picked":"SKIP","floor":14},{"not_picked":["Demonic Infusion","hubris:StunningStrike"],"picked":"Limit Break","floor":16},{"not_picked":["Ghostly Armor","Havoc","Power Through+1"],"picked":"SKIP","floor":18},{"not_picked":["Pommel Strike","Twin Strike"],"picked":"BarbarianYell","floor":22},{"not_picked":["Clothesline","Headbutt"],"picked":"Shrug It Off","floor":23},{"not_picked":["Life Link+1","Juggernaut","hubris:ReadiedAction+1"],"picked":"SKIP","floor":25},{"not_picked":["True Grit","Dual Wield"],"picked":"Uppercut","floor":27},{"not_picked":["Armaments","Clothesline+1"],"picked":"infinitespire:OneForAll+1","floor":28},{"not_picked":["True Grit","Havoc","Pommel Strike"],"picked":"SKIP","floor":30},{"not_picked":["Thunderclap+1","Corruption","Sword Boomerang+1"],"picked":"SKIP","floor":31},{"not_picked":["Double Tap","Hemogenesis"],"picked":"Demon Form","floor":33},{"not_picked":["Ghostly Armor+1","Armaments"],"picked":"Heavy Blade","floor":35},{"not_picked":["Dual Wield+1","Replay:Undeath\u0027s Touch"],"picked":"Cleave","floor":36},{"not_picked":["Thunderclap","Headbutt+1"],"picked":"Body Slam","floor":39},{"not_picked":["Cleave+1","Perfected Strike"],"picked":"Spot Weakness","floor":39},{"not_picked":["Shockwave","Eclipse"],"picked":"Cleave+1","floor":40},{"not_picked":["Wild Strike","Replay:Undeath\u0027s Touch+1","Armaments"],"picked":"SKIP","floor":42},{"not_picked":["Flex","Fire Breathing+1","Thunderclap+1"],"picked":"SKIP","floor":42},{"not_picked":["Run Through","Evolve+1","ReplayTheSpireMod:Strike From Hell"],"picked":"SKIP","floor":44},{"not_picked":["Brutality","ReplayTheSpireMod:Strike From Hell+1"],"picked":"Cleave","floor":48},{"not_picked":["Clash","Wild Strike+1"],"picked":"Body Slam","floor":48},{"not_picked":["Ghostly Armor","Run Through"],"picked":"Cleave+1","floor":54}],"player_experience":708515,"relics_obtained":[{"floor":6,"key":"reliquary:PorcupineQuills"},{"floor":10,"key":"Toy Ornithopter"},{"floor":11,"key":"Replay:Wax Seal"},{"floor":14,"key":"CherryCoatedStake"},{"floor":23,"key":"reliquary:SculptingSteel"},{"floor":25,"key":"Mercury Hourglass"},{"floor":26,"key":"Replay:Multitool"},{"floor":27,"key":"PreservedInsect"},{"floor":30,"key":"wanderingMiniBosses:Inkheart"},{"floor":37,"key":"Prayer Wheel"},{"floor":40,"key":"Blood Vial"},{"floor":43,"key":"hubris:CuriousFeather"},{"floor":44,"key":"ReplayTheSpireMod:Spearhead"},{"floor":54,"key":"reliquary:Crutches"}],"event_choices":[{"damage_healed":0,"gold_gain":69,"player_choice":"Gained Gold","damage_taken":0,"max_hp_gain":0,"max_hp_loss":0,"event_name":"Golden Wing","floor":3,"gold_loss":0},{"damage_healed":0,"gold_gain":0,"player_choice":"Ignored","damage_taken":0,"max_hp_gain":0,"max_hp_loss":0,"event_name":"Upgrade Shrine","floor":12,"gold_loss":0},{"damage_healed":0,"gold_gain":0,"player_choice":"Ignored","damage_taken":0,"max_hp_gain":0,"max_hp_loss":0,"event_name":"Vampires","floor":20,"gold_loss":0},{"damage_healed":0,"gold_gain":0,"player_choice":"Bought 0 Potions","damage_taken":0,"max_hp_gain":0,"max_hp_loss":0,"event_name":"The Woman in Blue","floor":21,"gold_loss":0},{"damage_healed":0,"gold_gain":0,"player_choice":"Ignored","damage_taken":0,"max_hp_gain":0,"max_hp_loss":0,"event_name":"NoteForYourself","floor":32,"gold_loss":0},{"damage_healed":0,"gold_gain":0,"player_choice":"Fight","damage_taken":0,"max_hp_gain":0,"max_hp_loss":0,"event_name":"MindBloom","floor":36,"gold_loss":0},{"damage_healed":0,"gold_gain":0,"player_choice":"Fight","damage_taken":0,"max_hp_gain":0,"max_hp_loss":0,"event_name":"Mysterious Sphere","floor":37,"gold_loss":0},{"damage_healed":0,"gold_gain":0,"player_choice":"Gave Potion","damage_taken":0,"relics_obtained":["Potion Belt"],"max_hp_gain":0,"max_hp_loss":0,"event_name":"WeMeetAgain","floor":46,"gold_loss":0}],"is_beta":false,"boss_relics":[{"not_picked":["Sozu","Painkiller Herb"],"picked":"hubris:CrackedHourglass"},{"not_picked":["Runic Pyramid","Replay:Drink Me"],"picked":"Philosopher\u0027s Stone"}],"items_purged_floors":[],"is_endless":false,"potions_floor_spawned":[5,7,10,13,22,23,25,33,37,39,42],"ascension_level":1}}