{"host":"kw4o7b3ro2ktmmbe","time":1612257997,"event":{"mods":["Arknights","BaseMod","Bossed Relics","Evolution","Minty Spire (QoL Compilation)","StSLib"],"gold_per_floor":[109,126,126,137,148,148,176,186,186,286,306,63,88,38,38,137,137,154,166,166,212,311,644,655,682,707,707,388,407,407,418,418,514,514,533,546,546,546,564,595,130,130,130,146,176,176,176,204,204,204],"floor_reached":51,"language":"ENG","playtime":16385,"items_purged":["ats:Defend"],"score":824,"play_id":"49844626-0ffb-42fa-9474-44cd99f2b91b","local_time":"20210202222637","is_ascension_mode":true,"campfire_choices":[{"data":"ats:Thorns","floor":6,"key":"SMITH"},{"data":"ats:Sashimi Platter","floor":15,"key":"SMITH"},{"data":"ats:Demon Strength","floor":27,"key":"SMITH"},{"data":"ats:Soul Rend","floor":30,"key":"SMITH"},{"data":"ats:Soul Rend","floor":32,"key":"SMITH"},{"data":"ats:Calcification","floor":42,"key":"SMITH"},{"data":"ats:Part Time Job","floor":47,"key":"SMITH"},{"data":"ats:Burning Ground","floor":49,"key":"SMITH"}],"circlet_count":0,"master_deck":["ats:Strike C","ats:Strike G","ats:Strike S","ats:Strike V","ats:Armor Crushing Shot","ats:Emotion Absorption+1","ats:Demon Strength+1","ats:Sword Rain","ats:Thorns+1","ats:Chain Hook","ats:Sashimi Platter+1","ats:Part Time Job+1","ats:Defend Order","ats:Charging Defense","ats:Soul Rend+1","ats:Phantom+1","ats:Shell Defense+1","ats:Rapid Magazine","ats:Soul Rend+1","ats:Hook Shot+1","ats:Calcification+1","ats:Hook Shot","ats:Mental Burst","ats:Revitalization+1","ats:Burning Ground+1"],"relics":["EVO:Axolotl","Empty Cage","ats:Originium","Regal Pillow","Pocketwatch","Gremlin Horn","Sundial","ats:Tactical Delivery","Orichalcum","Old Coin","Meat on the Bone","Akabeko","War Paint","Busted Crown","Torii","Turnip","ats:Rhine Circuitry","Pear","Strawberry","Toxic Egg 2"],"acts_visited":["Exordium","TheCity","TheBeyond"],"potions_floor_usage":[7,16,23,24,28,38,48],"damage_taken":[{"damage":1,"enemies":"Cultist","floor":1,"turns":3},{"damage":6,"enemies":"Jaw Worm","floor":2,"turns":3},{"damage":10,"enemies":"Small Slimes","floor":4,"turns":3},{"damage":5,"enemies":"Exordium Wildlife","floor":5,"turns":3},{"damage":8,"enemies":"Lagavulin","floor":7,"turns":6},{"damage":9,"enemies":"Large Slime","floor":8,"turns":4},{"damage":6,"enemies":"3 Louse","floor":11,"turns":3},{"damage":23,"enemies":"3 Sentries","floor":13,"turns":5},{"damage":42,"enemies":"Hexaghost","floor":16,"turns":7},{"damage":22,"enemies":"Spheric Guardian","floor":18,"turns":5},{"damage":22,"enemies":"Shell Parasite","floor":19,"turns":5},{"damage":58,"enemies":"Book of Stabbing","floor":23,"turns":6},{"damage":11,"enemies":"Shelled Parasite and Fungi","floor":24,"turns":4},{"damage":12,"enemies":"Gremlin Leader","floor":25,"turns":6},{"damage":13,"enemies":"3 Cultists","floor":29,"turns":4},{"damage":17,"enemies":"Centurion and Healer","floor":31,"turns":5},{"damage":29,"enemies":"Automaton","floor":33,"turns":10},{"damage":30,"enemies":"3 Darklings","floor":35,"turns":5},{"damage":8,"enemies":"3 Shapes","floor":36,"turns":4},{"damage":17,"enemies":"Writhing Mass","floor":38,"turns":3},{"damage":46,"enemies":"Sphere and 2 Shapes","floor":39,"turns":6},{"damage":23,"enemies":"Giant Head","floor":40,"turns":9},{"damage":43,"enemies":"Transient","floor":44,"turns":5},{"damage":58,"enemies":"Nemesis","floor":45,"turns":7},{"damage":44,"enemies":"Reptomancer","floor":48,"turns":6},{"damage":106,"enemies":"Donu and Deca","floor":50,"turns":11}],"seed_played":"-3932334016348017608","potions_obtained":[{"floor":1,"key":"Weak Potion"},{"floor":7,"key":"SpeedPotion"},{"floor":8,"key":"FearPotion"},{"floor":19,"key":"AttackPotion"},{"floor":23,"key":"Regen Potion"},{"floor":29,"key":"SmokeBomb"},{"floor":40,"key":"ats:Top Emergency Sanity Potion"},{"floor":44,"key":"PowerPotion"}],"is_trial":false,"path_per_floor":["M","M","$","M","M","R","E","M","T","?","M","$","E","?","R","B",null,"M","M","?","T","?","E","M","E","T","R","$","M","R","M","R","B",null,"M","M","?","M","M","E","$","R","T","M","E","$","R","E","R","B",null],"character_chosen":"DOCTOR_CLASS","items_purchased":["Gremlin Horn","War Paint","Fruit Juice","Turnip","ats:Rhine Circuitry"],"campfire_rested":0,"item_purchase_floors":[12,28,28,41,41],"current_hp_per_floor":[71,65,65,55,50,50,42,46,46,46,51,51,52,52,52,61,72,65,71,71,71,71,48,72,72,72,72,77,77,77,77,77,77,77,77,77,77,65,69,77,77,77,87,87,70,70,70,93,93,94],"gold":204,"neow_bonus":"BOSS_RELIC","is_daily":false,"chose_seed":false,"campfire_upgraded":8,"win_rate":0.0,"timestamp":1612257997,"path_taken":["M","?","?","M","M","R","E","?","T","?","M","?","E","?","R","BOSS","M","M","?","?","?","E","M","E","T","R","$","M","R","M","R","BOSS","M","M","?","M","M","E","$","R","T","M","E","$","R","E","R","BOSS"],"items_purchased_type":["Relic","Relic","Potion","Relic","Relic"],"build_version":"2020-12-22","purchased_purges":1,"victory":true,"max_hp_per_floor":[72,72,72,72,72,72,72,72,72,72,72,72,72,72,72,72,72,72,72,72,72,72,72,72,72,72,72,77,77,77,77,77,77,77,77,77,77,77,77,77,77,77,87,87,94,94,94,94,94,94],"card_choices":[{"not_picked":["ats:Poison Spread","ats:Assault Order"],"picked":"ats:Demon Strength","floor":1},{"not_picked":["ats:Absolute Focus","ats:Assault Order"],"picked":"ats:Sword Rain","floor":2},{"not_picked":["ats:Defend Order","ats:Healing Strengthening"],"picked":"ats:Thorns","floor":4},{"not_picked":["ats:Serious Mode","ats:Rapid Magazine"],"picked":"ats:Chain Hook","floor":5},{"not_picked":["ats:Soul Absorption","ats:Hook Shot"],"picked":"ats:Sashimi Platter","floor":7},{"not_picked":["ats:Hook Shot","ats:Consecutive Shot Auto"],"picked":"ats:Part Time Job","floor":8},{"not_picked":["ats:Leaping Hammer","ats:Absolute Focus"],"picked":"ats:Defend Order","floor":11},{"not_picked":["ats:Shell Defense","ats:Revitalization"],"picked":"ats:Charging Defense","floor":13},{"not_picked":["ats:True Silver Slash","ats:Shadow Assault"],"picked":"ats:Soul Rend","floor":16},{"not_picked":["ats:Poison Spread","ats:Cat Scratch","ats:Closed Bolt Burst Fire"],"picked":"SKIP","floor":18},{"not_picked":["ats:Apocalypse","ats:Ignite"],"picked":"ats:Phantom+1","floor":19},{"not_picked":["ats:Explosion Area Strengthen","ats:Very Hot Blade","ats:Closed Bolt Burst Fire"],"picked":"SKIP","floor":23},{"not_picked":["ats:Absolute Focus+1","ats:Consecutive Shot Auto"],"picked":"ats:Shell Defense","floor":24},{"not_picked":["ats:Automatic Cover","ats:Assault Order"],"picked":"ats:Rapid Magazine","floor":25},{"not_picked":["ats:Sword Rain+1","ats:Guard Mode"],"picked":"ats:Soul Rend","floor":29},{"not_picked":["ats:Explosion Area Strengthen","ats:Absolute Focus"],"picked":"ats:Hook Shot+1","floor":31},{"not_picked":["ats:Shadow Assault","ats:Disruption Kick"],"picked":"ats:Calcification","floor":33},{"not_picked":["ats:Revitalization"],"picked":"SKIP","floor":35},{"not_picked":["ats:Blood Oath+1"],"picked":"SKIP","floor":36},{"not_picked":[],"picked":"ats:Hook Shot","floor":39},{"not_picked":[],"picked":"ats:Mental Burst","floor":40},{"not_picked":["ats:Cat Scratch"],"picked":"SKIP","floor":44},{"not_picked":[],"picked":"ats:Revitalization+1","floor":45},{"not_picked":[],"picked":"ats:Burning Ground","floor":48}],"player_experience":1837811,"relics_obtained":[{"floor":7,"key":"ats:Originium"},{"floor":7,"key":"Regal Pillow"},{"floor":9,"key":"Pocketwatch"},{"floor":13,"key":"ats:Originium"},{"floor":13,"key":"Sundial"},{"floor":21,"key":"Orichalcum"},{"floor":23,"key":"Old Coin"},{"floor":25,"key":"Meat on the Bone"},{"floor":26,"key":"Akabeko"},{"floor":40,"key":"Torii"},{"floor":43,"key":"Pear"},{"floor":45,"key":"Strawberry"},{"floor":48,"key":"Toxic Egg 2"}],"event_choices":[{"damage_healed":0,"gold_gain":100,"player_choice":"Pray","damage_taken":0,"max_hp_gain":0,"max_hp_loss":0,"event_name":"Golden Shrine","floor":10,"gold_loss":0},{"cards_removed":["ats:Defend"],"damage_healed":0,"gold_gain":0,"player_choice":"Card Removal","damage_taken":0,"max_hp_gain":0,"max_hp_loss":0,"event_name":"The Cleric","floor":14,"gold_loss":50},{"damage_healed":0,"gold_gain":0,"player_choice":"Ignored","damage_taken":0,"max_hp_gain":0,"max_hp_loss":0,"event_name":"Ghosts","floor":20,"gold_loss":0},{"damage_healed":0,"gold_gain":99,"player_choice":"Stole From Cult","damage_taken":0,"max_hp_gain":0,"max_hp_loss":0,"event_name":"Nest","floor":22,"gold_loss":0},{"damage_healed":0,"gold_gain":0,"player_choice":"Ignored","damage_taken":0,"max_hp_gain":0,"max_hp_loss":0,"event_name":"Tomb of Lord Red Mask","floor":37,"gold_loss":0}],"is_beta":false,"boss_relics":[{"not_picked":["Cursed Key","Calling Bell"],"picked":"ats:Tactical Delivery"},{"not_picked":["SacredBark","ats:Omniscience"],"picked":"Busted Crown"}],"items_purged_floors":[28],"is_endless":false,"potions_floor_spawned":[1,7,8,19,23,29,38,40,44],"ascension_level":1}}