{"host":"c6u7e77myxvw4d0m","time":1612283760,"event":{"mods":["AchievementEnabler","BaseMod","Bestiary","Colored Map","Colored Powertips","Minty Spire (QoL Compilation)","Rare Cards Sparkle","Relic Stats","everything is the same but u backflip on backflip"],"gold_per_floor":[20,20,31,43,61,61,93,106,106,136,136,136,136,155,155,227,227,245,32,32,0,0,0,25,36,36,61,61,89,89,103,103,177,177,188,200,211,231,231,231,258,126,126,161,161,171,186,203,203,203],"floor_reached":51,"language":"ENG","playtime":3899,"items_purged":["Strike_R"],"score":1565,"play_id":"f37499b1-907b-46c9-98e0-73677294f284","local_time":"20210202183600","is_ascension_mode":true,"campfire_choices":[{"data":"Perfected Strike","floor":6.0,"key":"SMITH"},{"data":"Body Slam","floor":13.0,"key":"SMITH"},{"data":"Rampage","floor":15.0,"key":"SMITH"},{"data":"Offering","floor":23.0,"key":"SMITH"},{"floor":32,"key":"REST"},{"data":"Seeing Red","floor":40,"key":"SMITH"},{"floor":45,"key":"REST"},{"floor":49,"key":"REST"}],"circlet_count":0,"master_deck":["AscendersBane","Defend_R","Defend_R","Defend_R","Defend_R","Bash","Iron Wave","Reckless Charge","Second Wind","Shrug It Off","Body Slam+1","Fire Breathing+1","Power Through","Parasite","Rampage+1","Battle Trance","Offering+1","Sentinel","Intimidate","Shrug It Off","Pommel Strike","Searing Blow","Decay","Dual Wield","Intimidate","Warcry","Warcry","Fire Breathing","Seeing Red+1","Juggernaut","Twin Strike+1","Dark Embrace+1","Fire Breathing","Fiend Fire","True Grit","Sever Soul","Seeing Red","Seeing Red","Seeing Red","True Grit","Sever Soul+1"],"relics":["Burning Blood","Charon\u0027s Ashes","Mango","Prayer Wheel","Lizard Tail","Mark of Pain","Dead Branch","TungstenRod","Pantograph","Bird Faced Urn","Torii","Astrolabe","Bag of Marbles","Anchor","Unceasing Top"],"acts_visited":["Exordium","TheCity","TheBeyond"],"potions_floor_usage":[36,41,44,50,50],"damage_taken":[{"damage":4.0,"enemies":"Small Slimes","floor":1.0,"turns":4.0},{"damage":1.0,"enemies":"Cultist","floor":3.0,"turns":3.0},{"damage":7.0,"enemies":"Jaw Worm","floor":4.0,"turns":3.0},{"damage":33.0,"enemies":"Large Slime","floor":5.0,"turns":7.0},{"damage":21.0,"enemies":"Gremlin Nob","floor":7.0,"turns":4.0},{"damage":7.0,"enemies":"3 Louse","floor":8.0,"turns":4.0},{"damage":7.0,"enemies":"3 Sentries","floor":10.0,"turns":4.0},{"damage":6.0,"enemies":"Looter","floor":14.0,"turns":2.0},{"damage":28.0,"enemies":"The Guardian","floor":16.0,"turns":10.0},{"damage":0.0,"enemies":"Chosen","floor":18.0,"turns":3.0},{"damage":71.0,"enemies":"Gremlin Leader","floor":24.0,"turns":6.0},{"damage":8.0,"enemies":"3 Byrds","floor":25.0,"turns":5.0},{"damage":25.0,"enemies":"Book of Stabbing","floor":27.0,"turns":6.0},{"damage":28,"enemies":"Slavers","floor":29,"turns":3},{"damage":5,"enemies":"Centurion and Healer","floor":31,"turns":3},{"damage":53,"enemies":"Automaton","floor":33,"turns":8},{"damage":25,"enemies":"3 Darklings","floor":35,"turns":4},{"damage":24,"enemies":"3 Shapes","floor":36,"turns":3},{"damage":7,"enemies":"Sphere and 2 Shapes","floor":37,"turns":3},{"damage":8,"enemies":"Transient","floor":38,"turns":6},{"damage":9,"enemies":"Reptomancer","floor":41,"turns":2},{"damage":53,"enemies":"Giant Head","floor":44,"turns":6},{"damage":5,"enemies":"Jaw Worm Horde","floor":46,"turns":2},{"damage":14,"enemies":"Spire Growth","floor":47,"turns":3},{"damage":18,"enemies":"Transient","floor":48,"turns":6},{"damage":10,"enemies":"Donu and Deca","floor":50,"turns":5}],"seed_played":"2564956035578584671","potions_obtained":[{"floor":1.0,"key":"Strength Potion"},{"floor":14.0,"key":"FearPotion"},{"floor":16.0,"key":"SkillPotion"},{"floor":18.0,"key":"SkillPotion"},{"floor":25.0,"key":"AttackPotion"},{"floor":31,"key":"AttackPotion"},{"floor":36,"key":"BlessingOfTheForge"},{"floor":38,"key":"Energy Potion"},{"floor":44,"key":"Dexterity Potion"}],"is_trial":false,"path_per_floor":["M","?","M","M","M","R","E","M","T","E","?","?","R","M","R","B",null,"M","$","?","?","?","R","E","M","T","E","?","E","?","M","R","B",null,"M","M","M","M","?","R","E","$","T","E","R","M","M","M","R","B",null],"character_chosen":"IRONCLAD","items_purchased":["Shrug It Off","Pommel Strike","Fire Potion","Seeing Red","Swift Potion"],"campfire_rested":3,"item_purchase_floors":[19,19,19,42,42],"current_hp_per_floor":[70,70,75,74,47,47,46,45,45,44,44,66,66,66,66,44,78,84,84,84,84,84,84,19,17,17,44,44,24,24,27,53,43,78,69,57,64,78,78,78,85,85,85,52,78,87,81,79,89,89],"gold":203,"neow_bonus":"ONE_RARE_RELIC","is_daily":false,"chose_seed":false,"campfire_upgraded":5,"win_rate":0.0,"timestamp":1612283760,"path_taken":["M","?","M","M","M","R","E","?","T","E","?","?","R","M","R","BOSS","M","$","?","?","?","R","E","M","T","E","?","E","?","M","R","BOSS","M","M","M","M","?","R","E","$","T","E","R","M","M","M","R","BOSS"],"items_purchased_type":["Card","Card","Potion","Card","Potion"],"build_version":"2020-12-22","purchased_purges":1,"victory":true,"max_hp_per_floor":[75,75,75,75,75,75,89,89,89,89,89,89,89,89,89,89,89,89,89,89,89,89,89,89,89,89,89,89,89,89,89,89,89,89,89,89,89,89,89,89,89,89,89,89,89,89,89,89,89,89],"relic_stats":{"Torii":6,"counters":[26,115],"Dead Branch":[288],"Astrolabe":["Perfected Strike","Twin Strike","Dark Embrace"],"Charon\u0027s Ashes":[1334],"Burning Blood":150,"Lizard Tail":44,"Pantograph":25,"Bird Faced Urn":[110],"Prayer Wheel":11,"obtain_stats":[{"Torii":29,"Dead Branch":24,"Astrolabe":34,"Mango":7,"Charon\u0027s Ashes":0,"Burning Blood":0,"Lizard Tail":10,"Anchor":43,"Pantograph":27,"Bird Faced Urn":28,"Prayer Wheel":9,"Mark of Pain":17,"Bag of Marbles":41,"TungstenRod":26,"Unceasing Top":44},{"Torii":14,"Dead Branch":11,"Astrolabe":16,"Mango":5,"Charon\u0027s Ashes":0,"Burning Blood":0,"Lizard Tail":7,"Anchor":21,"Pantograph":13,"Bird Faced Urn":13,"Prayer Wheel":6,"Mark of Pain":9,"Bag of Marbles":21,"TungstenRod":12,"Unceasing Top":22},{"Torii":64,"Dead Branch":50,"Astrolabe":75,"Mango":21,"Charon\u0027s Ashes":0,"Burning Blood":0,"Lizard Tail":29,"Anchor":93,"Pantograph":61,"Bird Faced Urn":61,"Prayer Wheel":25,"Mark of Pain":41,"Bag of Marbles":93,"TungstenRod":55,"Unceasing Top":99}],"TungstenRod":43,"Unceasing Top":[1]},"card_choices":[{"not_picked":["Spot Weakness","Heavy Blade"],"picked":"Iron Wave","floor":1.0},{"not_picked":["True Grit","Armaments"],"picked":"Reckless Charge","floor":3.0},{"not_picked":["Twin Strike","Pommel Strike"],"picked":"Second Wind","floor":4.0},{"not_picked":["Rupture","Armaments"],"picked":"Shrug It Off","floor":5.0},{"not_picked":["Second Wind","Blood for Blood"],"picked":"Body Slam","floor":7.0},{"not_picked":["Twin Strike","Power Through"],"picked":"Fire Breathing","floor":8.0},{"not_picked":["Headbutt","Rupture"],"picked":"Power Through","floor":10.0},{"not_picked":["Headbutt","Clash"],"picked":"Rampage","floor":14.0},{"not_picked":["Clash","Power Through"],"picked":"Battle Trance","floor":14.0},{"not_picked":["Reaper","Immolate"],"picked":"Offering","floor":16.0},{"not_picked":["Iron Wave","Reckless Charge"],"picked":"Sentinel","floor":18.0},{"not_picked":["Shrug It Off","Clash+1"],"picked":"Intimidate","floor":18.0},{"not_picked":["Wild Strike","Double Tap"],"picked":"Dual Wield","floor":24.0},{"not_picked":["Flex","Sword Boomerang+1"],"picked":"Intimidate","floor":25.0},{"not_picked":["Anger+1","Twin Strike"],"picked":"Warcry","floor":25.0},{"not_picked":["Pommel Strike","Wild Strike"],"picked":"Warcry","floor":27},{"not_picked":["Infernal Blade","Rampage+1","Rupture"],"picked":"SKIP","floor":29},{"not_picked":["Whirlwind","Wild Strike"],"picked":"Fire Breathing","floor":31},{"not_picked":["Cleave","Rampage"],"picked":"Seeing Red","floor":31},{"not_picked":["Bludgeon","Exhume"],"picked":"Juggernaut","floor":33},{"not_picked":["Rupture","Anger"],"picked":"Fire Breathing","floor":35},{"not_picked":["Perfected Strike","Warcry","Cleave"],"picked":"SKIP","floor":35},{"not_picked":["Iron Wave+1","Sword Boomerang+1"],"picked":"Fiend Fire","floor":36},{"not_picked":["Ghostly Armor","Wild Strike","Cleave"],"picked":"SKIP","floor":36},{"not_picked":["Thunderclap","Pommel Strike"],"picked":"True Grit","floor":37},{"not_picked":["Iron Wave+1","Clash","Heavy Blade"],"picked":"SKIP","floor":37},{"not_picked":["Headbutt+1","Burning Pact"],"picked":"Sever Soul","floor":38},{"not_picked":["Flex","Sword Boomerang","Shrug It Off"],"picked":"SKIP","floor":38},{"not_picked":["Rampage+1","Flex"],"picked":"Seeing Red","floor":41},{"not_picked":["Feed","Shrug It Off","Pommel Strike+1"],"picked":"SKIP","floor":44},{"not_picked":["Anger+1","Twin Strike+1"],"picked":"Seeing Red","floor":46},{"not_picked":["Pummel","Sword Boomerang","Warcry"],"picked":"SKIP","floor":46},{"not_picked":["Shockwave","Cleave"],"picked":"True Grit","floor":47},{"not_picked":["Seeing Red","Carnage","Heavy Blade"],"picked":"SKIP","floor":47},{"not_picked":["Flex","Offering"],"picked":"Sever Soul+1","floor":48},{"not_picked":["Heavy Blade","Clash+1","Thunderclap"],"picked":"SKIP","floor":48}],"player_experience":620723,"relics_obtained":[{"floor":7.0,"key":"Mango"},{"floor":9.0,"key":"Prayer Wheel"},{"floor":10.0,"key":"Lizard Tail"},{"floor":24.0,"key":"Dead Branch"},{"floor":26.0,"key":"TungstenRod"},{"floor":27,"key":"Pantograph"},{"floor":29,"key":"Torii"},{"floor":41,"key":"Bag of Marbles"},{"floor":43,"key":"Anchor"},{"floor":44,"key":"Unceasing Top"}],"event_choices":[{"damage_healed":0.0,"max_hp_gain":0.0,"max_hp_loss":0.0,"gold_gain":0.0,"cards_transformed":["Strike_R"],"event_name":"Transmorgrifier","player_choice":"Transformed","floor":2.0,"gold_loss":0.0,"damage_taken":0.0,"cards_obtained":["Perfected Strike"]},{"damage_healed":0.0,"max_hp_gain":0.0,"max_hp_loss":0.0,"gold_gain":0.0,"event_name":"Living Wall","player_choice":"Grow","floor":11.0,"gold_loss":0.0,"damage_taken":0.0,"cards_upgraded":["Fire Breathing"]},{"damage_healed":22.0,"max_hp_gain":0.0,"max_hp_loss":0.0,"gold_gain":0.0,"event_name":"Mushrooms","player_choice":"Healed and dodged fight","floor":12.0,"gold_loss":0.0,"damage_taken":0.0,"cards_obtained":["Parasite"]},{"damage_healed":0.0,"max_hp_gain":0.0,"max_hp_loss":0.0,"gold_gain":0.0,"cards_transformed":["Perfected Strike","Strike_R"],"event_name":"Drug Dealer","player_choice":"Became Test Subject","floor":20.0,"gold_loss":0.0,"damage_taken":0.0,"cards_obtained":["Searing Blow","Heavy Blade"]},{"damage_healed":0.0,"max_hp_gain":0.0,"max_hp_loss":0.0,"gold_gain":0.0,"event_name":"Masked Bandits","player_choice":"Paid Fearfully","floor":21.0,"gold_loss":32.0,"damage_taken":0.0},{"damage_healed":0.0,"max_hp_gain":0.0,"max_hp_loss":0.0,"gold_gain":0.0,"event_name":"Forgotten Altar","player_choice":"Smashed Altar","floor":22.0,"gold_loss":0.0,"damage_taken":0.0,"cards_obtained":["Decay"]},{"damage_healed":0,"gold_gain":0,"player_choice":"Stole Relic","damage_taken":0,"relics_obtained":["Bird Faced Urn"],"max_hp_gain":0,"max_hp_loss":0,"event_name":"Addict","floor":28,"gold_loss":0,"cards_obtained":["Shame"]},{"cards_removed":["Shame"],"damage_healed":0,"gold_gain":0,"player_choice":"Elegance","damage_taken":0,"max_hp_gain":0,"max_hp_loss":0,"event_name":"Back to Basics","floor":30,"gold_loss":0},{"cards_removed":["Perfected Strike"],"damage_healed":0,"gold_gain":0,"player_choice":"Removed Attack","damage_taken":0,"max_hp_gain":0,"max_hp_loss":0,"event_name":"Falling","floor":39,"gold_loss":0}],"is_beta":false,"boss_relics":[{"not_picked":["Sozu","Philosopher\u0027s Stone"],"picked":"Mark of Pain"},{"not_picked":["Runic Cube","Runic Dome"],"picked":"Astrolabe"}],"items_purged_floors":[19],"is_endless":false,"potions_floor_spawned":[1,14,16,18,25,31,36,38,44,47],"ascension_level":19}}