{"host":"e3jr8cs0hrgde9ri","time":1612239043,"event":{"mods":["2.2 Compatiblity","BaseMod","Highlight Path","Minty Spire (QoL Compilation)","Permanent Neow","Quick Restart","SuperFastMode"],"gold_per_floor":[116,116,116,131,149,149,182,182,228,264,103,68,107,123,123,123,123],"floor_reached":16,"language":"ENG","playtime":436,"items_purged":["Strike_G"],"score":216,"play_id":"3b328ad1-aec2-46ce-b985-44f78a44b3a5","local_time":"20210201201043","is_ascension_mode":true,"campfire_choices":[{"data":"Deadly Poison","floor":6,"key":"SMITH"},{"floor":8,"key":"REST"},{"floor":15,"key":"REST"}],"circlet_count":0,"master_deck":["AscendersBane","Strike_G","Strike_G","Strike_G","Strike_G","Defend_G","Defend_G","Defend_G","Defend_G","Defend_G","Survivor","Neutralize+1","Acrobatics","Terror","Deadly Poison+1","Flying Knee","Catalyst","Noxious Fumes","Deadly Poison","Well Laid Plans"],"relics":["Philosopher\u0027s Stone","Golden Idol","Art of War","Snake Skull","Odd Mushroom","Dream Catcher"],"acts_visited":["Exordium"],"potions_floor_usage":[7,13,13,14],"damage_taken":[{"damage":0,"enemies":"2 Louse","floor":1,"turns":5},{"damage":0,"enemies":"Jaw Worm","floor":4,"turns":4},{"damage":0,"enemies":"Cultist","floor":5,"turns":3},{"damage":46,"enemies":"3 Sentries","floor":7,"turns":13},{"damage":20,"enemies":"The Mushroom Lair","floor":10,"turns":5},{"damage":15,"enemies":"Gremlin Nob","floor":13,"turns":4},{"damage":10,"enemies":"Blue Slaver","floor":14,"turns":3},{"damage":28,"enemies":"Slime Boss","floor":16,"turns":6}],"seed_played":"-2713207562118418352","potions_obtained":[{"floor":4,"key":"AttackPotion"},{"floor":7,"key":"SpeedPotion"},{"floor":10,"key":"SpeedPotion"},{"floor":13,"key":"Fruit Juice"}],"is_trial":false,"path_per_floor":["M","?","?","M","M","R","E","R","T","?","$","?","E","M","R","B"],"character_chosen":"THE_SILENT","items_purchased":["Noxious Fumes"],"campfire_rested":2,"item_purchase_floors":[11],"current_hp_per_floor":[59,59,59,59,59,59,13,31,31,11,11,26,11,6,25,0,0],"gold":123,"neow_bonus":"BOSS_RELIC","is_daily":false,"chose_seed":false,"campfire_upgraded":1,"win_rate":0.0,"timestamp":1612239043,"path_taken":["M","?","?","M","M","R","E","R","T","?","?","?","E","?","R","BOSS"],"items_purchased_type":["Card"],"build_version":"2020-12-22","purchased_purges":1,"victory":false,"max_hp_per_floor":[66,66,60,60,60,60,60,60,60,60,60,60,60,65,65,65,65],"card_choices":[{"not_picked":["Deflect","Blade Dance"],"picked":"Acrobatics","floor":1},{"not_picked":["Poisoned Stab","Masterful Stab"],"picked":"Terror","floor":4},{"not_picked":["Concentrate","Deflect"],"picked":"Deadly Poison","floor":5},{"not_picked":["Distraction","Eviscerate"],"picked":"Flying Knee","floor":7},{"not_picked":["Flying Knee","Deflect"],"picked":"Catalyst","floor":10},{"not_picked":["Dodge and Roll","Concentrate"],"picked":"Deadly Poison","floor":13},{"not_picked":["Flying Knee","Terror"],"picked":"Well Laid Plans","floor":14}],"player_experience":1805260,"relics_obtained":[{"floor":7,"key":"Art of War"},{"floor":9,"key":"Snake Skull"},{"floor":10,"key":"Odd Mushroom"},{"floor":13,"key":"Dream Catcher"}],"event_choices":[{"damage_healed":0,"gold_gain":0,"player_choice":"Grow","damage_taken":0,"max_hp_gain":0,"max_hp_loss":0,"event_name":"Living Wall","floor":2,"gold_loss":0,"cards_upgraded":["Neutralize"]},{"damage_healed":0,"gold_gain":0,"player_choice":"Lose Max HP","damage_taken":0,"relics_obtained":["Golden Idol"],"max_hp_gain":0,"max_hp_loss":6,"event_name":"Golden Idol","floor":3,"gold_loss":0},{"damage_healed":0,"gold_gain":0,"player_choice":"Fought Mushrooms","damage_taken":0,"max_hp_gain":0,"max_hp_loss":0,"event_name":"Mushrooms","floor":10,"gold_loss":0},{"damage_healed":15,"gold_gain":0,"player_choice":"Healed","damage_taken":0,"max_hp_gain":0,"max_hp_loss":0,"event_name":"The Cleric","floor":12,"gold_loss":35}],"is_beta":false,"boss_relics":[],"items_purged_floors":[11],"is_endless":false,"potions_floor_spawned":[4,7,10,13],"killed_by":"Slime Boss","ascension_level":20}}