{"host":"1xo5g347e5o4auts","time":1612305043,"event":{"mods":["BaseMod","Minty Spire (QoL Compilation)","Permanent Neow","StSLib"],"gold_per_floor":[114,124,142,160,175,206,218,257,269,281,321,351,401,413,425,515,527,558,582,594,616,646,658,698,710,722,734,746,746],"floor_reached":28,"language":"ENG","playtime":723,"items_purged":[],"score":674,"play_id":"be3cb059-db57-455a-b02b-18b62ebd216e","local_time":"20210203003043","is_ascension_mode":true,"campfire_choices":[{"floor":7.0,"key":"REST"},{"data":"Consecrate","floor":10.0,"key":"SMITH"},{"data":"Wish","floor":15.0,"key":"SMITH"},{"floor":23.0,"key":"REST"},{"floor":25.0,"key":"REST"}],"circlet_count":0,"master_deck":["AscendersBane","Strike_P+1","Strike_P","Strike_P","Defend_P","Defend_P","Defend_P","Defend_P","Eruption+1","Vigilance","FearNoEvil","EmptyFist","Consecrate+1","FlyingSleeves+1","Wish+1","Protect","JustLucky","LessonLearned+1","Sanctity+1","CrushJoints+1","FlurryOfBlows","Wireheading+1"],"relics":["PureWater","MawBank","GoldenEye","Pantograph","Bottled Lightning","Fusion Hammer","Singing Bowl","Omamori"],"acts_visited":["Exordium","TheCity"],"potions_floor_usage":[],"damage_taken":[{"damage":7.0,"enemies":"Small Slimes","floor":1.0,"turns":3.0},{"damage":0.0,"enemies":"Cultist","floor":2.0,"turns":2.0},{"damage":3.0,"enemies":"2 Louse","floor":3.0,"turns":3.0},{"damage":8.0,"enemies":"Lots of Slimes","floor":4.0,"turns":3.0},{"damage":2.0,"enemies":"2 Fungi Beasts","floor":5.0,"turns":3.0},{"damage":14.0,"enemies":"Gremlin Nob","floor":6.0,"turns":3.0},{"damage":0.0,"enemies":"Lagavulin","floor":8.0,"turns":4.0},{"damage":28.0,"enemies":"Gremlin Nob","floor":11.0,"turns":3.0},{"damage":0.0,"enemies":"Large Slime","floor":12.0,"turns":2.0},{"damage":8.0,"enemies":"3 Louse","floor":13.0,"turns":7.0},{"damage":0.0,"enemies":"Slime Boss","floor":16.0,"turns":5.0},{"damage":0.0,"enemies":"Spheric Guardian","floor":18.0,"turns":3.0},{"damage":3.0,"enemies":"Shell Parasite","floor":19.0,"turns":7.0},{"damage":13.0,"enemies":"Centurion and Healer","floor":21.0,"turns":6.0},{"damage":12.0,"enemies":"Snake Plant","floor":22.0,"turns":3.0},{"damage":42.0,"enemies":"Slavers","floor":24.0,"turns":7.0},{"damage":0,"enemies":"Book of Stabbing","floor":28,"turns":1}],"seed_played":"1683937992219648947","potions_obtained":[{"floor":3.0,"key":"Fruit Juice"},{"floor":6.0,"key":"Strength Potion"},{"floor":11.0,"key":"GamblersBrew"},{"floor":12.0,"key":"ColorlessPotion"},{"floor":16.0,"key":"Explosive Potion"},{"floor":21.0,"key":"LiquidBronze"},{"floor":22.0,"key":"Fire Potion"},{"floor":24.0,"key":"SpeedPotion"}],"is_trial":false,"path_per_floor":["M","M","M","M","M","E","R","E","T","R","E","M","M","?","R","B",null,"M","M","$","M","M","R","E","R","T","?","E"],"character_chosen":"WATCHER","items_purchased":[],"campfire_rested":3,"item_purchase_floors":[],"current_hp_per_floor":[54,54,51,43,41,27,47,47,47,47,19,24,16,16,16,41,65,65,62,62,49,37,58,16,37,37,37,37,37],"gold":746,"neow_bonus":"UPGRADE_CARD","is_daily":false,"chose_seed":false,"campfire_upgraded":2,"win_rate":0.0,"timestamp":1612305043,"path_taken":["M","M","M","M","M","E","R","E","T","R","E","M","M","?","R","BOSS","M","?","$","M","M","R","E","R","T","?","E"],"items_purchased_type":[],"build_version":"2020-12-22","purchased_purges":0,"victory":false,"max_hp_per_floor":[68,68,68,68,68,68,68,68,68,68,68,73,73,73,73,73,73,73,73,73,73,73,73,73,73,73,73,73,73],"card_choices":[{"not_picked":["Consecrate","EmptyMind"],"picked":"FearNoEvil","floor":1.0},{"not_picked":["Consecrate","PathToVictory"],"picked":"EmptyFist","floor":2.0},{"not_picked":["CutThroughFate","Indignation"],"picked":"Consecrate","floor":3.0},{"not_picked":["FollowUp","CutThroughFate"],"picked":"FlyingSleeves","floor":4.0},{"not_picked":["EmptyBody","ThirdEye"],"picked":"Wish","floor":5.0},{"not_picked":["Sanctity","FollowUp","Vengeance"],"picked":"SKIP","floor":6.0},{"not_picked":["InnerPeace","CrushJoints"],"picked":"Protect","floor":8.0},{"not_picked":["CutThroughFate","Perseverance","Indignation"],"picked":"SKIP","floor":11.0},{"not_picked":["CarveReality","PathToVictory"],"picked":"JustLucky","floor":12.0},{"not_picked":["SignatureMove","PathToVictory","FollowUp"],"picked":"SKIP","floor":13.0},{"not_picked":["Devotion","Alpha"],"picked":"LessonLearned","floor":16.0},{"not_picked":["Nirvana","Evaluate"],"picked":"Sanctity+1","floor":18.0},{"not_picked":["CutThroughFate","EmptyFist"],"picked":"CrushJoints+1","floor":19.0},{"not_picked":["FollowUp","SashWhip"],"picked":"FlurryOfBlows","floor":21.0},{"not_picked":["Evaluate+1","Prostrate","PathToVictory"],"picked":"SKIP","floor":22.0},{"not_picked":["EmptyFist+1","CutThroughFate"],"picked":"Wireheading+1","floor":24.0}],"player_experience":1430207,"relics_obtained":[{"floor":6.0,"key":"MawBank"},{"floor":8.0,"key":"GoldenEye"},{"floor":9.0,"key":"Pantograph"},{"floor":11.0,"key":"Bottled Lightning"},{"floor":24.0,"key":"Singing Bowl"},{"floor":26.0,"key":"Omamori"}],"event_choices":[{"cards_removed":["Strike_P"],"damage_healed":0.0,"max_hp_gain":0.0,"max_hp_loss":0.0,"gold_gain":0.0,"event_name":"Bonfire Elementals","player_choice":"Offered Basic","floor":14.0,"gold_loss":0.0,"damage_taken":0.0},{"damage_healed":0.0,"max_hp_gain":0.0,"max_hp_loss":0.0,"gold_gain":0.0,"event_name":"Forgotten Altar","player_choice":"Smashed Altar","floor":27.0,"gold_loss":0.0,"damage_taken":0.0,"cards_obtained":["Decay"]}],"is_beta":false,"boss_relics":[{"not_picked":["Runic Dome","Coffee Dripper"],"picked":"Fusion Hammer"}],"items_purged_floors":[],"is_endless":false,"potions_floor_spawned":[3,6,11,12,13,16,21,22,24],"killed_by":"Book of Stabbing","ascension_level":20}}