{"host":"0g8fai1yzyd1adpx","time":1612306717,"event":{"mods":["AchievementEnabler","BaseMod","BetterRewards","Downfall","Hermit","Hubris","Infinite Spire","Marisa????????","Minty Spire (QoL Compilation)","Replay The Spire","StSLib","The Cursed","The Servant 0.9.4"],"gold_per_floor":[211,227,240,36,55,90,90,90,90,111,111,136,183,234,234,348,348,376,376,360,360,66,66,105,105,130,130,159,159,176,176,176,180,180],"floor_reached":33,"language":"ENG","playtime":2332,"items_purged":["Strike_R","Defend_R"],"score":316,"play_id":"51fcb0a0-4c0a-4526-aec3-c6bc269641a3","local_time":"20210202165837","is_ascension_mode":true,"campfire_choices":[{"floor":7.0,"key":"REST"},{"data":"Iron Wave","floor":11.0,"key":"SMITH"},{"floor":15.0,"key":"REST"},{"floor":23.0,"key":"REST"},{"floor":25.0,"key":"REST"},{"floor":32,"key":"REST"}],"circlet_count":0,"master_deck":["Strike_R","Strike_R","Defend_R+1","Defend_R","Defend_R","Bash","Metallicize","Uppercut","Body Slam","Armaments","Iron Wave+1","hubris:SharpeningStone+1","Barricade+1","Shrug It Off+1","Havoc+1","Rampage+1","Enlightenment","downfall:Bewildered"],"relics":["Burning Blood","Membership Card","Replay:Bandana","TungstenRod","Juzu Bracelet","MealTicket","Astrolabe","War Paint","hubris:MysteriousPyramids","Replay:Towering Pillar of Hats","sneckomod:BabySnecko","hubris:Towel"],"acts_visited":["Exordium","TheCity"],"potions_floor_usage":[33],"damage_taken":[{"damage":6.0,"enemies":"infinitespire:Voidling","floor":1.0,"turns":3.0},{"damage":7.0,"enemies":"Cultist","floor":2.0,"turns":4.0},{"damage":7.0,"enemies":"2 Louse","floor":3.0,"turns":3.0},{"damage":13.0,"enemies":"Exordium Wildlife","floor":5.0,"turns":5.0},{"damage":26.0,"enemies":"Replay:BlueRogue","floor":6.0,"turns":6.0},{"damage":12.0,"enemies":"3 Louse","floor":10.0,"turns":4.0},{"damage":10.0,"enemies":"Gremlin Gang","floor":12.0,"turns":5.0},{"damage":28.0,"enemies":"Gremlin Nob","floor":13.0,"turns":5.0},{"damage":37.0,"enemies":"The Guardian","floor":16.0,"turns":12.0},{"damage":27.0,"enemies":"Shell Parasite","floor":18.0,"turns":6.0},{"damage":24.0,"enemies":"2 Thieves","floor":20.0,"turns":5.0},{"damage":70.0,"enemies":"Gremlin Leader","floor":24.0,"turns":8.0},{"damage":5.0,"enemies":"Cultist and Chosen","floor":28.0,"turns":8.0},{"damage":26,"enemies":"Snake Plant","floor":30,"turns":5},{"damage":27,"enemies":"Pondfish","floor":33,"turns":12}],"seed_played":"1904611172716581783","potions_obtained":[{"floor":2.0,"key":"hexamod:EctoCoolerPotion"},{"floor":5.0,"key":"SkillPotion"},{"floor":16.0,"key":"Swift Potion"},{"floor":30,"key":"Fire Potion"}],"is_trial":false,"path_per_floor":["M","M","M","$","M","E","R","?","T","M","R","M","E","T","R","B",null,"M","?","M","?","$","R","E","R","T","?","M","?","M","?","R","B"],"character_chosen":"IRONCLAD","items_purchased":["Membership Card","Armaments","War Paint","Enlightenment","hubris:MysteriousPyramids"],"campfire_rested":5,"item_purchase_floors":[4,4,22,22,22],"current_hp_per_floor":[80,79,78,78,71,51,75,75,75,69,69,65,43,43,67,36,80,59,59,41,36,51,75,11,35,35,35,36,36,16,2,27,0,0],"gold":180,"neow_bonus":"HUNDRED_GOLD","is_daily":false,"chose_seed":false,"campfire_upgraded":1,"win_rate":0.0,"timestamp":1612306717,"path_taken":["M","?","?","$","M","E","R","?","T","M","R","M","E","?","R","BOSS","M","?","M","?","$","R","E","R","T","?","M","?","M","?","R","BOSS"],"items_purchased_type":["Relic","Card","Relic","Card","Relic"],"build_version":"2020-12-22","purchased_purges":2,"victory":false,"max_hp_per_floor":[80,80,80,80,80,80,80,80,80,80,80,80,80,80,80,80,80,80,80,80,80,80,80,80,80,80,80,80,80,80,85,85,85,85],"card_choices":[{"not_picked":["Twin Strike","Clothesline"],"picked":"Metallicize","floor":1.0},{"not_picked":["Headbutt","Second Wind"],"picked":"Uppercut","floor":2.0},{"not_picked":["Replay:Undeath\u0027s Touch","ReplayTheSpireMod:LeadingStrike"],"picked":"Body Slam","floor":3.0},{"not_picked":["Replay:Undeath\u0027s Touch","Flex","Pommel Strike"],"picked":"SKIP","floor":5.0},{"not_picked":["Anger","Run Through"],"picked":"Eclipse","floor":6.0},{"not_picked":["Armaments","Rupture"],"picked":"Iron Wave","floor":10.0},{"not_picked":["Seeing Red","Massacre"],"picked":"hubris:SharpeningStone","floor":12.0},{"not_picked":["True Grit","Spot Weakness","Life Link"],"picked":"SKIP","floor":13.0},{"not_picked":["True Grit","Spot Weakness","Life Link"],"picked":"SKIP","floor":13.0},{"not_picked":["Eclipse","Bludgeon"],"picked":"Barricade","floor":16.0},{"not_picked":["hubris:ReadiedAction","Cleave","Headbutt"],"picked":"SKIP","floor":18.0},{"not_picked":["Twin Strike","Heavy Blade","Bludgeon"],"picked":"SKIP","floor":20.0},{"not_picked":["Massacre","Flex","Feel No Pain+1"],"picked":"SKIP","floor":24.0},{"not_picked":["Infernal Blade","Twin Strike","ReplayTheSpireMod:Strike From Hell"],"picked":"SKIP","floor":28.0},{"not_picked":["Intimidate","Shrug It Off","Havoc"],"picked":"SKIP","floor":30}],"player_experience":433533,"relics_obtained":[{"floor":6.0,"key":"Replay:Bandana"},{"floor":9.0,"key":"TungstenRod"},{"floor":13.0,"key":"Juzu Bracelet"},{"floor":14.0,"key":"MealTicket"},{"floor":24.0,"key":"Replay:Towering Pillar of Hats"}],"event_choices":[{"damage_healed":0.0,"max_hp_gain":0.0,"max_hp_loss":0.0,"gold_gain":0.0,"event_name":"Knowing Skull","player_choice":"","floor":21.0,"potions_obtained":[],"gold_loss":0.0,"damage_taken":6.0,"cards_obtained":[]},{"damage_healed":0,"gold_gain":0,"player_choice":"Shed Blood","damage_taken":20,"max_hp_gain":5,"max_hp_loss":0,"event_name":"Forgotten Altar","floor":31,"gold_loss":0}],"is_beta":false,"boss_relics":[{"not_picked":["hubris:TerracottaHorce","Runic Pyramid"],"picked":"Astrolabe"}],"items_purged_floors":[4,22],"is_endless":false,"potions_floor_spawned":[2,5,16,30],"killed_by":"Pondfish","ascension_level":3}}