{"host":"DrTrollPool","time":1612262347,"event":{"mods":["2.2 Compatiblity","BaseMod","BetterRewards","Colored Map","DeckTracker","Downfall","Googly Eyes","Hermit","HexUI Lib","Highlight Path","Hubris","Infinite Spire","Minty Spire (QoL Compilation)","Potionbrewer","Replay The Spire","StSLib","SuperFastMode","The Construct","The Cursed","The Disciple","The Hierophant","The Jungle","The Necromancer","The Runesmith","The Servant 0.9.4"],"gold_per_floor":[109,121,121,221,146,182,103,138,199,232,268,280,311,348,360,482,494,526,538,573,66,82,82,99,99,123,150,150,150,150,150,150,256,256,273,273,273,296,311,351,351,374,374,374,410,435,450,450,450,450,450],"floor_reached":50,"language":"ENG","playtime":2755,"items_purged":["downfall:Haunted","downfall:Haunted"],"score":660,"play_id":"d1dc0e76-8720-4470-9a21-06f3aaaf1112","local_time":"20210202113907","is_ascension_mode":false,"campfire_choices":[{"data":"hermit:FatalDesire","floor":23,"key":"SMITH"},{"floor":28,"key":"REST"},{"data":"hermit:HighNoon","floor":30,"key":"SMITH"},{"floor":32,"key":"REST"},{"data":"hermit:FromBeyond","floor":41,"key":"SMITH"},{"floor":49,"key":"REST"}],"circlet_count":0,"master_deck":["hermit:Strike_Hermit","hermit:Strike_Hermit","hermit:Strike_Hermit","hermit:Strike_Hermit","hermit:Defend_Hermit","hermit:Defend_Hermit","hermit:Defend_Hermit","hermit:Defend_Hermit","hermit:Snapshot","hermit:Covet","hermit:Determination","hermit:Malice+1","Voices","hermit:HighNoon+1","hubris:Greed","Clumsy","hermit:EyeOfTheStorm","hermit:CursedWeapon","hermit:TakeCover","hermit:GoldenBullet","hermit:Reprieve","hermit:Shortfuse","hermit:FatalDesire+1","hermit:SprayPray","hermit:ShadowCloak","hermit:SprayPray","hermit:Magnum","hermit:FromBeyond+1","hermit:HighCaliber+1","hermit:Brawl+1","Parasite","hubris:Greed","hubris:Greed"],"relics":["hermit:Momento","Lantern","Tiny Chest","Du-Vu Doll","potionbrewer:ToyAutogyro","MawBank","Boot","potionbrewer:BhaskarasWheel","infinitespire:Satchel","hubris:SlimyHat","Sling","Replay:Baseball","Bag of Marbles","Replay:Rubber Ducky","Dead Branch","SacredBark","construct:WeddingRing","Bronze Scales","PreservedInsect","Runesmith:Nanobots","Pet Ghost"],"acts_visited":["Exordium","TheCity","TheBeyond"],"potions_floor_usage":[6,13,13,13,18,33,40,40,46,50],"damage_taken":[{"damage":3,"enemies":"infinitespire:Voidling","floor":1,"turns":4},{"damage":2,"enemies":"Small Slimes","floor":2,"turns":4},{"damage":35,"enemies":"3 Sentries","floor":6,"turns":7},{"damage":25,"enemies":"Gremlin Nob","floor":8,"turns":4},{"damage":1,"enemies":"Jaw Worm","floor":10,"turns":2},{"damage":3,"enemies":"Large Slime","floor":11,"turns":3},{"damage":0,"enemies":"Looter","floor":13,"turns":3},{"damage":2,"enemies":"Exordium Wildlife","floor":14,"turns":3},{"damage":42,"enemies":"The Guardian","floor":16,"turns":10},{"damage":30,"enemies":"3 Byrds","floor":18,"turns":6},{"damage":22,"enemies":"2 Thieves","floor":22,"turns":3},{"damage":22,"enemies":"Centurion and Healer","floor":24,"turns":4},{"damage":1,"enemies":"Automaton","floor":33,"turns":8},{"damage":11,"enemies":"3 Shapes","floor":35,"turns":3},{"damage":9,"enemies":"Orb Walker","floor":38,"turns":2},{"damage":2,"enemies":"4 Shapes","floor":39,"turns":4},{"damage":12,"enemies":"R_Hoarder","floor":40,"turns":4},{"damage":22,"enemies":"Maw","floor":42,"turns":6},{"damage":6,"enemies":"Nemesis","floor":45,"turns":3},{"damage":2,"enemies":"Writhing Mass","floor":46,"turns":4},{"damage":8,"enemies":"Sphere and 2 Shapes","floor":47,"turns":3},{"damage":60,"enemies":"Donu and Deca","floor":50,"turns":6}],"seed_played":"-4749477167767729664","potions_obtained":[{"floor":2,"key":"Explosive Potion"},{"floor":6,"key":"Dexterity Potion"},{"floor":10,"key":"potionbrewer:ToxicPotion"},{"floor":11,"key":"Explosive Potion"},{"floor":16,"key":"Weak Potion"},{"floor":24,"key":"Strength Potion"},{"floor":38,"key":"potionbrewer:CleansingPotion"},{"floor":39,"key":"ColorlessPotion"},{"floor":45,"key":"Strength Potion"},{"floor":47,"key":"potionbrewer:EndurancePotion"}],"is_trial":false,"path_per_floor":["M","M","?","?","$","E","$","E","T","M","M","$","M","M","R_BF","B",null,"M","?","T","$","M","R","M","?","T","T","R","$","R","AVR","R","B",null,"M","?","?","M","M","E","R","M","T","T","E","M","M","?","R","B"],"character_chosen":"HERMIT","items_purchased":["hermit:CursedWeapon","hermit:ShadowCloak","hubris:SlimyHat","Sling","Replay:Baseball"],"campfire_rested":3,"item_purchase_floors":[7,21,21,21,21],"current_hp_per_floor":[72,70,70,75,75,40,40,15,15,14,11,11,11,9,33,3,80,54,54,54,54,48,48,30,21,21,21,45,45,45,45,69,72,80,71,71,71,62,60,60,60,38,38,38,32,42,34,34,58,0,0],"gold":450,"neow_bonus":"RANDOM_COMMON_RELIC","is_daily":false,"chose_seed":false,"campfire_upgraded":3,"win_rate":0.0,"timestamp":1612262347,"path_taken":["M","?","?","?","$","E","$","E","T","M","?","$","M","M","R_BF","BOSS","M","?","?","?","M","R","?","?","T","?","R","$","R","AVR","R","BOSS","M","?","?","?","M","E","R","M","T","?","E","M","?","?","R","BOSS"],"items_purchased_type":["Card","Card","Relic","Relic","Relic"],"build_version":"2020-12-18","purchased_purges":2,"victory":false,"max_hp_per_floor":[75,75,75,80,80,80,80,80,80,80,80,80,80,80,80,80,80,80,80,80,80,80,80,80,80,80,80,80,80,80,80,80,80,80,80,80,80,80,80,80,80,80,80,80,80,80,80,80,80,80,80],"card_choices":[{"not_picked":["hermit:Ricochet","hermit:Coalescence"],"picked":"hermit:Determination","floor":1},{"not_picked":["hermit:Showdown","hermit:Coalescence"],"picked":"hermit:Malice","floor":2},{"not_picked":["hermit:GhostlyPresence","hermit:LowProfile"],"picked":"hermit:EyeOfTheStorm","floor":6},{"not_picked":["hermit:Deadeye","hermit:BigShot"],"picked":"hermit:TakeCover","floor":8},{"not_picked":["hermit:LowProfile","hermit:Scavenge"],"picked":"hermit:GoldenBullet","floor":10},{"not_picked":["hermit:Desperado","hermit:Snipe","hermit:Roulette"],"picked":"SKIP","floor":11},{"not_picked":["hermit:Coalescence","hermit:Feint"],"picked":"hermit:Reprieve","floor":13},{"not_picked":["hermit:Vantage","hermit:Coalescence"],"picked":"hermit:Shortfuse","floor":14},{"not_picked":["hermit:Purgatory","hermit:FromBeyond"],"picked":"hermit:FatalDesire","floor":16},{"not_picked":["hermit:TakeCover","hermit:Dive"],"picked":"hermit:SprayPray","floor":18},{"not_picked":["hermit:DeadMansHand","hermit:Feint","hermit:Roulette+1"],"picked":"SKIP","floor":22},{"not_picked":["hermit:NoHoldsBarred","hermit:Headshot"],"picked":"hermit:SprayPray","floor":24},{"not_picked":["hermit:Purgatory","hermit:Reprieve"],"picked":"hermit:Magnum","floor":33},{"not_picked":["hermit:Ricochet","hermit:LowProfile+1","hermit:CalledShot"],"picked":"SKIP","floor":35},{"not_picked":["hermit:Combo","hermit:Coalescence+1","hermit:Vantage"],"picked":"SKIP","floor":38},{"not_picked":["hermit:LowProfile","hermit:Coalescence+1"],"picked":"hermit:FromBeyond","floor":39},{"not_picked":["hermit:CalledShot+1","hermit:Spite+1","hermit:Gestalt+1"],"picked":"SKIP","floor":40},{"not_picked":["hermit:Roulette+1","hermit:Malice"],"picked":"hermit:HighCaliber+1","floor":42},{"not_picked":["hermit:BodyArmor","hermit:Feint"],"picked":"hermit:Brawl+1","floor":45},{"not_picked":["hermit:Spite+1","hermit:Snipe+1","hermit:Manifest+1"],"picked":"SKIP","floor":46},{"not_picked":["hermit:ShadowCloak+1","hermit:CursedWeapon+1","hermit:Feint+1"],"picked":"SKIP","floor":47}],"player_experience":124542,"relics_obtained":[{"floor":3,"key":"Tiny Chest"},{"floor":6,"key":"potionbrewer:ToyAutogyro"},{"floor":8,"key":"MawBank"},{"floor":9,"key":"Boot"},{"floor":20,"key":"infinitespire:Satchel"},{"floor":26,"key":"Bag of Marbles"},{"floor":27,"key":"Replay:Rubber Ducky"},{"floor":40,"key":"Bronze Scales"},{"floor":43,"key":"PreservedInsect"},{"floor":44,"key":"Runesmith:Nanobots"},{"floor":45,"key":"Pet Ghost"}],"event_choices":[{"damage_healed":0,"gold_gain":0,"player_choice":"Stopped","damage_taken":9,"max_hp_gain":0,"max_hp_loss":0,"event_name":"Cursed Tome","floor":25,"gold_loss":0},{"damage_healed":0,"gold_gain":0,"player_choice":"Ignored","damage_taken":0,"max_hp_gain":0,"max_hp_loss":0,"event_name":"Tomb of Lord Red Mask","floor":36,"gold_loss":0},{"damage_healed":0,"gold_gain":0,"player_choice":"0 cards matched","damage_taken":0,"max_hp_gain":0,"max_hp_loss":0,"event_name":"Match and Keep!","floor":48,"gold_loss":0,"cards_obtained":[]}],"is_beta":true,"boss_relics":[{"not_picked":["Black Star","hubris:TerracottaHorce"],"picked":"potionbrewer:BhaskarasWheel"},{"not_picked":["Empty Cage","Ring of Chaos"],"picked":"construct:WeddingRing"}],"items_purged_floors":[5,31],"is_endless":false,"potions_floor_spawned":[2,6,10,11,16,24,38,39,45,47],"killed_by":"Donu and Deca","ascension_level":0}}