{"host":"n8m0so6y44v0klfv","time":1612244626,"event":{"mods":["BaseMod","Colored Map","Downfall","Minty Spire (QoL Compilation)","StSLib"],"gold_per_floor":[99,99,125,125,125,125,125,153,169,269,299,199,215,234,247,344,344,344,364,381,218,218,251,277,377,395,415,449,449,449,465,484,587,587,387,405,126,139,139,179,206,256,291,135,144,187,187,204,223,223,223,253,15,15,15,15],"floor_reached":57,"language":"ENG","playtime":3715,"items_purged":["bronze:Strike","bronze:Defend","Decay"],"score":1411,"play_id":"bfe03ff1-5545-44a8-b6b5-e4d15bd63fca","local_time":"20210202004346","is_ascension_mode":true,"campfire_choices":[{"data":"bronze:Replicate","floor":1,"key":"SMITH"},{"data":"bronze:Optimize","floor":6,"key":"SMITH"},{"data":"bronze:HardenedForm","floor":12,"key":"SMITH"},{"floor":18,"key":"RECALL"},{"floor":35,"key":"REST"},{"floor":47,"key":"REST"},{"data":"Injury","floor":54,"key":"PURGE"}],"circlet_count":0,"master_deck":["bronze:Strike","bronze:Strike","bronze:Defend","bronze:Defend","bronze:Replicate+1","bronze:Goto","bronze:Separator","bronze:Optimize+1","bronze:FollowUp","bronze:HardenedForm+1","bronze:WhirlingStrike","bronze:Constructor","bronze:Boost","bronze:InfiniteLoop","bronze:Terminator","bronze:InfiniteBeams","bronze:ClassDefault","bronze:Overload+1","bronze:InfiniteLoop","Clumsy","bronze:ChosenStrike","bronze:Verify","bronze:Branch","bronze:HardenedForm","bronze:Repair+1","bronze:Repulsor","Apotheosis","bronze:SpaghettiCode","expansioncontent:StudyTheSpire","bronze:Invalidate","bronze:Flail"],"relics":["bronze:PlatinumCore","downfall:HeartsMalice","Anchor","Mummified Hand","Ginger","Blue Candle","downfall:HeartBlessingGreen","TungstenRod","downfall:ExtraCursedKey","downfall:RedIOU","Fusion Hammer","downfall:HeartBlessingRed","downfall:HeartBlessingBlue","CeramicFish","Peace Pipe","Toy Ornithopter","Bag of Preparation","Thread and Needle","Orichalcum","Shuriken"],"acts_visited":["Exordium","TheCity","TheBeyond","TheEnding"],"potions_floor_usage":[16,23,32,33,33,40,56,56,56],"damage_taken":[{"damage":0,"enemies":"Cultist","floor":2,"turns":1},{"damage":0,"enemies":"Jaw Worm","floor":4,"turns":1},{"damage":0,"enemies":"3 Sentries","floor":8,"turns":1},{"damage":0,"enemies":"2 Louse","floor":9,"turns":3},{"damage":5,"enemies":"Gremlin Nob","floor":11,"turns":3},{"damage":1,"enemies":"Blue Slaver","floor":13,"turns":3},{"damage":0,"enemies":"2 Fungi Beasts","floor":14,"turns":2},{"damage":11,"enemies":"Exordium Thugs","floor":15,"turns":3},{"damage":46,"enemies":"IC_STATUS_ARCHETYPE","floor":16,"turns":9},{"damage":14,"enemies":"3 Byrds","floor":19,"turns":4},{"damage":10,"enemies":"Chosen","floor":20,"turns":4},{"damage":0,"enemies":"downfall:FleeingMerchant","floor":21,"turns":4},{"damage":0,"enemies":"Gremlin Leader","floor":23,"turns":4},{"damage":8,"enemies":"Snecko","floor":26,"turns":4},{"damage":0,"enemies":"Cultist and Chosen","floor":27,"turns":3},{"damage":22,"enemies":"Slavers","floor":28,"turns":4},{"damage":13,"enemies":"Shelled Parasite and Fungi","floor":31,"turns":4},{"damage":0,"enemies":"Centurion and Healer","floor":32,"turns":3},{"damage":6,"enemies":"WA_ARCHETYPE_CALM","floor":33,"turns":8},{"damage":0,"enemies":"3 Shapes","floor":36,"turns":4},{"damage":0,"enemies":"downfall:FleeingMerchant","floor":37,"turns":4},{"damage":18,"enemies":"3 Darklings","floor":38,"turns":5},{"damage":6,"enemies":"downfall:FleeingMerchant","floor":40,"turns":4},{"damage":0,"enemies":"downfall:FleeingMerchant","floor":42,"turns":4},{"damage":0,"enemies":"Giant Head","floor":43,"turns":7},{"damage":28,"enemies":"Reptomancer","floor":46,"turns":5},{"damage":0,"enemies":"Writhing Mass","floor":48,"turns":5},{"damage":9,"enemies":"4 Shapes","floor":49,"turns":4},{"damage":3,"enemies":"SI_POISON_ARCHETYPE","floor":50,"turns":6},{"damage":11,"enemies":"downfall:CharBossMerchant","floor":52,"turns":4},{"damage":6,"enemies":"downfall:NeowBoss","floor":55,"turns":9},{"damage":49,"enemies":"downfall:NeowBossFinal","floor":56,"turns":8}],"seed_played":"-329704683000972363","potions_obtained":[{"floor":8,"key":"Explosive Potion"},{"floor":14,"key":"ColorlessPotion"},{"floor":16,"key":"Fire Potion"},{"floor":22,"key":"CultistPotion"},{"floor":23,"key":"PowerPotion"},{"floor":32,"key":"GamblersBrew"},{"floor":38,"key":"SkillPotion"},{"floor":43,"key":"bronze:BuildAFunctionPotion"},{"floor":46,"key":"Ancient Potion"}],"is_trial":false,"path_per_floor":["R","M","T","M","?","R","T","E","M","?","E","R","M","M","M","B",null,"R","M","M","$","?","E","T","?","M","M","E","?","?","M","M","B",null,"R","M","$","M","?","$","T","?","E","$","?","E","R","M","M","B",null,"E","$","R","B","B",null],"character_chosen":"THE_AUTOMATON","items_purchased":["bronze:ClassDefault","Apotheosis","expansioncontent:StudyTheSpire","Bag of Preparation","Shuriken"],"campfire_rested":2,"item_purchase_floors":[21,37,40,44,53],"current_hp_per_floor":[70,70,70,70,70,70,70,70,70,70,65,65,64,64,53,7,70,70,56,46,46,46,46,46,51,43,43,21,21,21,8,8,2,75,85,85,85,85,85,85,85,85,85,85,85,67,85,85,85,82,85,84,84,84,82,56],"gold":15,"neow_bonus":"THREE_ENEMY_KILL","is_daily":false,"chose_seed":false,"campfire_upgraded":3,"win_rate":0.0,"timestamp":1612244626,"path_taken":["R","M","?","M","?","R","T","E","M","?","E","R","M","M","M","BOSS","R","M","M","$","?","E","T","?","M","?","E","?","?","M","M","BOSS","R","M","$","M","?","?","T","?","E","?","?","E","R","M","M","BOSS","E","$","R","BOSS","BOSS"],"items_purchased_type":["Card","Card","Card","Relic","Relic"],"build_version":"2020-12-22","purchased_purges":3,"victory":true,"max_hp_per_floor":[70,70,70,70,70,70,70,70,70,70,70,70,70,70,70,70,70,70,70,70,70,70,70,70,75,75,75,75,75,75,75,75,75,75,85,85,85,85,85,85,85,85,85,85,85,85,85,85,85,85,85,85,85,85,85,85],"card_choices":[{"not_picked":["bronze:DarkDash","bronze:Constructor"],"picked":"bronze:Separator","floor":2},{"not_picked":["bronze:Fortify","bronze:CutThrough"],"picked":"bronze:Optimize","floor":4},{"not_picked":["bronze:Turbo","bronze:FineTuning"],"picked":"bronze:FollowUp","floor":8},{"not_picked":["bronze:Overheat","bronze:Frontload","bronze:Turbo"],"picked":"SKIP","floor":9},{"not_picked":["bronze:BugBarrage","bronze:Optimize"],"picked":"bronze:HardenedForm","floor":11},{"not_picked":["bronze:Deprecate","bronze:Safeguard"],"picked":"bronze:WhirlingStrike","floor":13},{"not_picked":["bronze:Refactor","bronze:BugBarrage"],"picked":"bronze:Constructor","floor":14},{"not_picked":["bronze:WhirlingStrike","bronze:GetLatest"],"picked":"bronze:Boost","floor":15},{"not_picked":["bronze:Mutator","bronze:Break"],"picked":"bronze:InfiniteLoop","floor":16},{"not_picked":["bronze:FineTuning","bronze:Refactor"],"picked":"bronze:Terminator","floor":19},{"not_picked":["bronze:DelayedSlice","bronze:MaxOutput"],"picked":"bronze:InfiniteBeams","floor":20},{"not_picked":["bronze:FineTuning","bronze:Turbo","bronze:Frontload"],"picked":"SKIP","floor":21},{"not_picked":["bronze:BronzeOrb","bronze:FollowUp"],"picked":"bronze:Overload+1","floor":23},{"not_picked":["bronze:Deprecate+1","bronze:OilSpill"],"picked":"bronze:ChosenStrike","floor":26},{"not_picked":["bronze:CutThrough","bronze:Turbo","bronze:Overheat"],"picked":"SKIP","floor":27},{"not_picked":["bronze:ForLoop","bronze:Shield"],"picked":"bronze:Verify","floor":28},{"not_picked":["bronze:FineTuning","bronze:Shield","bronze:Overheat"],"picked":"SKIP","floor":31},{"not_picked":["bronze:Overheat","bronze:Shield"],"picked":"bronze:Branch","floor":32},{"not_picked":["bronze:Format","bronze:FindAndReplace"],"picked":"bronze:HardenedForm","floor":33},{"not_picked":["bronze:OilSpill","bronze:BitShift"],"picked":"bronze:Repair+1","floor":36},{"not_picked":["bronze:MaxOutput+1","bronze:DelayedGuard"],"picked":"bronze:Repulsor","floor":37},{"not_picked":["bronze:DarkDash+1","bronze:Safeguard+1","bronze:Deprecate+1"],"picked":"SKIP","floor":38},{"not_picked":["bronze:NullPointer","bronze:Frontload+1"],"picked":"bronze:SpaghettiCode","floor":40},{"not_picked":["bronze:Deprecate+1","bronze:Philosophize","bronze:BugBarrage+1"],"picked":"SKIP","floor":43},{"not_picked":["bronze:BitShift","bronze:Invalidate+1"],"picked":"bronze:Flail","floor":46},{"not_picked":["bronze:Invalidate+1","bronze:Shield+1","bronze:Turbo+1"],"picked":"SKIP","floor":48},{"not_picked":["bronze:Branch","bronze:Overheat","bronze:Shield"],"picked":"SKIP","floor":49},{"not_picked":["bronze:BitShift+1","bronze:BurnOut","bronze:BronzeArmor+1"],"picked":"SKIP","floor":52}],"player_experience":518562,"relics_obtained":[{"floor":3,"key":"Anchor"},{"floor":7,"key":"Mummified Hand"},{"floor":8,"key":"Ginger"},{"floor":11,"key":"Blue Candle"},{"floor":23,"key":"TungstenRod"},{"floor":28,"key":"Tiny Chest"},{"floor":41,"key":"CeramicFish"},{"floor":42,"key":"Peace Pipe"},{"floor":43,"key":"Toy Ornithopter"},{"floor":46,"key":"Thread and Needle"},{"floor":52,"key":"Orichalcum"}],"event_choices":[],"is_beta":false,"boss_relics":[{"not_picked":["Runic Pyramid","Busted Crown"],"picked":"bronze:PlatinumCore"},{"not_picked":["Velvet Choker","Runic Dome"],"picked":"Fusion Hammer"}],"items_purged_floors":[21,37,40],"is_endless":false,"potions_floor_spawned":[8,14,16,23,26,28,31,32,38,43,46,52],"ascension_level":1}}