{"host":"t1puqh5lxz8sp6fn","time":1612297752,"event":{"mods":["AchievementEnabler","BaseMod","Colored Powertips","Minty Spire (QoL Compilation)","Rare Cards Sparkle","Relic Stats","StSLib"],"gold_per_floor":[20,32,42,42,42,72,72,107,132,132,167,184,184,196,196,274,274,291,310,310,343,442,468,468,500,500,533,545,545,572,54,54,125,125,144,156,156,170,56,90,90,116,142,177,177,189,189,189,189,189,189,189,28,56,56],"floor_reached":56,"playtime":2407,"items_purged":[],"score":2204,"play_id":"9ca25cf3-bdf5-4ac7-b43d-3c7e53f1303c","local_time":"20210202172912","is_ascension_mode":true,"campfire_choices":[{"data":"Sweeping Beam","floor":7,"key":"SMITH"},{"floor":10,"key":"REST"},{"data":"Glacier","floor":13,"key":"SMITH"},{"data":"Defragment","floor":15,"key":"SMITH"},{"floor":24,"key":"REST"},{"floor":29,"key":"REST"},{"data":"Apotheosis","floor":32,"key":"SMITH"},{"floor":41,"key":"RECALL"},{"floor":45,"key":"REST"},{"floor":49,"key":"REST"},{"floor":52,"key":"REST"}],"circlet_count":0,"master_deck":["AscendersBane","Strike_B","Strike_B","Strike_B+1","Defend_B","Defend_B","Defend_B","Zap","Dualcast","Ball Lightning+1","Lockon","Sweeping Beam+1","Glacier+1","Defragment+1","Thunder Strike","Leap+1","Multi-Cast","Chill","Electrodynamics","Self Repair","Coolheaded+1","Reinforced Body","Apotheosis+1","Meteor Strike","Darkness+1","Reinforced Body","Echo Form","Tempest"],"relics":["Cracked Core","Regal Pillow","Bronze Scales","Whetstone","Letter Opener","Snecko Eye","Red Mask","Matryoshka","Tiny Chest","Symbiotic Virus","Pantograph","Mercury Hourglass","The Courier","FossilizedHelix","Bag of Marbles","Fusion Hammer","Medical Kit","Anchor","Smiling Mask","Centennial Puzzle","Bottled Lightning","Bottled Tornado","Happy Flower","Kunai"],"acts_visited":["Exordium","TheCity","TheBeyond","TheEnding"],"potions_floor_usage":[8,14,16,21,30,42,55,55,55,55],"damage_taken":[{"damage":1,"enemies":"Cultist","floor":1,"turns":3},{"damage":0,"enemies":"Small Slimes","floor":2,"turns":2},{"damage":2,"enemies":"2 Louse","floor":3,"turns":2},{"damage":16,"enemies":"Gremlin Nob","floor":6,"turns":3},{"damage":35,"enemies":"Lagavulin","floor":8,"turns":4},{"damage":8,"enemies":"Gremlin Nob","floor":11,"turns":3},{"damage":6,"enemies":"Looter","floor":12,"turns":3},{"damage":5,"enemies":"3 Louse","floor":14,"turns":2},{"damage":0,"enemies":"Slime Boss","floor":16,"turns":8},{"damage":4,"enemies":"3 Byrds","floor":18,"turns":3},{"damage":3,"enemies":"2 Thieves","floor":19,"turns":3},{"damage":26,"enemies":"Masked Bandits","floor":21,"turns":4},{"damage":22,"enemies":"Book of Stabbing","floor":23,"turns":5},{"damage":15,"enemies":"Slavers","floor":25,"turns":4},{"damage":13,"enemies":"Gremlin Leader","floor":27,"turns":4},{"damage":0,"enemies":"Centurion and Healer","floor":28,"turns":3},{"damage":19,"enemies":"Slavers","floor":30,"turns":2},{"damage":0,"enemies":"Collector","floor":33,"turns":6},{"damage":0,"enemies":"3 Shapes","floor":35,"turns":3},{"damage":0,"enemies":"Orb Walker","floor":36,"turns":2},{"damage":0,"enemies":"Jaw Worm Horde","floor":38,"turns":1},{"damage":35,"enemies":"Giant Head","floor":40,"turns":7},{"damage":0,"enemies":"Nemesis","floor":42,"turns":3},{"damage":0,"enemies":"Giant Head","floor":44,"turns":6},{"damage":0,"enemies":"Transient","floor":46,"turns":5},{"damage":47,"enemies":"Awakened One","floor":50,"turns":7},{"damage":26,"enemies":"Shield and Spear","floor":54,"turns":5},{"damage":61,"enemies":"The Heart","floor":55,"turns":5}],"seed_played":"-4284708014733857355","potions_obtained":[{"floor":6,"key":"AttackPotion"},{"floor":8,"key":"DuplicationPotion"},{"floor":11,"key":"SkillPotion"},{"floor":12,"key":"Energy Potion"},{"floor":16,"key":"ColorlessPotion"},{"floor":18,"key":"Explosive Potion"},{"floor":23,"key":"SmokeBomb"},{"floor":28,"key":"AttackPotion"},{"floor":30,"key":"EssenceOfDarkness"},{"floor":37,"key":"EntropicBrew"},{"floor":42,"key":"LiquidBronze"},{"floor":46,"key":"Dexterity Potion"}],"is_trial":false,"path_per_floor":["M","M","M","$","?","E","R","E","T","R","E","M","R","M","R","B",null,"M","M","?","?","?","E","R","E","T","E","M","R","E","$","R","B",null,"M","M","?","M","$","E","R","E","T","E","R","M","?","T","R","B",null,"R","$","E","B",null],"character_chosen":"DEFECT","items_purchased":["Apotheosis","FossilizedHelix","Bag of Marbles","Medical Kit","PowerPotion","Happy Flower"],"campfire_rested":6,"item_purchase_floors":[31,31,31,39,53,53],"current_hp_per_floor":[67,67,65,65,65,49,49,14,14,51,43,37,37,32,32,32,64,60,57,57,31,31,9,46,38,38,25,25,62,50,50,50,75,75,75,75,75,75,75,50,50,60,60,70,75,75,71,71,71,34,62,71,71,55,10],"gold":56,"neow_bonus":"REMOVE_TWO","is_daily":false,"chose_seed":false,"campfire_upgraded":4,"win_rate":0.0,"timestamp":1612297752,"path_taken":["M","M","M","?","?","E","R","E","T","R","E","M","R","M","R","BOSS","M","M","?","?","?","E","R","E","T","E","M","R","E","$","R","BOSS","M","M","?","M","?","E","R","E","T","E","R","M","?","?","R","BOSS","R","$","E","BOSS"],"items_purchased_type":["Card","Relic","Relic","Relic","Potion","Relic"],"build_version":"2020-12-13","purchased_purges":0,"victory":true,"max_hp_per_floor":[75,75,75,75,75,75,75,75,75,75,75,75,75,75,75,75,75,75,75,75,75,75,75,75,75,75,75,75,75,75,75,75,75,75,75,75,75,75,75,75,75,75,75,75,75,75,71,71,71,71,71,71,71,71,71],"relic_stats":{"Regal Pillow":45,"Happy Flower":[3],"counters":[28,108],"Whetstone":["Ball Lightning","Strike_B"],"Letter Opener":[190],"Medical Kit":[3],"Smiling Mask":0,"Mercury Hourglass":[202],"Centennial Puzzle":[9],"Bronze Scales":[323],"Pantograph":41,"Snecko Eye":[129,112,138,130],"Tiny Chest":1,"Kunai":[2],"obtain_stats":[{"Regal Pillow":6,"Happy Flower":53,"The Courier":30,"Whetstone":9,"Letter Opener":11,"Bottled Tornado":48,"Medical Kit":39,"Smiling Mask":42,"Mercury Hourglass":27,"Anchor":40,"Centennial Puzzle":43,"Matryoshka":23,"Bronze Scales":8,"Pantograph":26,"Snecko Eye":17,"Tiny Chest":25,"Fusion Hammer":34,"Red Mask":21,"Bag of Marbles":31,"Bottled Lightning":44,"Kunai":54,"Cracked Core":0,"Symbiotic Virus":26,"FossilizedHelix":31},{"Regal Pillow":4,"Happy Flower":26,"The Courier":17,"Whetstone":5,"Letter Opener":6,"Bottled Tornado":25,"Medical Kit":21,"Smiling Mask":23,"Mercury Hourglass":15,"Anchor":22,"Centennial Puzzle":23,"Matryoshka":13,"Bronze Scales":5,"Pantograph":14,"Snecko Eye":9,"Tiny Chest":14,"Fusion Hammer":18,"Red Mask":12,"Bag of Marbles":17,"Bottled Lightning":24,"Kunai":27,"Cracked Core":0,"Symbiotic Virus":14,"FossilizedHelix":17},{"Regal Pillow":10,"Happy Flower":98,"The Courier":58,"Whetstone":14,"Letter Opener":17,"Bottled Tornado":91,"Medical Kit":70,"Smiling Mask":80,"Mercury Hourglass":53,"Anchor":77,"Centennial Puzzle":80,"Matryoshka":45,"Bronze Scales":14,"Pantograph":49,"Snecko Eye":30,"Tiny Chest":49,"Fusion Hammer":64,"Red Mask":40,"Bag of Marbles":58,"Bottled Lightning":86,"Kunai":103,"Cracked Core":0,"Symbiotic Virus":49,"FossilizedHelix":58}]},"card_choices":[{"not_picked":["Cold Snap","Compile Driver"],"picked":"Ball Lightning","floor":1},{"not_picked":["Beam Cell","Coolheaded"],"picked":"Lockon","floor":2},{"not_picked":["Rebound","Undo"],"picked":"FTL","floor":3},{"not_picked":["Hologram","Beam Cell"],"picked":"Sweeping Beam","floor":6},{"not_picked":["Melter","Stack"],"picked":"Glacier","floor":8},{"not_picked":["All For One","Ball Lightning"],"picked":"Steam","floor":11},{"not_picked":["Double Energy","Compile Driver","Streamline"],"picked":"SKIP","floor":12},{"not_picked":["Coolheaded","Double Energy"],"picked":"Defragment","floor":14},{"not_picked":["All For One","Meteor Strike"],"picked":"Thunder Strike","floor":16},{"not_picked":["Redo","Leap","Streamline"],"picked":"SKIP","floor":18},{"not_picked":["Cold Snap+1","Sweeping Beam+1"],"picked":"Leap+1","floor":19},{"not_picked":["Melter","Stack"],"picked":"Electrodynamics","floor":21},{"not_picked":["Steam","Hologram+1"],"picked":"Self Repair","floor":23},{"not_picked":["Conserve Battery","Force Field","Hologram"],"picked":"SKIP","floor":25},{"not_picked":["Stack","Gash+1","Streamline+1"],"picked":"SKIP","floor":27},{"not_picked":["Scrape","Hologram+1"],"picked":"Coolheaded+1","floor":28},{"not_picked":["Conserve Battery","Beam Cell"],"picked":"Reinforced Body","floor":30},{"not_picked":["Buffer","Reboot"],"picked":"Meteor Strike","floor":33},{"not_picked":["Leap","Hello World","Rebound+1"],"picked":"SKIP","floor":35},{"not_picked":["Go for the Eyes","Stack"],"picked":"Darkness+1","floor":36},{"not_picked":["Reprogram","Go for the Eyes","Sweeping Beam"],"picked":"SKIP","floor":38},{"not_picked":["Sweeping Beam","Blizzard","Stack"],"picked":"SKIP","floor":40},{"not_picked":["Hologram","Gash"],"picked":"Reinforced Body","floor":42},{"not_picked":["Turbo+1","Sweeping Beam+1"],"picked":"Echo Form","floor":44},{"not_picked":["Fusion","Auto Shields+1"],"picked":"Tempest","floor":46},{"not_picked":["Hologram","Recycle","Rip and Tear+1"],"picked":"SKIP","floor":54}],"player_experience":465652,"relics_obtained":[{"floor":6,"key":"Regal Pillow"},{"floor":8,"key":"Bronze Scales"},{"floor":9,"key":"Whetstone"},{"floor":11,"key":"Letter Opener"},{"floor":21,"key":"Red Mask"},{"floor":23,"key":"Matryoshka"},{"floor":25,"key":"Tiny Chest"},{"floor":26,"key":"Symbiotic Virus"},{"floor":26,"key":"Pantograph"},{"floor":27,"key":"Mercury Hourglass"},{"floor":30,"key":"The Courier"},{"floor":40,"key":"Anchor"},{"floor":42,"key":"Smiling Mask"},{"floor":43,"key":"Centennial Puzzle"},{"floor":44,"key":"Bottled Lightning"},{"floor":48,"key":"Bottled Tornado"},{"floor":54,"key":"Kunai"}],"event_choices":[{"damage_healed":0,"gold_gain":0,"player_choice":"Leave","damage_taken":0,"max_hp_gain":0,"max_hp_loss":0,"event_name":"The Cleric","floor":5,"gold_loss":0},{"damage_healed":0,"gold_gain":0,"cards_transformed":["Steam","FTL"],"player_choice":"Became Test Subject","damage_taken":0,"max_hp_gain":0,"max_hp_loss":0,"event_name":"Drug Dealer","floor":20,"gold_loss":0,"cards_obtained":["Multi-Cast","Chill"]},{"damage_healed":0,"gold_gain":0,"player_choice":"Fought Bandits","damage_taken":0,"max_hp_gain":0,"max_hp_loss":0,"event_name":"Masked Bandits","floor":21,"gold_loss":0},{"damage_healed":0,"gold_gain":99,"player_choice":"Stole From Cult","damage_taken":0,"max_hp_gain":0,"max_hp_loss":0,"event_name":"Nest","floor":22,"gold_loss":0},{"damage_healed":0,"gold_gain":0,"player_choice":"Got Potions","damage_taken":0,"max_hp_gain":0,"max_hp_loss":0,"event_name":"Lab","floor":37,"gold_loss":0},{"damage_healed":0,"gold_gain":0,"player_choice":"Max HP","damage_taken":0,"max_hp_gain":0,"max_hp_loss":4,"event_name":"Winding Halls","floor":47,"gold_loss":0}],"is_beta":false,"boss_relics":[{"not_picked":["Busted Crown","Coffee Dripper"],"picked":"Snecko Eye"},{"not_picked":["FrozenCore","Tiny House"],"picked":"Fusion Hammer"}],"items_purged_floors":[],"is_endless":false,"potions_floor_spawned":[6,8,11,12,16,18,23,28,30,33,35,40,42,46],"ascension_level":13}}