{"host":"bxd97rc2ofc6op20","time":1612247770,"event":{"mods":["BaseMod","Colored Map","Colored Powertips","Googly Eyes","Highlight Path","Minty Spire (QoL Compilation)","Quick Restart","Rare Cards Sparkle"],"gold_per_floor":[109,126,146,164,180,180,205,237,249,288,317,346,397,409,421,543,555,583,639,670,703,740,752,793,821,833,868,880,934,973,994,1006,1131,1143,1175,1409,1441,1464,1502,1514,1566,1578,1590,1656,512,541,541,569,569,569,569,569,117,154,154],"floor_reached":56,"language":"ENG","playtime":5878,"items_purged":["Defend_P+1","Judgement"],"score":1541,"play_id":"fa072962-e3dc-4bcc-b0cb-edb6f8a5f9f6","local_time":"20210201223610","is_ascension_mode":true,"campfire_choices":[{"data":"Eruption","floor":6.0,"key":"SMITH"},{"floor":15.0,"key":"REST"},{"data":"Vengeance","floor":23.0,"key":"SMITH"},{"data":"MentalFortress","floor":28.0,"key":"SMITH"},{"floor":32.0,"key":"REST"},{"data":"Vigilance","floor":40.0,"key":"SMITH"},{"floor":47,"key":"REST"},{"floor":49,"key":"RECALL"},{"data":"SpiritShield","floor":52,"key":"SMITH"}],"circlet_count":0,"master_deck":["Strike_P","Strike_P","Strike_P","Strike_P","Eruption+1","Vigilance+1","PathToVictory","PathToVictory","CutThroughFate","Adaptation","PathToVictory","Vengeance+1","DeusExMachina","Evaluate","TalkToTheHand+1","DevaForm","Vault","ClearTheMind+1","MentalFortress+1","DeceiveReality","EmptyBody","Protect+1","ReachHeaven","Blasphemy","WindmillStrike","Fasting2","SpiritShield+1","Swivel+1","Wireheading+1","DevaForm","Secret Technique","WheelKick","MentalFortress","PathToVictory+1","Wallop","WaveOfTheHand+1"],"relics":["PureWater","MawBank","Centennial Puzzle","Lizard Tail","CeramicFish","Empty Cage","Red Mask","TeardropLocket","Darkstone Periapt","Snecko Eye","Kunai","Mango","StrikeDummy","ClockworkSouvenir","Shuriken","Letter Opener","Happy Flower","Orichalcum"],"acts_visited":["Exordium","TheCity","TheBeyond","TheEnding"],"potions_floor_usage":[41,41,44,48,50,54,55,55,55],"damage_taken":[{"damage":4.0,"enemies":"2 Louse","floor":1.0,"turns":2.0},{"damage":0.0,"enemies":"Jaw Worm","floor":2.0,"turns":1.0},{"damage":0.0,"enemies":"Small Slimes","floor":3.0,"turns":2.0},{"damage":3.0,"enemies":"3 Louse","floor":4.0,"turns":2.0},{"damage":13.0,"enemies":"Large Slime","floor":5.0,"turns":4.0},{"damage":0.0,"enemies":"3 Sentries","floor":7.0,"turns":4.0},{"damage":0.0,"enemies":"Looter","floor":8.0,"turns":2.0},{"damage":0.0,"enemies":"Gremlin Nob","floor":10.0,"turns":2.0},{"damage":13.0,"enemies":"Exordium Wildlife","floor":11.0,"turns":2.0},{"damage":8.0,"enemies":"Blue Slaver","floor":12.0,"turns":2.0},{"damage":0.0,"enemies":"Lagavulin","floor":13.0,"turns":4.0},{"damage":6.0,"enemies":"Hexaghost","floor":16.0,"turns":8.0},{"damage":0.0,"enemies":"Chosen","floor":18.0,"turns":4.0},{"damage":6.0,"enemies":"Masked Bandits","floor":19.0,"turns":4.0},{"damage":4.0,"enemies":"3 Byrds","floor":20.0,"turns":3.0},{"damage":3.0,"enemies":"Centurion and Healer","floor":21.0,"turns":5.0},{"damage":21.0,"enemies":"Shelled Parasite and Fungi","floor":22.0,"turns":4.0},{"damage":26.0,"enemies":"3 Cultists","floor":24.0,"turns":5.0},{"damage":15.0,"enemies":"Snake Plant","floor":25.0,"turns":4.0},{"damage":0.0,"enemies":"Snecko","floor":27.0,"turns":4.0},{"damage":5.0,"enemies":"Gremlin Leader","floor":29.0,"turns":7.0},{"damage":10.0,"enemies":"Centurion and Healer","floor":30.0,"turns":3.0},{"damage":22.0,"enemies":"Champ","floor":33.0,"turns":10.0},{"damage":0.0,"enemies":"3 Shapes","floor":35.0,"turns":7.0},{"damage":5.0,"enemies":"Orb Walker","floor":37.0,"turns":3.0},{"damage":0.0,"enemies":"Transient","floor":38.0,"turns":6.0},{"damage":2.0,"enemies":"4 Shapes","floor":39.0,"turns":6.0},{"damage":14,"enemies":"Reptomancer","floor":41,"turns":6},{"damage":45,"enemies":"2 Orb Walkers","floor":44,"turns":7},{"damage":0,"enemies":"Giant Head","floor":46,"turns":8},{"damage":0,"enemies":"Spire Growth","floor":48,"turns":5},{"damage":19,"enemies":"Awakened One","floor":50,"turns":8},{"damage":21,"enemies":"Shield and Spear","floor":54,"turns":5},{"damage":27,"enemies":"The Heart","floor":55,"turns":12}],"seed_played":"-1377096317974323844","potions_obtained":[{"floor":4.0,"key":"Ambrosia"},{"floor":5.0,"key":"SteroidPotion"},{"floor":8.0,"key":"LiquidMemories"},{"floor":12.0,"key":"Weak Potion"},{"floor":13.0,"key":"SpeedPotion"},{"floor":16.0,"key":"DistilledChaos"},{"floor":19.0,"key":"SkillPotion"},{"floor":20.0,"key":"Explosive Potion"},{"floor":22.0,"key":"Energy Potion"},{"floor":27.0,"key":"Fire Potion"},{"floor":29.0,"key":"FearPotion"},{"floor":37.0,"key":"Block Potion"},{"floor":39.0,"key":"Explosive Potion"},{"floor":41,"key":"FearPotion"},{"floor":48,"key":"PowerPotion"},{"floor":54,"key":"ColorlessPotion"}],"is_trial":false,"path_per_floor":["M","M","M","M","M","R","E","M","T","E","M","M","E","?","R","B",null,"M","?","M","M","M","R","M","M","T","M","R","E","M","?","R","B",null,"M","?","M","M","M","R","E","?","T","?","$","E","R","M","R","B",null,"R","$","E","B",null],"character_chosen":"WATCHER","items_purchased":["StrikeDummy","ClockworkSouvenir","Shuriken","Secret Technique","Explosive Potion","Swift Potion","Fire Potion","WheelKick","MentalFortress","Happy Flower","Wallop","DuplicationPotion","Ancient Potion"],"campfire_rested":3,"item_purchase_floors":[45,45,45,45,45,45,45,45,45,53,53,53,53],"current_hp_per_floor":[68,68,68,65,52,52,52,52,52,52,39,31,31,17,38,32,72,72,66,62,59,38,38,12,35,35,35,35,30,20,20,41,19,72,72,72,67,67,65,65,51,51,51,20,20,20,44,44,44,25,82,82,82,61,34],"gold":154,"neow_bonus":"TRANSFORM_CARD","is_daily":false,"chose_seed":false,"campfire_upgraded":5,"win_rate":0.0,"timestamp":1612247770,"path_taken":["M","M","M","M","M","R","E","M","T","E","M","M","E","?","R","BOSS","M","?","M","M","M","R","M","M","T","M","R","E","M","?","R","BOSS","M","?","M","M","M","R","E","?","T","?","$","E","R","M","R","BOSS","R","$","E","BOSS"],"items_purchased_type":["Relic","Relic","Relic","Card","Potion","Potion","Potion","Card","Card","Relic","Card","Potion","Potion"],"build_version":"2020-12-22","purchased_purges":2,"victory":true,"max_hp_per_floor":[72,72,72,72,72,72,72,72,72,72,72,72,72,72,72,72,72,72,72,72,72,72,72,72,72,72,72,72,72,72,72,72,72,72,72,72,72,72,72,72,72,68,68,82,82,82,82,82,82,82,82,82,82,82,82],"card_choices":[{"not_picked":["ClearTheMind","Halt"],"picked":"PathToVictory","floor":1.0},{"not_picked":["ClearTheMind","WreathOfFlame"],"picked":"PathToVictory","floor":2.0},{"not_picked":["Worship","SignatureMove"],"picked":"CutThroughFate","floor":3.0},{"not_picked":["Sanctity","SashWhip"],"picked":"Adaptation","floor":4.0},{"not_picked":["Indignation","Collect"],"picked":"PathToVictory","floor":7.0},{"not_picked":["Sanctity","CutThroughFate"],"picked":"Vengeance","floor":8.0},{"not_picked":["Wireheading","DeceiveReality"],"picked":"DeusExMachina","floor":10.0},{"not_picked":["Conclude","ClearTheMind"],"picked":"Evaluate","floor":11.0},{"not_picked":["EmptyBody","Crescendo"],"picked":"TalkToTheHand","floor":12.0},{"not_picked":["Swivel","BowlingBash"],"picked":"DevaForm","floor":13.0},{"not_picked":["DeusExMachina","Blasphemy"],"picked":"Vault","floor":16.0},{"not_picked":["Protect","FollowUp"],"picked":"ClearTheMind+1","floor":19.0},{"not_picked":["EmptyBody","Protect"],"picked":"MentalFortress","floor":20.0},{"not_picked":["CrushJoints","BowlingBash"],"picked":"DeceiveReality","floor":21.0},{"not_picked":["Wallop","ReachHeaven+1"],"picked":"EmptyBody","floor":22.0},{"not_picked":["CutThroughFate","FollowUp"],"picked":"Protect+1","floor":24.0},{"not_picked":["CrushJoints","BattleHymn+1","Tantrum"],"picked":"SKIP","floor":25.0},{"not_picked":["FollowUp","CrushJoints"],"picked":"ReachHeaven","floor":27.0},{"not_picked":["Vengeance","Collect"],"picked":"Blasphemy","floor":29.0},{"not_picked":["Crescendo","JustLucky+1"],"picked":"WindmillStrike","floor":30.0},{"not_picked":["Wish","Devotion"],"picked":"SpiritShield","floor":33.0},{"not_picked":["Perseverance","Meditate"],"picked":"Swivel+1","floor":35.0},{"not_picked":["JustLucky","Indignation","EmptyFist+1"],"picked":"SKIP","floor":37.0},{"not_picked":["CutThroughFate","Perseverance+1","Pray"],"picked":"SKIP","floor":38.0},{"not_picked":["JustLucky+1","CutThroughFate"],"picked":"Wireheading+1","floor":39.0},{"not_picked":["Evaluate+1","ForeignInfluence"],"picked":"DevaForm","floor":41},{"not_picked":["EmptyBody+1","JustLucky+1","Tantrum"],"picked":"SKIP","floor":46},{"not_picked":["Swivel+1","SandsOfTime"],"picked":"PathToVictory+1","floor":48},{"not_picked":["Study+1","Crescendo"],"picked":"WaveOfTheHand+1","floor":54}],"player_experience":446536,"relics_obtained":[{"floor":7.0,"key":"MawBank"},{"floor":9.0,"key":"Centennial Puzzle"},{"floor":10.0,"key":"Lizard Tail"},{"floor":13.0,"key":"CeramicFish"},{"floor":19.0,"key":"Red Mask"},{"floor":26.0,"key":"TeardropLocket"},{"floor":29.0,"key":"Darkstone Periapt"},{"floor":41,"key":"Kunai"},{"floor":44,"key":"Mango"},{"floor":46,"key":"Letter Opener"},{"floor":54,"key":"Orichalcum"}],"event_choices":[{"damage_healed":0.0,"max_hp_gain":0.0,"max_hp_loss":0.0,"gold_gain":0.0,"event_name":"Shining Light","player_choice":"Entered Light","floor":14.0,"gold_loss":0.0,"damage_taken":14.0,"cards_upgraded":["TalkToTheHand","Defend_P"]},{"damage_healed":0.0,"max_hp_gain":0.0,"max_hp_loss":0.0,"gold_gain":0.0,"event_name":"Masked Bandits","player_choice":"Fought Bandits","floor":19.0,"gold_loss":0.0,"damage_taken":0.0},{"damage_healed":0.0,"max_hp_gain":0.0,"max_hp_loss":0.0,"gold_gain":0.0,"event_name":"The Library","player_choice":"Read","floor":31.0,"gold_loss":0.0,"damage_taken":0.0,"cards_obtained":["Fasting2"]},{"damage_healed":0.0,"max_hp_gain":0.0,"max_hp_loss":0.0,"gold_gain":222.0,"event_name":"Tomb of Lord Red Mask","player_choice":"Wore Mask","floor":36.0,"gold_loss":0.0,"damage_taken":0.0},{"damage_healed":0,"gold_gain":0,"player_choice":"Max HP","damage_taken":0,"max_hp_gain":0,"max_hp_loss":4,"event_name":"Winding Halls","floor":42,"gold_loss":0},{"damage_healed":0,"gold_gain":0,"player_choice":"Fight","damage_taken":0,"max_hp_gain":0,"max_hp_loss":0,"event_name":"Mysterious Sphere","floor":44,"gold_loss":0}],"is_beta":false,"boss_relics":[{"not_picked":["Calling Bell","Pandora\u0027s Box"],"picked":"Empty Cage"},{"not_picked":["VioletLotus","Runic Pyramid"],"picked":"Snecko Eye"}],"items_purged_floors":[45,53],"is_endless":false,"potions_floor_spawned":[4,5,8,12,13,16,19,20,22,27,29,37,39,41,48,54],"ascension_level":3}}