{"host":"b96hyfeqj1peltkw","time":1612255582,"event":{"mods":["AchievementEnabler","Act Like it!","BaseMod","Block Reminder","Gensokyo","Minty Spire (QoL Compilation)","Practice Mode","StSLib"],"gold_per_floor":[113,113,123,123,133,133,133,133,133,133,143,143,143,163,163,240,240,252,252,252,178,193,193,193],"floor_reached":23,"language":"ENG","playtime":717,"items_purged":[],"score":295,"play_id":"66651cef-d755-4ed3-a19c-d3b1b1c055bc","local_time":"20210202164622","is_ascension_mode":true,"campfire_choices":[{"data":"Eruption","floor":6.0,"key":"SMITH"},{"data":"Blasphemy","floor":8.0,"key":"SMITH"},{"data":"Vigilance","floor":10.0,"key":"SMITH"},{"data":"Tantrum","floor":12.0,"key":"SMITH"},{"data":"Wallop","floor":15.0,"key":"SMITH"}],"circlet_count":0,"master_deck":["AscendersBane","Strike_P","Strike_P","Strike_P","Defend_P","Defend_P","Defend_P","Eruption+1","Vigilance+1","Blasphemy+1","EmptyMind+1","Prostrate","EmptyFist","Tantrum+1","Wallop+1","LessonLearned+1","Seek","Gensokyo:TarnishedGold","Gensokyo:DepletedGenerator"],"relics":["HolyWater","Thread and Needle"],"acts_visited":["Gensokyo:Gensokyo","Gensokyo:Gensokyoer"],"potions_floor_usage":[],"damage_taken":[{"damage":4.0,"enemies":"Gensokyo:2_Kodama","floor":1.0,"turns":3.0},{"damage":2.0,"enemies":"Gensokyo:3_Fairies","floor":3.0,"turns":4.0},{"damage":0.0,"enemies":"Gensokyo:Gryphon","floor":5.0,"turns":4.0},{"damage":9.0,"enemies":"Gensokyo:3_Kodama","floor":11.0,"turns":5.0},{"damage":0.0,"enemies":"Gensokyo:LivingMonolith","floor":14.0,"turns":2.0},{"damage":3.0,"enemies":"Gensokyo:Kokoro","floor":16.0,"turns":10.0},{"damage":34.0,"enemies":"Gensokyo:3_Dogs","floor":18.0,"turns":4.0},{"damage":0.0,"enemies":"Gensokyo:CosmicMonolith","floor":22.0,"turns":2.0},{"damage":34,"enemies":"Gensokyo:Reisen","floor":23,"turns":6}],"seed_played":"-1291638843372533975","potions_obtained":[{"floor":5.0,"key":"SteroidPotion"},{"floor":11.0,"key":"BottledMiracle"}],"is_trial":false,"path_per_floor":["M","?","M","?","M","R","?","R","T","R","M","R","?","M","R","B",null,"M","?","?","COS","M","E"],"character_chosen":"WATCHER","items_purchased":[],"campfire_rested":0,"item_purchase_floors":[],"current_hp_per_floor":[61,61,59,59,59,59,59,59,59,59,50,50,50,50,50,47,66,32,32,32,32,32,0,0],"gold":193,"neow_bonus":"ONE_RANDOM_RARE_CARD","is_daily":false,"chose_seed":false,"campfire_upgraded":5,"win_rate":0.0,"timestamp":1612255582,"path_taken":["M","?","M","?","M","R","?","R","T","R","M","R","?","M","R","BOSS","M","?","?","COS","M","E"],"items_purchased_type":[],"build_version":"2020-12-22","purchased_purges":0,"victory":false,"max_hp_per_floor":[72,72,72,72,72,72,72,72,72,72,72,72,72,72,72,72,72,72,72,72,72,72,72,72],"card_choices":[{"not_picked":["Consecrate","ThirdEye"],"picked":"EmptyMind","floor":1.0},{"not_picked":["BowlingBash","EmptyBody"],"picked":"Prostrate","floor":3.0},{"not_picked":["JustLucky","Prostrate"],"picked":"EmptyFist","floor":5.0},{"not_picked":["Evaluate","FlurryOfBlows"],"picked":"Tantrum","floor":11.0},{"not_picked":["EmptyFist","JustLucky"],"picked":"Wallop","floor":14.0},{"not_picked":["SpiritShield","Establishment"],"picked":"LessonLearned","floor":16.0},{"not_picked":["FlurryOfBlows","JustLucky","SashWhip+1"],"picked":"SKIP","floor":18.0},{"not_picked":["JustLucky","Crescendo","FollowUp"],"picked":"SKIP","floor":22.0}],"player_experience":1372850,"relics_obtained":[{"floor":9.0,"key":"Thread and Needle"}],"event_choices":[],"is_beta":false,"boss_relics":[{"not_picked":["Busted Crown","Coffee Dripper"],"picked":"HolyWater"}],"items_purged_floors":[],"is_endless":false,"potions_floor_spawned":[5,11],"killed_by":"Gensokyo:Reisen","ascension_level":13}}