{"host":"eswokialmqjd9jwx","time":1612268931,"event":{"mods":["AchievementEnabler","BaseMod","Colored Map","DeckTracker","KOR Keyword Fix","Minty Spire (QoL Compilation)","StSLib","SuperFastMode"],"gold_per_floor":[116,116,126,276,276,276,303,316,366,366,393,281,105,105,105,177,177,196,213,213,227,227,227,227,227],"floor_reached":24,"language":"KOR","playtime":575,"items_purged":["Doubt","Strike_R"],"score":454,"play_id":"2ae8a3d3-a40e-4d64-a4ac-760b3f59b769","local_time":"20210202212851","is_ascension_mode":true,"campfire_choices":[{"data":"Second Wind","floor":6.0,"key":"SMITH"},{"data":"Body Slam","floor":10.0,"key":"SMITH"},{"data":"Dark Embrace","floor":15.0,"key":"SMITH"},{"floor":23,"key":"REST"}],"circlet_count":0,"master_deck":["AscendersBane","Strike_R","Strike_R","Defend_R","Defend_R+1","Defend_R+1","Defend_R","Bash","Wild Strike+1","Second Wind+1","Body Slam+1","Reckless Charge","Evolve","Dark Embrace+1","Juggernaut","Ghostly","Ghostly","Ghostly","Seeing Red","Immolate","Juggernaut"],"relics":["Burning Blood","NeowsBlessing","Anchor","War Paint","Juzu Bracelet","Sozu"],"acts_visited":["Exordium","TheCity"],"potions_floor_usage":[],"damage_taken":[{"damage":0.0,"enemies":"Small Slimes","floor":1.0,"turns":1.0},{"damage":0.0,"enemies":"Cultist","floor":3.0,"turns":1.0},{"damage":0.0,"enemies":"Gremlin Nob","floor":7.0,"turns":1.0},{"damage":2.0,"enemies":"Jaw Worm","floor":8.0,"turns":2.0},{"damage":15.0,"enemies":"3 Sentries","floor":11.0,"turns":10.0},{"damage":38.0,"enemies":"Slime Boss","floor":16.0,"turns":6.0},{"damage":0.0,"enemies":"Chosen","floor":18.0,"turns":4.0},{"damage":57.0,"enemies":"3 Byrds","floor":19.0,"turns":6.0},{"damage":18,"enemies":"Centurion and Healer","floor":21,"turns":8},{"damage":24,"enemies":"Book of Stabbing","floor":24,"turns":5}],"seed_played":"1307561497397954423","potions_obtained":[{"floor":3.0,"key":"Block Potion"},{"floor":8.0,"key":"BlessingOfTheForge"},{"floor":14.0,"key":"Swift Potion"}],"is_trial":false,"path_per_floor":["M","?","M","?","?","R","E","M","T","R","E","$","$","?","R","B",null,"M","M","?","M","?","R","E"],"character_chosen":"IRONCLAD","items_purchased":["Evolve","Dark Embrace"],"campfire_rested":1,"item_purchase_floors":[12,13],"current_hp_per_floor":[74,74,75,75,71,71,75,75,75,75,66,66,66,66,66,34,65,71,20,20,8,8,19,0,0],"gold":227,"neow_bonus":"THREE_ENEMY_KILL","is_daily":false,"chose_seed":false,"campfire_upgraded":3,"win_rate":0.0,"timestamp":1612268931,"path_taken":["M","?","?","?","?","R","E","?","T","R","E","?","$","?","R","BOSS","M","M","?","M","?","R","E"],"items_purchased_type":["Card","Card"],"build_version":"2020-12-22","purchased_purges":2,"victory":false,"max_hp_per_floor":[75,75,75,75,75,75,75,75,75,75,75,75,75,75,75,75,75,75,75,37,37,37,37,37,37],"card_choices":[{"not_picked":["Warcry","Body Slam"],"picked":"Wild Strike","floor":1.0},{"not_picked":["Warcry","Heavy Blade"],"picked":"Second Wind","floor":3.0},{"not_picked":["Pummel","Reckless Charge"],"picked":"Body Slam","floor":7.0},{"not_picked":["Havoc","Sword Boomerang","Iron Wave"],"picked":"SKIP","floor":8.0},{"not_picked":["Shockwave","Clash"],"picked":"Reckless Charge","floor":11.0},{"not_picked":["Berserk","Exhume"],"picked":"Juggernaut","floor":16.0},{"not_picked":["Dropkick","Clothesline","Anger+1"],"picked":"SKIP","floor":18.0},{"not_picked":["Hemokinesis","Headbutt","Spot Weakness"],"picked":"SKIP","floor":19.0},{"not_picked":["Havoc+1","Burning Pact"],"picked":"Seeing Red","floor":21}],"player_experience":1179987,"relics_obtained":[{"floor":7.0,"key":"Anchor"},{"floor":9.0,"key":"War Paint"},{"floor":11.0,"key":"Juzu Bracelet"}],"event_choices":[{"damage_healed":0.0,"max_hp_gain":0.0,"max_hp_loss":0.0,"gold_gain":0.0,"event_name":"Upgrade Shrine","player_choice":"Upgraded","floor":2.0,"gold_loss":0.0,"damage_taken":0.0,"cards_upgraded":["Wild Strike"]},{"damage_healed":0.0,"max_hp_gain":0.0,"max_hp_loss":0.0,"gold_gain":150.0,"event_name":"Liars Game","player_choice":"AGREE","floor":4.0,"gold_loss":0.0,"damage_taken":0.0,"cards_obtained":["Doubt"]},{"damage_healed":0.0,"max_hp_gain":0.0,"max_hp_loss":0.0,"gold_gain":0.0,"event_name":"The Woman in Blue","player_choice":"Bought 0 Potions","floor":5.0,"gold_loss":0.0,"damage_taken":0.0},{"damage_healed":0.0,"max_hp_gain":0.0,"max_hp_loss":0.0,"gold_gain":0.0,"event_name":"Lab","player_choice":"Got Potions","floor":14.0,"gold_loss":0.0,"damage_taken":0.0},{"damage_healed":0.0,"max_hp_gain":0.0,"max_hp_loss":38.0,"gold_gain":0.0,"event_name":"Ghosts","player_choice":"Became a Ghost","floor":20.0,"gold_loss":0.0,"damage_taken":0.0,"cards_obtained":["Ghostly","Ghostly","Ghostly"]},{"damage_healed":0,"gold_gain":0,"cards_transformed":["Strike_R","Strike_R"],"player_choice":"Became Test Subject","damage_taken":0,"max_hp_gain":0,"max_hp_loss":0,"event_name":"Drug Dealer","floor":22,"gold_loss":0,"cards_obtained":["Immolate","Juggernaut"]}],"is_beta":false,"boss_relics":[{"not_picked":["SacredBark","Snecko Eye"],"picked":"Sozu"}],"items_purged_floors":[12,13],"is_endless":false,"potions_floor_spawned":[3,8,18,19],"killed_by":"Book of Stabbing","ascension_level":20}}