{"host":"rqs2099buorjjoja","time":1612230690,"event":{"mods":["AchievementEnabler","Aspiration","BaseMod","Beaked The Cultist","Colored Powertips","Downfall","Hermit","Hubris","Infinite Spire","Jorbs\u0027s Wanderer Trilogy","Minty Spire (QoL Compilation)","Quick Restart","Rare Cards Sparkle","Replay The Spire","StSLib","The Bug Knight","The Construct","The Necromancer","The Servant 0.9.4"],"gold_per_floor":[115,115,128,139,151,151,162,179,179,179,179,204,204,169,169,169,169],"floor_reached":16,"language":"ENG","playtime":1158,"items_purged":[],"score":102,"play_id":"b21e8f75-a23e-4dea-95e5-4ed04b0966fa","local_time":"20210201205130","is_ascension_mode":false,"campfire_choices":[{"data":"HollowMod:SoulEater","floor":6,"key":"SMITH"},{"data":"HollowMod:ChannelNail","floor":11,"key":"SMITH"},{"floor":13,"key":"REST"},{"floor":15,"key":"REST"}],"circlet_count":0,"master_deck":["HollowMod:NailStrikeStart","HollowMod:NailStrikeStart","HollowMod:NailStrikeStart","HollowMod:NailStrikeStart","HollowMod:QuickDashStart","HollowMod:QuickDashStart","HollowMod:QuickDashStart","HollowMod:QuickDashStart","HollowMod:FocusHealStart","HollowMod:PogoStrike","HollowMod:SoulEater+1","HollowMod:TaintedHusks","HollowMod:CycloneSlash","HollowMod:Grubsong","HollowMod:CycloneSlash","HollowMod:ChannelNail+1","beaked:VigorBurst"],"relics":["HollowMod:VesselMask","NeowsBlessing","Happy Flower","aspiration:HummingbirdHeart","PrismaticShard","infinitespire:BottledMercury"],"acts_visited":["Exordium"],"potions_floor_usage":[7,12,16],"damage_taken":[{"damage":0,"enemies":"2 Louse","floor":1,"turns":1},{"damage":0,"enemies":"Small Slimes","floor":3,"turns":1},{"damage":0,"enemies":"Jaw Worm","floor":4,"turns":1},{"damage":1,"enemies":"Large Slime","floor":5,"turns":5},{"damage":5,"enemies":"Exordium Thugs","floor":7,"turns":3},{"damage":2,"enemies":"3 Louse","floor":8,"turns":4},{"damage":72,"enemies":"Gremlin Nob","floor":12,"turns":6},{"damage":94,"enemies":"Hexaghost","floor":16,"turns":16}],"seed_played":"4046212892529609425","potions_obtained":[{"floor":3,"key":"ColorlessPotion"},{"floor":7,"key":"ColorlessPotion"},{"floor":12,"key":"DuplicationPotion"}],"is_trial":false,"path_per_floor":["M","?","M","M","M","R","M","M","T","?","R","E","R","?","R","B"],"character_chosen":"THE_BUGKNIGHT","items_purchased":[],"campfire_rested":2,"item_purchase_floors":[],"current_hp_per_floor":[75,75,75,75,75,75,75,75,75,75,75,18,42,62,80,0,0],"gold":169,"neow_bonus":"THREE_ENEMY_KILL","is_daily":false,"chose_seed":false,"campfire_upgraded":2,"win_rate":0.0,"timestamp":1612230690,"path_taken":["M","?","M","M","M","R","M","M","T","?","R","E","R","?","R","BOSS"],"items_purchased_type":[],"build_version":"2020-12-22","purchased_purges":0,"victory":false,"max_hp_per_floor":[75,75,75,75,75,75,75,75,75,75,75,80,80,80,80,80,80],"card_choices":[{"not_picked":["HollowMod:MonarchWings","HollowMod:TaintedHusks"],"picked":"HollowMod:SoulEater","floor":1},{"not_picked":["HollowMod:CloakDash","HollowMod:SoulStrike"],"picked":"HollowMod:TaintedHusks","floor":3},{"not_picked":["HollowMod:SharpenedNail","HollowMod:HeavyBlow"],"picked":"HollowMod:CycloneSlash","floor":4},{"not_picked":["HollowMod:WraithStrike","HollowMod:InfectedCysts"],"picked":"HollowMod:Grubsong","floor":5},{"not_picked":["HollowMod:InfectedCysts","HollowMod:GreatSlash"],"picked":"HollowMod:CycloneSlash","floor":7},{"not_picked":["HollowMod:SharpenedNail","HollowMod:MothsMistake"],"picked":"HollowMod:ChannelNail","floor":8},{"not_picked":["Draining Mist","hexamod:SwordOfDarkness"],"picked":"beaked:VigorBurst","floor":12}],"player_experience":186391,"relics_obtained":[{"floor":2,"key":"Happy Flower"},{"floor":9,"key":"aspiration:HummingbirdHeart"},{"floor":12,"key":"infinitespire:BottledMercury"}],"event_choices":[{"damage_healed":20,"gold_gain":0,"player_choice":"Healed","damage_taken":0,"max_hp_gain":0,"max_hp_loss":0,"event_name":"The Cleric","floor":14,"gold_loss":35}],"is_beta":false,"boss_relics":[],"items_purged_floors":[],"is_endless":false,"potions_floor_spawned":[3,7,12],"killed_by":"Hexaghost","ascension_level":0}}