{"host":"2e3z4r48quhw80cc","time":1612283192,"event":{"mods":["BaseMod","Minty Spire (QoL Compilation)","Quick Restart","StSLib","SuperFastMode"],"gold_per_floor":[110,110,110,123,143,172,172,198,221,253,264,264,282,282,282,378,378,398,398,416,341,341,353,365,365,365,384,416,172,190,46,46,150,150,170,180,35,45,100,100,100,135,135,135,135,60,60,85,85,85],"floor_reached":51,"language":"KOR","playtime":2165,"items_purged":[],"score":982,"play_id":"699d2764-2fcb-4cb8-adb8-4793b3121f34","local_time":"20210203012632","is_ascension_mode":true,"campfire_choices":[{"data":"Rampage","floor":7.0,"key":"SMITH"},{"floor":12.0,"key":"REST"},{"data":"Pommel Strike","floor":15.0,"key":"SMITH"},{"data":"Enlightenment","floor":32.0,"key":"SMITH"},{"data":"Shrug It Off","floor":40.0,"key":"SMITH"},{"floor":45.0,"key":"REST"},{"data":"Disarm","floor":47.0,"key":"SMITH"},{"data":"Demon Form","floor":49.0,"key":"SMITH"}],"circlet_count":0,"master_deck":["Strike_R+1","Defend_R+1","Defend_R+1","Defend_R+1","Bash+1","Rampage+1","Shockwave","Pommel Strike+1","Twin Strike","Impervious","Dropkick","Bloodletting","Berserk","Disarm+1","Enlightenment+1","Demon Form+1","Shrug It Off+1","Metallicize+1","Battle Trance"],"relics":["Burning Blood","Centennial Puzzle","War Paint","Dream Catcher","Art of War","Whetstone","Sozu","Nilry\u0027s Codex","Question Card","Matryoshka","Regal Pillow","Happy Flower","OrangePellets","Runic Cube","Blood Vial","Lizard Tail","Omamori","Boot","Vajra","Bronze Scales","Sundial","FossilizedHelix"],"acts_visited":["Exordium","TheCity","TheBeyond"],"potions_floor_usage":[50,50],"damage_taken":[{"damage":6.0,"enemies":"2 Louse","floor":1.0,"turns":4.0},{"damage":0.0,"enemies":"Small Slimes","floor":4.0,"turns":5.0},{"damage":0.0,"enemies":"Cultist","floor":5.0,"turns":3.0},{"damage":32.0,"enemies":"Gremlin Nob","floor":6.0,"turns":4.0},{"damage":8.0,"enemies":"Lagavulin","floor":8.0,"turns":6.0},{"damage":32.0,"enemies":"Gremlin Nob","floor":10.0,"turns":4.0},{"damage":5.0,"enemies":"Blue Slaver","floor":11.0,"turns":3.0},{"damage":4.0,"enemies":"Exordium Wildlife","floor":13.0,"turns":4.0},{"damage":31.0,"enemies":"The Guardian","floor":16.0,"turns":9.0},{"damage":10.0,"enemies":"3 Byrds","floor":18.0,"turns":5.0},{"damage":6.0,"enemies":"Spheric Guardian","floor":20.0,"turns":3.0},{"damage":5.0,"enemies":"Snake Plant","floor":23.0,"turns":2.0},{"damage":3.0,"enemies":"3 Cultists","floor":24.0,"turns":4.0},{"damage":5.0,"enemies":"Sentry and Sphere","floor":27.0,"turns":5.0},{"damage":9.0,"enemies":"Gremlin Leader","floor":28.0,"turns":7.0},{"damage":2.0,"enemies":"Snecko","floor":30.0,"turns":4.0},{"damage":29.0,"enemies":"Collector","floor":33.0,"turns":8.0},{"damage":9.0,"enemies":"3 Shapes","floor":35.0,"turns":4.0},{"damage":4.0,"enemies":"Orb Walker","floor":36.0,"turns":3.0},{"damage":16.0,"enemies":"Writhing Mass","floor":38.0,"turns":4.0},{"damage":40.0,"enemies":"2 Orb Walkers","floor":39.0,"turns":7.0},{"damage":40.0,"enemies":"Reptomancer","floor":42.0,"turns":6.0},{"damage":7.0,"enemies":"Giant Head","floor":48.0,"turns":7.0},{"damage":40,"enemies":"Awakened One","floor":50,"turns":9}],"seed_played":"-7859485737823588463","potions_obtained":[{"floor":1.0,"key":"Dexterity Potion"},{"floor":4.0,"key":"Fire Potion"},{"floor":5.0,"key":"BloodPotion"},{"floor":11.0,"key":"BloodPotion"},{"floor":13.0,"key":"ColorlessPotion"}],"is_trial":false,"path_per_floor":["M","?","?","M","M","E","R","E","T","E","M","R","M","?","R","B",null,"M","?","M","?","?","M","M","T","T","M","E","$","M","$","R","B",null,"M","M","$","M","?","R","T","E","T","?","R","$","R","E","R","B",null],"character_chosen":"IRONCLAD","items_purchased":["Enlightenment","Happy Flower","OrangePellets","Blood Vial","Battle Trance"],"campfire_rested":2,"item_purchase_floors":[29,29,31,37,46],"current_hp_per_floor":[80,64,64,70,76,50,50,48,48,38,39,63,80,73,73,48,80,76,76,76,76,60,61,64,64,64,65,62,62,66,66,66,43,80,77,79,79,70,38,38,38,46,46,46,76,76,76,75,75,42],"gold":85,"neow_bonus":"RANDOM_COMMON_RELIC","is_daily":false,"chose_seed":false,"campfire_upgraded":6,"win_rate":0.0,"timestamp":1612283192,"path_taken":["M","?","?","M","M","E","R","E","T","E","M","R","M","?","R","BOSS","M","?","M","?","?","M","M","?","T","M","E","$","M","$","R","BOSS","M","?","$","M","?","R","?","E","T","?","R","$","R","E","R","BOSS"],"items_purchased_type":["Card","Relic","Relic","Relic","Card"],"build_version":"2020-12-22","purchased_purges":0,"victory":true,"max_hp_per_floor":[80,80,80,80,80,80,80,80,80,80,80,80,80,80,80,80,80,80,80,80,80,80,80,80,80,80,80,80,80,80,80,80,80,80,80,80,80,80,80,80,80,80,80,76,76,76,76,76,76,76],"card_choices":[{"not_picked":["Blood for Blood","Power Through","Whirlwind"],"picked":"SKIP","floor":1.0},{"not_picked":["Sword Boomerang","Burning Pact"],"picked":"Rampage","floor":4.0},{"not_picked":["Clothesline","Thunderclap","Uppercut"],"picked":"SKIP","floor":5.0},{"not_picked":["Evolve","Sword Boomerang","Clash"],"picked":"SKIP","floor":6.0},{"not_picked":["Bloodletting","Anger","Perfected Strike"],"picked":"SKIP","floor":8.0},{"not_picked":["Reckless Charge","Armaments"],"picked":"Shockwave","floor":10.0},{"not_picked":["Evolve","Heavy Blade"],"picked":"Pommel Strike","floor":11.0},{"not_picked":["Burning Pact","Sever Soul"],"picked":"Twin Strike","floor":13.0},{"not_picked":["Exhume","Limit Break"],"picked":"Impervious","floor":16.0},{"not_picked":["Heavy Blade","Havoc","Thunderclap"],"picked":"SKIP","floor":18.0},{"not_picked":["Iron Wave","Thunderclap+1","Armaments"],"picked":"SKIP","floor":20.0},{"not_picked":["Whirlwind","Blood for Blood+1","Rupture"],"picked":"SKIP","floor":23.0},{"not_picked":["Anger","Thunderclap"],"picked":"Berserk","floor":24.0},{"not_picked":["Carnage","Iron Wave","Burning Pact","Anger"],"picked":"SKIP","floor":27.0},{"not_picked":["Flex+1","Dropkick+1","Rampage"],"picked":"Disarm","floor":28.0},{"not_picked":["Thunderclap","Perfected Strike","Wild Strike","Shockwave"],"picked":"SKIP","floor":30.0},{"not_picked":["Double Tap","Juggernaut","Offering"],"picked":"Demon Form","floor":33.0},{"not_picked":["Armaments","Combust+1","Clash","Dropkick"],"picked":"SKIP","floor":35.0},{"not_picked":["Wild Strike","Sword Boomerang","Armaments+1","Shrug It Off"],"picked":"SKIP","floor":36.0},{"not_picked":["Pommel Strike","Cleave+1","Sentinel+1","Clash+1"],"picked":"SKIP","floor":38.0},{"not_picked":["Headbutt","True Grit","Armaments+1"],"picked":"Shrug It Off","floor":39.0},{"not_picked":["Rage","Havoc+1","Headbutt"],"picked":"Metallicize+1","floor":42.0},{"not_picked":["Dropkick","Bloodletting","Wild Strike+1","Evolve+1"],"picked":"SKIP","floor":48.0}],"player_experience":90608,"relics_obtained":[{"floor":6.0,"key":"War Paint"},{"floor":8.0,"key":"Dream Catcher"},{"floor":9.0,"key":"Art of War"},{"floor":10.0,"key":"Whetstone"},{"floor":22.0,"key":"Nilry\u0027s Codex"},{"floor":25.0,"key":"Question Card"},{"floor":26.0,"key":"Matryoshka"},{"floor":28.0,"key":"Regal Pillow"},{"floor":39.0,"key":"Lizard Tail"},{"floor":41.0,"key":"Omamori"},{"floor":41.0,"key":"Boot"},{"floor":42.0,"key":"Vajra"},{"floor":43.0,"key":"Bronze Scales"},{"floor":43.0,"key":"Sundial"},{"floor":48.0,"key":"FossilizedHelix"}],"event_choices":[{"damage_healed":0.0,"max_hp_gain":0.0,"max_hp_loss":0.0,"gold_gain":0.0,"event_name":"Shining Light","player_choice":"Entered Light","floor":2.0,"gold_loss":0.0,"damage_taken":16.0,"cards_upgraded":["Defend_R","Defend_R"]},{"cards_removed":["Strike_R"],"damage_healed":0.0,"max_hp_gain":0.0,"max_hp_loss":0.0,"gold_gain":0.0,"event_name":"Living Wall","player_choice":"Forget","floor":3.0,"gold_loss":0.0,"damage_taken":0.0},{"cards_removed":["Strike_R"],"damage_healed":0.0,"max_hp_gain":0.0,"max_hp_loss":0.0,"gold_gain":0.0,"event_name":"Golden Wing","player_choice":"Card Removal","floor":14.0,"gold_loss":0.0,"damage_taken":7.0},{"damage_healed":0.0,"max_hp_gain":0.0,"max_hp_loss":0.0,"gold_gain":0.0,"cards_transformed":["Strike_R","Strike_R"],"event_name":"Drug Dealer","player_choice":"Became Test Subject","floor":19.0,"gold_loss":0.0,"damage_taken":0.0,"cards_obtained":["Dropkick","Bloodletting"]},{"cards_removed":["Defend_R"],"damage_healed":0.0,"max_hp_gain":0.0,"max_hp_loss":0.0,"gold_gain":0.0,"event_name":"Beggar","player_choice":"Gave Gold","floor":21.0,"gold_loss":75.0,"damage_taken":0.0},{"damage_healed":0.0,"max_hp_gain":0.0,"max_hp_loss":0.0,"gold_gain":0.0,"event_name":"Cursed Tome","player_choice":"Obtained Book","floor":22.0,"gold_loss":0.0,"damage_taken":16.0},{"damage_healed":0.0,"max_hp_gain":0.0,"max_hp_loss":0.0,"gold_gain":0.0,"event_name":"Mysterious Sphere","player_choice":"Fight","floor":39.0,"gold_loss":0.0,"damage_taken":0.0},{"damage_healed":0.0,"max_hp_gain":0.0,"max_hp_loss":4.0,"gold_gain":0.0,"event_name":"Winding Halls","player_choice":"Max HP","floor":44.0,"gold_loss":0.0,"damage_taken":0.0}],"is_beta":false,"boss_relics":[{"not_picked":["Runic Dome","Tiny House"],"picked":"Sozu"},{"not_picked":["Mark of Pain","Astrolabe"],"picked":"Runic Cube"}],"items_purged_floors":[],"is_endless":false,"potions_floor_spawned":[1,4,5,11,13,23,27,30,38,42,48],"ascension_level":4}}