{"host":"gsscz6k9fq2x5v2h","time":1612298895,"event":{"mods":["100% Spire Juice","AchievementEnabler","Arknights","BaseMod","Better Note","Better Skull","Better Synergies","Better Third Choice","Better Vampires","Block Reminder","Colored Map","Colored Powertips","Dark Map","Friendly Minions","Minty Spire (QoL Compilation)","Permanent Neow","Quick Restart","Replay The Spire","Retaliation","Shop Mod","Spicy Shops","Spikes Relics","StSLib","SuperFastMode","TestMod","??????REMEMod","????"],"gold_per_floor":[95,95,111,123,43,70,70,123,149,29,45,79,79,79,79,174,174,189,189,5,16,51,81,93,93,93,93,103,40,60,73,73,176,176,190,1189,1189,1202,744,769,307,307,307,307,340,364,379,379,379,379,379],"floor_reached":50,"language":"FRA","playtime":2699,"items_purged":["Regret","Decay","Moonworks:Strike","Moonworks:Strike"],"score":901,"play_id":"c5ca6897-c2f6-4ff4-a06b-fe3c56fb84f7","local_time":"20210202214815","is_ascension_mode":false,"campfire_choices":[{"floor":7.0,"key":"REST"},{"data":"A Thousand Cuts","floor":10.0,"key":"SMITH"},{"floor":13.0,"key":"RECALL"},{"data":"Moonworks:MeltingMemories","floor":15.0,"key":"SMITH"},{"data":"Moonworks:CrystalBarrier","floor":25.0,"key":"SMITH"},{"data":"Moonworks:CompletionReward","floor":27.0,"key":"SMITH"},{"floor":32.0,"key":"REST"},{"floor":42.0,"key":"REST"},{"data":"Discovery","floor":44.0,"key":"SMITH"},{"floor":49,"key":"REST"}],"circlet_count":0,"master_deck":["Moonworks:Strike","Moonworks:Strike","Moonworks:Defend","Moonworks:Defend","Moonworks:Defend+1","Moonworks:Defend+1","Moonworks:Ambush","Moonworks:LongDistanceShot","A Thousand Cuts+1","Moonworks:EvilSpyWorkPreparation","Moonworks:JonathanRush","Moonworks:MeltingMemories+1","Moonworks:IntelligenceOfficer","Moonworks:FullSpeedAlicianrone","Moonworks:WindyEnchantment","Clumsy","Moonworks:CastOff","Moonworks:SakisCookie","Moonworks:JonathanRush","Moonworks:CrystalBarrier+1","Moonworks:SakisCookie","Moonworks:CompletionReward+1","Moonworks:BindingChains","Moonworks:JonathanRush","Moonworks:NicePresent+1","Discovery+1","Discovery","Moonworks:LeapThroughSpace","Moonworks:SinkOrSwim","Madness","Madness","Moonworks:NicePresent","REME_BuildACard","Moonworks:JonathanRush","Moonworks:ForcedRevival"],"relics":["Moonworks:BrokenBomb","Moonworks:Homemark","testmod-TestBox","REME_ComplimentaryCards","testmod-HeartOfStrike","ReplayTheSpireMod:CursedCoin","testmod-CrystalShield","testmod-LifeArmor","MerchantsRug","Medical Kit","testmod-Register","Pet Ghost","RollingBoulder","Sling","ZombieTooth","Omamori","Toy Ornithopter"],"acts_visited":["Exordium","TheCity","TheBeyond"],"potions_floor_usage":[],"damage_taken":[{"damage":6.0,"enemies":"2 Louse","floor":1.0,"turns":2.0},{"damage":0.0,"enemies":"Cultist","floor":3.0,"turns":3.0},{"damage":2.0,"enemies":"Jaw Worm","floor":4.0,"turns":4.0},{"damage":19.0,"enemies":"Lagavulin","floor":6.0,"turns":6.0},{"damage":1.0,"enemies":"3 Louse","floor":11.0,"turns":3.0},{"damage":9.0,"enemies":"3 Sentries","floor":12.0,"turns":3.0},{"damage":8.0,"enemies":"Hexaghost","floor":16.0,"turns":6.0},{"damage":10.0,"enemies":"2 Thieves","floor":18.0,"turns":2.0},{"damage":13.0,"enemies":"Spheric Guardian","floor":21.0,"turns":4.0},{"damage":17.0,"enemies":"Gremlin Leader","floor":23.0,"turns":7.0},{"damage":7.0,"enemies":"Snecko","floor":24.0,"turns":4.0},{"damage":2.0,"enemies":"Centurion and Healer","floor":28.0,"turns":5.0},{"damage":12.0,"enemies":"Cultist and Chosen","floor":30.0,"turns":6.0},{"damage":26.0,"enemies":"Shelled Parasite and Fungi","floor":31.0,"turns":4.0},{"damage":2.0,"enemies":"Pondfish","floor":33.0,"turns":13.0},{"damage":10.0,"enemies":"Orb Walker","floor":35.0,"turns":6.0},{"damage":0.0,"enemies":"3 Shapes","floor":38.0,"turns":5.0},{"damage":17.0,"enemies":"Reptomancer","floor":40.0,"turns":7.0},{"damage":46.0,"enemies":"Giant Head","floor":45.0,"turns":7.0},{"damage":39.0,"enemies":"Writhing Mass","floor":47.0,"turns":5.0},{"damage":1036,"enemies":"Replay:Hell Engine","floor":50,"turns":13}],"seed_played":"-6061552357286081330","potions_obtained":[{"floor":4.0,"key":"EssenceOfSteel"},{"floor":6.0,"key":"LiquidMemories"},{"floor":16.0,"key":"DDmod:CleansePotion"},{"floor":23.0,"key":"Strength Potion"},{"floor":28.0,"key":"Adrenaline Potion"},{"floor":33.0,"key":"Reflective Coating"},{"floor":40.0,"key":"Elixir"},{"floor":45.0,"key":"Adrenaline Potion"}],"is_trial":false,"path_per_floor":["M","?","M","M","$","E","R","T","T","R","M","E","R","$","R","B",null,"M","?","$","M","?","E","M","R","T","R","M","$","M","M","R","B",null,"M","?","?","M","$","E","$","R","T","R","E","T","M","?","R","B"],"character_chosen":"THE_STARBREAKER","items_purchased":["ReplayTheSpireMod:CursedCoin","testmod-CrystalShield","testmod-LifeArmor","MerchantsRug","Medical Kit","Discovery","testmod-Register","Pet Ghost","Sling","REME_BuildACard","Regen Potion"],"campfire_rested":4,"item_purchase_floors":[5,5,5,20,20,29,39,39,41,41,41],"current_hp_per_floor":[54,54,54,52,52,33,51,51,51,51,50,48,48,48,48,42,67,57,57,57,44,44,27,45,45,45,45,43,43,33,35,55,58,67,53,53,45,47,47,34,34,54,54,54,14,14,24,24,44,0,0],"gold":379,"neow_bonus":"HUNDRED_GOLD","is_daily":false,"chose_seed":false,"campfire_upgraded":5,"win_rate":0.0,"timestamp":1612298895,"path_taken":["M","?","M","M","?","E","R","?","T","R","M","E","R","$","R","BOSS","M","?","$","M","?","E","?","R","T","R","?","$","M","M","R","BOSS","M","?","?","M","$","E","$","R","T","R","E","?","?","?","R","BOSS"],"items_purchased_type":["Relic","Relic","Relic","Relic","Relic","Card","Relic","Relic","Relic","Card","Potion"],"build_version":"2020-12-22","purchased_purges":4,"victory":false,"max_hp_per_floor":[60,60,60,60,60,60,60,60,60,60,60,67,67,67,67,67,67,67,67,67,67,67,67,67,67,67,67,67,67,67,67,67,67,67,67,67,67,67,67,67,67,67,67,67,67,67,67,67,67,63,63],"card_choices":[{"not_picked":["Moonworks:Poppoformation","Moonworks:CompletionReward"],"picked":"Moonworks:EvilSpyWorkPreparation","floor":1.0},{"not_picked":["Moonworks:DevilHand","Moonworks:BigMagnum"],"picked":"Moonworks:FullSpeedAlicianrone","floor":3.0},{"not_picked":["Moonworks:UnluckyCharm","Moonworks:BigBangBell"],"picked":"Moonworks:WindyEnchantment","floor":4.0},{"not_picked":["Moonworks:CloudOfSeagulls","Moonworks:MixPhenomenon"],"picked":"Moonworks:CastOff","floor":6.0},{"not_picked":["Moonworks:CompletionReward","Moonworks:BindingChains"],"picked":"Moonworks:SakisCookie","floor":11.0},{"not_picked":["Moonworks:x16BigRocket","Moonworks:Poppoformation"],"picked":"Moonworks:JonathanRush","floor":12.0},{"not_picked":["Moonworks:RocketCannon","Moonworks:MeltingMemories"],"picked":"Moonworks:CrystalBarrier","floor":16.0},{"not_picked":["Moonworks:Assault","Moonworks:ScrambledEve+1"],"picked":"Moonworks:SakisCookie","floor":18.0},{"not_picked":["Moonworks:Heat300Percent+1","Moonworks:ImOnFire+1"],"picked":"Moonworks:CompletionReward","floor":21.0},{"not_picked":["Moonworks:UnluckyCharm","Moonworks:ImmovableObject+1"],"picked":"Moonworks:BindingChains","floor":23.0},{"not_picked":["Moonworks:FullSpeedAlicianrone","Moonworks:SakisCookie+1"],"picked":"Moonworks:JonathanRush","floor":24.0},{"not_picked":["Moonworks:RagingMadness","Moonworks:LulusLuckyEgg"],"picked":"Moonworks:NicePresent+1","floor":28.0},{"not_picked":["Moonworks:ReproductionOfRecords","Moonworks:JonathanRush"],"picked":"Moonworks:LeapThroughSpace","floor":30.0},{"not_picked":["Moonworks:CloudOfSeagulls+1","Moonworks:ImOnFire","Moonworks:IndiscriminateFireSupport"],"picked":"SKIP","floor":31.0},{"not_picked":["Moonworks:Encore","Moonworks:LeapThroughSpace"],"picked":"Moonworks:SinkOrSwim","floor":33.0},{"not_picked":["Moonworks:Heat300Percent+1","Moonworks:Poppoformation+1","Moonworks:JonathanRush"],"picked":"SKIP","floor":35.0},{"not_picked":["Moonworks:ImOnFire+1","Moonworks:CookingTime"],"picked":"Moonworks:NicePresent","floor":38.0},{"not_picked":["Moonworks:AngelHand+1","Moonworks:Flamethrower+1","Moonworks:CloudOfSeagulls"],"picked":"SKIP","floor":40.0},{"not_picked":["Moonworks:SakisCookie+1","Moonworks:DeployBits+1"],"picked":"Moonworks:JonathanRush","floor":45.0},{"not_picked":["Moonworks:BindingChains","Moonworks:UnluckyCharm+1"],"picked":"Moonworks:ForcedRevival","floor":47.0}],"player_experience":1554558,"relics_obtained":[{"floor":6.0,"key":"Onion Ring"},{"floor":8.0,"key":"War Paint"},{"floor":12.0,"key":"Strawberry"},{"floor":23.0,"key":"MiniBlackHole"},{"floor":26.0,"key":"Blue Doll"},{"floor":40.0,"key":"RollingBoulder"},{"floor":43.0,"key":"ZombieTooth"},{"floor":45.0,"key":"Omamori"},{"floor":46.0,"key":"Toy Ornithopter"}],"event_choices":[{"damage_healed":0.0,"max_hp_gain":0.0,"max_hp_loss":0.0,"gold_gain":0.0,"event_name":"Match and Keep!","player_choice":"3 cards matched","floor":2.0,"gold_loss":0.0,"damage_taken":0.0,"cards_obtained":["Moonworks:JonathanRush","Moonworks:MeltingMemories","Moonworks:IntelligenceOfficer"]},{"damage_healed":0.0,"max_hp_gain":0.0,"max_hp_loss":0.0,"gold_gain":0.0,"event_name":"Wheel of Change","player_choice":"Cursed","floor":19.0,"gold_loss":0.0,"damage_taken":0.0,"cards_obtained":["Decay"]},{"damage_healed":0.0,"max_hp_gain":0.0,"max_hp_loss":0.0,"gold_gain":275.0,"event_name":"Golden Shrine","player_choice":"Desecrate","floor":22.0,"gold_loss":0.0,"damage_taken":0.0,"cards_obtained":["Regret"]},{"damage_healed":0.0,"max_hp_gain":0.0,"max_hp_loss":0.0,"gold_gain":999.0,"event_name":"Plate Of N\u0027loth","player_choice":"Sell","floor":36.0,"relics_lost":["CosmicIsotope"],"gold_loss":0.0,"damage_taken":0.0},{"damage_healed":0.0,"max_hp_gain":0.0,"max_hp_loss":0.0,"gold_gain":0.0,"event_name":"Winding Halls","player_choice":"Embrace Madness","floor":37.0,"gold_loss":0.0,"damage_taken":8.0,"cards_obtained":["Madness","Madness"]},{"damage_healed":0,"gold_gain":0,"player_choice":"Ignored","damage_taken":0,"max_hp_gain":0,"max_hp_loss":0,"event_name":"Mysterious Sphere","floor":48,"gold_loss":0}],"is_beta":false,"boss_relics":[{"not_picked":["ReplayTheSpireMod:DimensionalGlitch","SacredBark"],"picked":"Coffee Dripper"},{"not_picked":["testmod-StringDisintegrator","Astrolabe"],"picked":"CosmicIsotope"}],"items_purged_floors":[29,39,39,41],"is_endless":false,"potions_floor_spawned":[4,6,11,16,23,28,31,33,40,45],"killed_by":"Replay:Hell Engine","ascension_level":0}}