{"host":"dqv8oo4v229c1o2l","time":1612226418,"event":{"mods":["AchievementEnabler","BaseMod","Colored Map","Colored Powertips","Minty Spire (QoL Compilation)","Quick Restart","Rare Cards Sparkle","StSLib","Synergy Search"],"gold_per_floor":[119,135,135,150,150,175,187,187,241,241,241,241,46,64,64,167,167,180,195,195,195,209,209,241,241,267,287,301,301,311,226,226,328,328,338,354,60,60,60,60],"floor_reached":39,"language":"ENG","playtime":2020,"items_purged":[],"score":541,"play_id":"b29cc93c-9554-448d-8f00-0530ba677e10","local_time":"20210201164018","is_ascension_mode":true,"campfire_choices":[{"floor":8,"key":"REST"},{"data":"Creative AI","floor":11,"key":"SMITH"},{"floor":15,"key":"REST"},{"data":"Defragment","floor":23,"key":"SMITH"},{"floor":29,"key":"REST"},{"floor":32,"key":"REST"}],"circlet_count":0,"master_deck":["Defend_B","Defend_B","Defend_B","Zap","Dualcast","FTL","Darkness","Creative AI+1","Barrage","BootSequence","Ball Lightning","Defragment+1","Rainbow","Reinforced Body+1","Turbo+1","Stack+1","Rainbow+1","Force Field+1","Leap+1","All For One+1","Compile Driver+1","Coolheaded+1"],"relics":["Cracked Core","StoneCalendar","Pear","DataDisk","Tiny Chest","Blood Vial","Sozu","Toxic Egg 2","Ancient Tea Set","MealTicket","Astrolabe","Bronze Scales","Runic Capacitor"],"acts_visited":["Exordium","TheCity","TheBeyond"],"potions_floor_usage":[16,16],"damage_taken":[{"damage":0,"enemies":"Jaw Worm","floor":1,"turns":3},{"damage":4,"enemies":"Cultist","floor":2,"turns":3},{"damage":5,"enemies":"Small Slimes","floor":4,"turns":3},{"damage":39,"enemies":"3 Sentries","floor":6,"turns":7},{"damage":8,"enemies":"2 Fungi Beasts","floor":7,"turns":3},{"damage":0,"enemies":"Looter","floor":14,"turns":3},{"damage":15,"enemies":"Hexaghost","floor":16,"turns":8},{"damage":14,"enemies":"Chosen","floor":18,"turns":5},{"damage":7,"enemies":"Spheric Guardian","floor":19,"turns":4},{"damage":25,"enemies":"3 Cultists","floor":22,"turns":7},{"damage":51,"enemies":"Gremlin Leader","floor":24,"turns":6},{"damage":27,"enemies":"Cultist and Chosen","floor":27,"turns":6},{"damage":5,"enemies":"Chosen and Byrds","floor":28,"turns":6},{"damage":10,"enemies":"Snake Plant","floor":30,"turns":4},{"damage":63,"enemies":"Automaton","floor":33,"turns":9},{"damage":27,"enemies":"3 Shapes","floor":35,"turns":4},{"damage":36,"enemies":"3 Darklings","floor":36,"turns":7},{"damage":38,"enemies":"Sphere and 2 Shapes","floor":39,"turns":3}],"seed_played":"-1306494521409990761","potions_obtained":[{"floor":4,"key":"FairyPotion"},{"floor":6,"key":"ColorlessPotion"},{"floor":7,"key":"ColorlessPotion"},{"floor":14,"key":"SkillPotion"}],"is_trial":false,"path_per_floor":["M","M","?","M","?","E","M","R","T","?","R","?","$","M","R","B",null,"M","M","$","?","M","R","E","$","T","M","M","R","M","?","R","B",null,"M","M","$","?","M"],"character_chosen":"DEFECT","items_purchased":["Blood Vial","Ball Lightning","Bronze Scales","Runic Capacitor"],"campfire_rested":4,"item_purchase_floors":[13,13,37,37],"current_hp_per_floor":[50,46,46,41,41,12,4,29,29,29,29,26,26,28,53,40,74,62,57,57,85,60,60,11,11,11,25,22,47,39,39,64,3,65,40,6,21,21,0,0],"gold":60,"neow_bonus":"ONE_RARE_RELIC","is_daily":false,"chose_seed":false,"campfire_upgraded":2,"win_rate":0.0,"timestamp":1612226418,"path_taken":["M","M","?","?","?","E","?","R","T","?","R","?","$","M","R","BOSS","M","M","$","?","M","R","E","$","T","M","M","R","M","?","R","BOSS","M","M","$","?","M"],"items_purchased_type":["Relic","Card","Relic","Relic"],"build_version":"2020-12-22","purchased_purges":0,"victory":false,"max_hp_per_floor":[75,75,75,75,75,85,85,85,85,85,85,85,85,85,85,85,85,85,85,85,85,85,85,85,85,85,85,85,85,85,85,85,85,85,85,85,85,81,81,81],"card_choices":[{"not_picked":["Redo","Doom and Gloom"],"picked":"Cold Snap","floor":1},{"not_picked":["Lockon","Cold Snap"],"picked":"FTL","floor":2},{"not_picked":["Redo","Compile Driver"],"picked":"Darkness","floor":4},{"not_picked":["Lockon","Recycle"],"picked":"Barrage","floor":6},{"not_picked":["Storm","Loop"],"picked":"BootSequence","floor":7},{"not_picked":["Consume","Undo"],"picked":"Defragment","floor":14},{"not_picked":["Meteor Strike","Hyperbeam"],"picked":"Rainbow","floor":16},{"not_picked":["Redo","Steam+1","Scrape"],"picked":"SKIP","floor":18},{"not_picked":["Conserve Battery","Cold Snap"],"picked":"Reinforced Body+1","floor":19},{"not_picked":["Compile Driver","Conserve Battery","Barrage"],"picked":"SKIP","floor":22},{"not_picked":["BootSequence+1","Stack+1"],"picked":"Turbo+1","floor":24},{"not_picked":["Gash+1","Compile Driver"],"picked":"Stack+1","floor":27},{"not_picked":["Stack+1","All For One","Steam+1"],"picked":"SKIP","floor":28},{"not_picked":["Turbo+1","Go for the Eyes","Lockon"],"picked":"SKIP","floor":30},{"not_picked":["Reboot+1","Meteor Strike"],"picked":"Rainbow+1","floor":33},{"not_picked":["Stack+1","Go for the Eyes+1"],"picked":"Compile Driver+1","floor":35},{"not_picked":["Ball Lightning","Gash+1"],"picked":"Coolheaded+1","floor":36}],"player_experience":304329,"relics_obtained":[{"floor":6,"key":"Pear"},{"floor":9,"key":"DataDisk"},{"floor":24,"key":"Toxic Egg 2"},{"floor":26,"key":"Ancient Tea Set"}],"event_choices":[{"cards_removed":["Strike_B"],"damage_healed":0,"gold_gain":0,"player_choice":"Purged","damage_taken":0,"max_hp_gain":0,"max_hp_loss":0,"event_name":"Purifier","floor":3,"gold_loss":0},{"damage_healed":0,"gold_gain":0,"cards_transformed":["Strike_B"],"player_choice":"Transformed","damage_taken":0,"max_hp_gain":0,"max_hp_loss":0,"event_name":"Transmorgrifier","floor":5,"gold_loss":0,"cards_obtained":["Creative AI"]},{"cards_removed":["Strike_B"],"damage_healed":0,"gold_gain":0,"player_choice":"Forget","damage_taken":0,"max_hp_gain":0,"max_hp_loss":0,"event_name":"Living Wall","floor":10,"gold_loss":0},{"damage_healed":0,"gold_gain":0,"player_choice":"Success","damage_taken":3,"relics_obtained":["Tiny Chest"],"max_hp_gain":0,"max_hp_loss":0,"event_name":"Scrap Ooze","floor":12,"gold_loss":0},{"damage_healed":28,"gold_gain":0,"player_choice":"Heal","damage_taken":0,"max_hp_gain":0,"max_hp_loss":0,"event_name":"The Library","floor":21,"gold_loss":0},{"damage_healed":0,"gold_gain":0,"player_choice":"Obtained Relic","damage_taken":0,"relics_obtained":["MealTicket"],"max_hp_gain":0,"max_hp_loss":0,"event_name":"Addict","floor":31,"gold_loss":85},{"damage_healed":0,"gold_gain":0,"player_choice":"Max HP","damage_taken":0,"max_hp_gain":0,"max_hp_loss":4,"event_name":"Winding Halls","floor":38,"gold_loss":0}],"is_beta":false,"boss_relics":[{"not_picked":["Tiny House","Philosopher\u0027s Stone"],"picked":"Sozu"},{"not_picked":["Runic Pyramid","Snecko Eye"],"picked":"Astrolabe"}],"items_purged_floors":[],"is_endless":false,"potions_floor_spawned":[4,6,7,14,19,22,27,30],"killed_by":"Sphere and 2 Shapes","ascension_level":7}}