{"host":"szp1d6dso4pv7ddl","time":1612227381,"event":{"mods":["AchievementEnabler","Alarm Clock","BaseMod","Bestiary","Block Reminder","Colored Map","Colored Powertips","Curses Come First","Dark Map","Displayed Cursed Tome","Highlight Path","Minty Spire (QoL Compilation)","Permanent Neow","Quick Restart","Relic Sorter","Relic Stats","StSLib","Synergy Search"],"gold_per_floor":[117,42,42,42,53,53,66,66,66,78,3,3,17,0,0,0,0],"floor_reached":16,"language":"ENG","playtime":470,"items_purged":["Defend_B"],"score":158,"play_id":"47a674af-955a-405f-865b-3d04d21b6a2d","local_time":"20210201165621","is_ascension_mode":true,"campfire_choices":[{"floor":6,"key":"REST"},{"data":"Defend_B","floor":8,"key":"PURGE"},{"floor":15,"key":"REST"}],"circlet_count":0,"master_deck":["AscendersBane","Strike_B","Strike_B","Defend_B","Defend_B","Zap","Dualcast","CurseOfTheBell","Go for the Eyes"],"relics":["Calling Bell","Shuriken","Centennial Puzzle","Peace Pipe","Bird Faced Urn"],"acts_visited":["Exordium"],"potions_floor_usage":[],"damage_taken":[{"damage":6,"enemies":"Cultist","floor":1,"turns":3},{"damage":9,"enemies":"Jaw Worm","floor":5,"turns":5},{"damage":4,"enemies":"Small Slimes","floor":7,"turns":4},{"damage":10,"enemies":"Exordium Wildlife","floor":10,"turns":4},{"damage":47,"enemies":"Gremlin Gang","floor":13,"turns":7},{"damage":26,"enemies":"The Guardian","floor":16,"turns":5}],"seed_played":"771533087619947424","potions_obtained":[{"floor":1,"key":"Ancient Potion"},{"floor":5,"key":"SteroidPotion"}],"is_trial":false,"path_per_floor":["M","$","?","$","M","R","M","R","T","M","?","?","M","?","R","B"],"character_chosen":"DEFECT","items_purchased":[],"campfire_rested":2,"item_purchase_floors":[],"current_hp_per_floor":[58,58,51,51,42,63,59,59,59,49,49,49,2,2,23,0,0],"gold":0,"neow_bonus":"BOSS_RELIC","is_daily":false,"chose_seed":false,"campfire_upgraded":0,"win_rate":0.0,"timestamp":1612227381,"path_taken":["M","$","?","$","M","R","M","R","T","M","?","?","M","?","R","BOSS"],"items_purchased_type":[],"build_version":"2020-12-22","purchased_purges":1,"victory":false,"max_hp_per_floor":[71,71,71,71,71,71,71,71,71,71,71,71,71,71,71,71,71],"relic_stats":{"Peace Pipe":2,"Centennial Puzzle":[18],"counters":[6,28],"Shuriken":[2],"Bird Faced Urn":[0],"obtain_stats":[{"Calling Bell":0,"Peace Pipe":0,"Centennial Puzzle":0,"Shuriken":0,"Bird Faced Urn":9,"Cracked Core":0},{"Calling Bell":0,"Peace Pipe":0,"Centennial Puzzle":0,"Shuriken":0,"Bird Faced Urn":3,"Cracked Core":0},{"Calling Bell":0,"Peace Pipe":0,"Centennial Puzzle":0,"Shuriken":0,"Bird Faced Urn":12,"Cracked Core":0}]},"card_choices":[{"not_picked":["Coolheaded","Darkness","Sweeping Beam"],"picked":"SKIP","floor":1},{"not_picked":["Steam","Genetic Algorithm","Tempest"],"picked":"SKIP","floor":5},{"not_picked":["Turbo","Stack","Static Discharge"],"picked":"SKIP","floor":7},{"not_picked":["Undo","Streamline"],"picked":"Go for the Eyes","floor":10},{"not_picked":["Tempest","Ball Lightning","Fission"],"picked":"SKIP","floor":13}],"player_experience":1343696,"relics_obtained":[{"floor":0,"key":"Centennial Puzzle"},{"floor":0,"key":"Shuriken"},{"floor":0,"key":"Peace Pipe"},{"floor":9,"key":"Bird Faced Urn"}],"event_choices":[{"cards_removed":["Strike_B"],"damage_healed":0,"gold_gain":0,"player_choice":"Card Removal","damage_taken":7,"max_hp_gain":0,"max_hp_loss":0,"event_name":"Golden Wing","floor":3,"gold_loss":0},{"cards_removed":["Strike_B"],"damage_healed":0,"gold_gain":0,"player_choice":"Card Removal","damage_taken":0,"max_hp_gain":0,"max_hp_loss":0,"event_name":"The Cleric","floor":11,"gold_loss":75},{"damage_healed":0,"gold_gain":0,"player_choice":"Ignored","damage_taken":0,"max_hp_gain":0,"max_hp_loss":0,"event_name":"Shining Light","floor":12,"gold_loss":0},{"damage_healed":0,"gold_gain":0,"player_choice":"Left Gold","damage_taken":0,"max_hp_gain":0,"max_hp_loss":0,"event_name":"World of Goop","floor":14,"gold_loss":17}],"is_beta":false,"boss_relics":[],"items_purged_floors":[2],"is_endless":false,"potions_floor_spawned":[1,5],"killed_by":"The Guardian","ascension_level":15}}