{"host":"wahmi3v2b4ozu27r","time":1612236030,"event":{"mods":["AchievementEnabler","Act Like it!","Astrologer","BaseMod","Colored Powertips","Energized Spire","Infinite Spire","Minty Spire (QoL Compilation)","Pale of the Ancients","Permanent Neow","Rare Cards Sparkle","Replay The Spire","Shop Mod","Spikes Relics","StSLib","The Animator","The Bug Knight","The Hierophant","The Problem Sleuth","TheBandit","TheFirefly","Trackpad","egg","everything is the same but u backflip on backflip","slay the spire mod where everything is the same but ironclad has a cowboy hat"],"gold_per_floor":[111,111,129,143,143,177,195,195,221,221,241,254,1,11,11,112,112,131,151,24,24,44,44,57,57,57,57,91,109,109,109],"floor_reached":30,"language":"ENG","playtime":2756,"items_purged":[],"score":254,"play_id":"4265e4ce-0d3b-42ea-a821-b1d6be8fd4de","local_time":"20210201222030","is_ascension_mode":false,"campfire_choices":[{"data":"DiskWipe","floor":8.0,"key":"SMITH"},{"floor":10.0,"key":"REST"},{"data":"Dualcast","floor":15.0,"key":"SMITH"},{"floor":23.0,"key":"REST"},{"floor":25.0,"key":"REST"},{"data":"Barrage","floor":27.0,"key":"SMITH"}],"circlet_count":0,"master_deck":["Strike_B","Strike_B","Strike_B","Defend_B","Defend_B","Defend_B","Defend_B","Zap","Dualcast+1","DiskWipe+1","Lockon","Conserve Battery","Lockon","Barrage+1","Conserve Battery","Skim","Chill+1","Meteor Strike","Chaos+1","FIFO Queue+1","Iron Wave","Melter","Cold Snap+1","Sweeping Beam"],"relics":["Cracked Core","Lantern","Happy Flower","infinitespire:Freezer","energizedSpire:DeadBattery","Bronze Scales"],"acts_visited":["Exordium","TheCity"],"potions_floor_usage":[29,29],"damage_taken":[{"damage":6.0,"enemies":"Jaw Worm","floor":1.0,"turns":4.0},{"damage":1.0,"enemies":"Cultist","floor":3.0,"turns":3.0},{"damage":0.0,"enemies":"2 Louse","floor":4.0,"turns":2.0},{"damage":15.0,"enemies":"Lagavulin","floor":6.0,"turns":6.0},{"damage":8.0,"enemies":"Large Slime","floor":7.0,"turns":5.0},{"damage":0.0,"enemies":"Blue Slaver","floor":11.0,"turns":2.0},{"damage":1.0,"enemies":"Exordium Thugs","floor":12.0,"turns":5.0},{"damage":0.0,"enemies":"Large Slime","floor":14.0,"turns":5.0},{"damage":2.0,"enemies":"Slime Boss","floor":16.0,"turns":9.0},{"damage":4.0,"enemies":"Shell Parasite","floor":18.0,"turns":4.0},{"damage":19.0,"enemies":"Spheric Guardian","floor":19.0,"turns":6.0},{"damage":13.0,"enemies":"3 Cultists","floor":22.0,"turns":6.0},{"damage":24.0,"enemies":"Shelled Parasite and Fungi","floor":24.0,"turns":4.0},{"damage":36.0,"enemies":"Slavers","floor":28.0,"turns":7.0},{"damage":20,"enemies":"Snake Plant","floor":29,"turns":4},{"damage":11,"enemies":"Snecko","floor":30,"turns":4}],"seed_played":"-757945518947234153","potions_obtained":[{"floor":0.0,"key":"PowerPotion"},{"floor":0.0,"key":"Weak Potion"},{"floor":0.0,"key":"LifebloodPotion"},{"floor":3.0,"key":"Fire Potion"},{"floor":12.0,"key":"Cursed Concoction"},{"floor":16.0,"key":"Energy Potion"},{"floor":22.0,"key":"Elixir"},{"floor":28.0,"key":"Energy Potion"},{"floor":29,"key":"Cursed Concoction"}],"is_trial":false,"path_per_floor":["M","?","M","M","?","E","M","R","T","R","M","M","$","M","R","B",null,"M","M","$","?","M","R","M","R","T","R","E","M","M"],"character_chosen":"DEFECT","items_purchased":["Chill+1","infinitespire:Freezer","Adrenaline Potion","Rip and Tear","FearPotion"],"campfire_rested":3,"item_purchase_floors":[13,13,13,20,20],"current_hp_per_floor":[69,69,68,68,68,53,45,45,45,67,67,66,66,66,66,64,75,71,52,52,52,39,61,37,59,59,59,23,3,0,0],"gold":109,"neow_bonus":"THREE_SMALL_POTIONS","is_daily":false,"chose_seed":false,"campfire_upgraded":3,"win_rate":0.0,"timestamp":1612236030,"path_taken":["M","?","M","?","?","E","?","R","T","R","?","M","$","M","R","BOSS","M","M","$","?","M","R","M","R","T","R","E","M","?"],"items_purchased_type":["Card","Relic","Potion","Card","Potion"],"build_version":"2020-12-22","purchased_purges":0,"victory":false,"max_hp_per_floor":[75,75,75,75,75,75,75,75,75,75,75,75,75,75,75,75,75,75,75,75,75,75,75,75,75,75,75,75,75,75,75],"card_choices":[{"not_picked":["Steam","FIFO Queue"],"picked":"DiskWipe","floor":1.0},{"not_picked":["Rebound","Barrage"],"picked":"Conserve Battery","floor":3.0},{"not_picked":["Go for the Eyes","Storm"],"picked":"Lockon","floor":4.0},{"not_picked":["Rebound","Consume","Genetic Algorithm"],"picked":"SKIP","floor":6.0},{"not_picked":["ReplayTheSpireMod:Fabricate Wheel","Hologram"],"picked":"Barrage","floor":7.0},{"not_picked":["Barrage","Genetic Algorithm"],"picked":"Conserve Battery","floor":11.0},{"not_picked":["ReplayTheSpireMod:Calculation Training","Streamline"],"picked":"Skim","floor":12.0},{"not_picked":["Self Repair","Streamline","BootSequence"],"picked":"SKIP","floor":14.0},{"not_picked":["Echo Form","Multi-Cast"],"picked":"Meteor Strike","floor":16.0},{"not_picked":["Hello World+1","Go for the Eyes"],"picked":"Chaos+1","floor":18.0},{"not_picked":["Storm","Doom and Gloom"],"picked":"FIFO Queue+1","floor":19.0},{"not_picked":["ReplaySolidLightProjector","Compile Driver"],"picked":"Melter","floor":22.0},{"not_picked":["Beam Cell","Glacier","Self Repair"],"picked":"SKIP","floor":24.0},{"not_picked":["Melter","Amplify"],"picked":"Cold Snap+1","floor":28.0},{"not_picked":["Barrage","RefreshScreen"],"picked":"Sweeping Beam","floor":29}],"player_experience":45803,"relics_obtained":[{"floor":6.0,"key":"Lantern"},{"floor":9.0,"key":"Happy Flower"},{"floor":28.0,"key":"Bronze Scales"}],"event_choices":[{"damage_healed":0.0,"max_hp_gain":0.0,"max_hp_loss":0.0,"gold_gain":0.0,"cards_transformed":["Strike_B"],"event_name":"Transmorgrifier","player_choice":"Transformed","floor":2.0,"gold_loss":0.0,"damage_taken":0.0,"cards_obtained":["Lockon"]},{"damage_healed":0.0,"max_hp_gain":0.0,"max_hp_loss":0.0,"gold_gain":0.0,"event_name":"The Woman in Blue","player_choice":"Bought 0 Potions","floor":5.0,"gold_loss":0.0,"damage_taken":0.0},{"cards_removed":["Rip and Tear"],"damage_healed":0.0,"max_hp_gain":0.0,"max_hp_loss":0.0,"gold_gain":0.0,"event_name":"NoteForYourself","player_choice":"Took Card","floor":21.0,"gold_loss":0.0,"damage_taken":0.0,"cards_obtained":["Iron Wave"]}],"is_beta":false,"boss_relics":[{"not_picked":["energizedSpire:SpiderWeb","CosmicIsotope"],"picked":"energizedSpire:DeadBattery"}],"items_purged_floors":[],"is_endless":false,"potions_floor_spawned":[3,4,12,16,22,28,29],"killed_by":"Snecko","ascension_level":0}}