{"host":"j3zzt5y7g79qwjgw","time":1612277155,"event":{"mods":["BaseMod","Downfall","Minty Spire (QoL Compilation)","StSLib"],"gold_per_floor":[99,113,132,132,132,132,209,239,253,253,253,253],"floor_reached":10,"language":"ENG","playtime":738,"items_purged":[],"score":76,"play_id":"78995aa1-fc7d-4f04-a7d0-93ada0b13b5a","local_time":"20210202201555","is_ascension_mode":true,"campfire_choices":[{"data":"Guardian:DecasProtection","floor":1,"key":"SMITH"}],"circlet_count":0,"master_deck":["Guardian:Strike_Guardian","Guardian:Strike_Guardian","Guardian:Defend_Guardian","Guardian:Defend_Guardian","Guardian:Defend_Guardian","Guardian:Defend_Guardian","Guardian:CurlUp","Guardian:TwinSlam","Guardian:DecasProtection+1","Guardian:DecasProtection","Guardian:WalkerClaw","Guardian:Planning","CurseOfTheBell","CurseOfTheBell","Guardian:Planning","Guardian:TimeSifter+1"],"relics":["Guardian:ModeShifter","downfall:ExtraCursedBell","Blood Vial","Frozen Egg 2","Pocketwatch","Ornamental Fan","Bottled Lightning"],"acts_visited":["Exordium"],"potions_floor_usage":[10],"damage_taken":[{"damage":13,"enemies":"Small Slimes","floor":2,"turns":5},{"damage":2,"enemies":"Jaw Worm","floor":3,"turns":3},{"damage":19,"enemies":"3 Sentries","floor":8,"turns":15},{"damage":8,"enemies":"2 Louse","floor":9,"turns":2},{"damage":57,"enemies":"Gremlin Nob","floor":10,"turns":5}],"seed_played":"494498256751510065","potions_obtained":[{"floor":9,"key":"Weak Potion"}],"is_trial":false,"path_per_floor":["R","M","M","?","?","?","T","E","M","E"],"character_chosen":"GUARDIAN","items_purchased":[],"campfire_rested":0,"item_purchase_floors":[],"current_hp_per_floor":[56,43,41,41,41,41,41,24,18,0,0,0],"gold":253,"neow_bonus":"TRANSFORM_TWO_CARDS","is_daily":false,"chose_seed":false,"campfire_upgraded":1,"win_rate":0.0,"timestamp":1612277155,"path_taken":["R","M","M","?","?","?","T","E","M","E"],"items_purchased_type":[],"build_version":"2020-12-22","purchased_purges":0,"victory":false,"max_hp_per_floor":[80,80,80,80,80,80,80,80,80,80,80,80],"card_choices":[{"not_picked":["Guardian:Gem_Red","Guardian:GuardianWhirl"],"picked":"Guardian:WalkerClaw","floor":2},{"not_picked":["Guardian:Incinerate","Guardian:Suspension"],"picked":"Guardian:Planning","floor":3},{"not_picked":["Guardian:Gem_Cyan","Guardian:Clone"],"picked":"Guardian:Planning","floor":8},{"not_picked":["Guardian:ChargeCore","Guardian:PrimingBeam"],"picked":"Guardian:TimeSifter+1","floor":9}],"player_experience":304945,"relics_obtained":[{"floor":4,"key":"Blood Vial"},{"floor":4,"key":"Frozen Egg 2"},{"floor":4,"key":"Pocketwatch"},{"floor":7,"key":"Ornamental Fan"},{"floor":8,"key":"Bottled Lightning"}],"event_choices":[{"damage_healed":0,"gold_gain":0,"player_choice":"Fled","damage_taken":0,"max_hp_gain":0,"max_hp_loss":0,"event_name":"Scrap Ooze","floor":6,"gold_loss":0}],"is_beta":false,"boss_relics":[],"items_purged_floors":[],"is_endless":false,"potions_floor_spawned":[9],"killed_by":"Gremlin Nob","ascension_level":3}}