{"host":"nwd160me4iqdtr8u","time":1612263848,"event":{"mods":["AchievementEnabler","Act Like it!","BaseMod","Colored Map","DeckTracker","Keyboard Shortcuts","Minty Spire (QoL Compilation)","Quick Restart","Rare Cards Sparkle","Smile Girya","StSLib","SuperFastMode","everything is the same but u backflip on backflip"],"gold_per_floor":[114,133,208,221,234,267,267,284,310,327,327,327,327,340,340,414,414,414,426,351,370,370,370],"floor_reached":22,"language":"KOR","playtime":798,"items_purged":[],"score":380,"play_id":"65591599-8fdb-4bd9-8a0e-0446e1fd9266","local_time":"20210202200408","is_ascension_mode":true,"campfire_choices":[{"data":"Bouncing Flask","floor":7.0,"key":"SMITH"},{"floor":11.0,"key":"REST"},{"data":"Tactician","floor":15.0,"key":"SMITH"}],"circlet_count":0,"master_deck":["AscendersBane","Strike_G","Strike_G","Strike_G","Defend_G","Defend_G","Defend_G","Defend_G","Defend_G","Survivor","Neutralize","Escape Plan","Tactician+1","Well Laid Plans","All Out Attack","Cloak And Dagger","Bouncing Flask+1","Acrobatics","PiercingWail","Riddle With Holes","After Image","Backflip","Night Terror","A Thousand Cuts","Reflex"],"relics":["Ring of the Snake","Akabeko","MealTicket","SacredBark"],"acts_visited":["Exordium","TheCity"],"potions_floor_usage":[],"damage_taken":[{"damage":0.0,"enemies":"2 Louse","floor":1.0,"turns":3.0},{"damage":0.0,"enemies":"Small Slimes","floor":2.0,"turns":4.0},{"damage":2.0,"enemies":"Cultist","floor":4.0,"turns":4.0},{"damage":3.0,"enemies":"Red Slaver","floor":5.0,"turns":5.0},{"damage":25.0,"enemies":"3 Sentries","floor":6.0,"turns":12.0},{"damage":8.0,"enemies":"Gremlin Gang","floor":8.0,"turns":5.0},{"damage":7.0,"enemies":"Large Slime","floor":10.0,"turns":7.0},{"damage":0.0,"enemies":"3 Louse","floor":14.0,"turns":1.0},{"damage":11.0,"enemies":"Hexaghost","floor":16.0,"turns":8.0},{"damage":0.0,"enemies":"2 Thieves","floor":18.0,"turns":1.0},{"damage":28.0,"enemies":"3 Byrds","floor":19.0,"turns":7.0},{"damage":16.0,"enemies":"Snake Plant","floor":21.0,"turns":5.0},{"damage":8,"enemies":"Centurion and Healer","floor":22,"turns":1}],"seed_played":"-6311418721533010672","potions_obtained":[{"floor":1.0,"key":"Block Potion"},{"floor":4.0,"key":"SkillPotion"},{"floor":14.0,"key":"ColorlessPotion"},{"floor":16.0,"key":"SmokeBomb"}],"is_trial":false,"path_per_floor":["M","M","?","M","M","E","R","M","T","M","R","?","?","M","R","B",null,"M","M","?","M","M"],"character_chosen":"THE_SILENT","items_purchased":[],"campfire_rested":1,"item_purchase_floors":[],"current_hp_per_floor":[59,59,48,46,43,18,18,10,10,3,22,22,22,22,22,11,52,52,24,24,8,0,0],"gold":370,"neow_bonus":"THREE_CARDS","is_daily":false,"chose_seed":false,"campfire_upgraded":2,"win_rate":0.0,"timestamp":1612263848,"path_taken":["M","M","?","M","M","E","R","M","T","M","R","?","?","M","R","BOSS","M","M","?","M","?"],"items_purchased_type":[],"build_version":"2020-12-22","purchased_purges":0,"victory":false,"max_hp_per_floor":[66,66,66,66,66,66,66,66,66,66,66,66,66,66,66,66,66,66,66,66,66,66,66],"card_choices":[{"not_picked":["Setup","Prepared"],"picked":"Escape Plan","floor":0.0},{"not_picked":["Poisoned Stab","Sucker Punch"],"picked":"Tactician","floor":1.0},{"not_picked":["Deflect","Slice"],"picked":"Well Laid Plans","floor":2.0},{"not_picked":["PiercingWail","Tools of the Trade"],"picked":"All Out Attack","floor":4.0},{"not_picked":["Prepared","Sucker Punch"],"picked":"Cloak And Dagger","floor":5.0},{"not_picked":["Dash","Cloak And Dagger"],"picked":"Bouncing Flask","floor":6.0},{"not_picked":["Die Die Die","Blur"],"picked":"Acrobatics","floor":8.0},{"not_picked":["Slice","Deflect"],"picked":"PiercingWail","floor":10.0},{"not_picked":["Deflect","Skewer"],"picked":"Riddle With Holes","floor":14.0},{"not_picked":["Tools of the Trade","A Thousand Cuts"],"picked":"After Image","floor":16.0},{"not_picked":["Noxious Fumes+1","Poisoned Stab"],"picked":"Backflip","floor":19.0},{"not_picked":["PiercingWail","Riddle With Holes"],"picked":"Reflex","floor":21.0}],"player_experience":371112,"relics_obtained":[{"floor":6.0,"key":"Akabeko"},{"floor":9.0,"key":"MealTicket"}],"event_choices":[{"damage_healed":0.0,"max_hp_gain":0.0,"max_hp_loss":0.0,"gold_gain":75.0,"event_name":"World of Goop","player_choice":"Gather Gold","floor":3.0,"gold_loss":0.0,"damage_taken":11.0},{"damage_healed":0.0,"max_hp_gain":0.0,"max_hp_loss":0.0,"gold_gain":0.0,"event_name":"Liars Game","player_choice":"Ignored","floor":12.0,"gold_loss":0.0,"damage_taken":0.0},{"damage_healed":0.0,"max_hp_gain":0.0,"max_hp_loss":0.0,"gold_gain":0.0,"event_name":"Shining Light","player_choice":"Ignored","floor":13.0,"gold_loss":0.0,"damage_taken":0.0},{"damage_healed":0.0,"max_hp_gain":0.0,"max_hp_loss":0.0,"gold_gain":0.0,"cards_transformed":["Strike_G","Strike_G"],"event_name":"Designer","player_choice":"Transformed Cards","floor":20.0,"gold_loss":75.0,"damage_taken":0.0,"cards_obtained":["Night Terror","A Thousand Cuts"]}],"is_beta":false,"boss_relics":[{"not_picked":["Ectoplasm","Black Star"],"picked":"SacredBark"}],"items_purged_floors":[],"is_endless":false,"potions_floor_spawned":[1,4,14,16,18],"killed_by":"Centurion and Healer","ascension_level":20}}