{"host":"684z1xpuwaoqmmh1","time":1612289878,"event":{"mods":["A Magickal Journey","BaseMod","Dio Mod","Downfall","Hermit","Jorbs\u0027s Wanderer Trilogy","Marisa????????","Minty Spire (QoL Compilation)","Robot Space Explorer","Shade Mod","StSLib","The Dragon Tamer","The Elementalist","The Hayseed","The Hierophant","The Marked","The Mystic","The Runesmith","The Saiyan","The Vixen","TheBandit","TheFirefly"],"gold_per_floor":[97,108,208,221,241,267,267,299,299,315,329,329,356,373,373,469,469,509,509,494,513,525,525,525],"floor_reached":23,"language":"ENG","playtime":1621,"items_purged":[],"score":275,"play_id":"e84d2a6f-a1f9-44d5-a948-3e39b7d3834c","local_time":"20210202201758","is_ascension_mode":true,"campfire_choices":[{"data":"Saiyan:SenzuBean","floor":7,"key":"SMITH"},{"data":"Saiyan:TurtleShell","floor":12,"key":"SMITH"},{"data":"Saiyan:ReverberatingForce","floor":15,"key":"SMITH"}],"circlet_count":0,"master_deck":["Saiyan:SAIYA_Strike","Saiyan:SAIYA_Strike","Saiyan:SAIYA_Strike","Saiyan:SAIYA_Strike","Saiyan:SAIYA_Defend","Saiyan:SAIYA_Defend","Saiyan:SAIYA_Defend","Saiyan:SAIYA_Defend","Saiyan:EnergyBlast","Saiyan:KaioKen","Saiyan:RuthlessBlow+1","Saiyan:KiStrike","Saiyan:DrainingStrike","Saiyan:PowerUp","Saiyan:SpiritSword","Saiyan:SenzuBean+1","Saiyan:TurtleShell+1","Saiyan:Scouter","Saiyan:PlotArmor","Saiyan:ReverberatingForce+1","Saiyan:Fly","Saiyan:GhostAttack","Saiyan:TurtleShell","Saiyan:Flurry","Saiyan:Momentum","Saiyan:SoulSpice"],"relics":["SaiyanSoul","SaiyanHeart","InkBottle","Anchor","Ancient Tea Set","PreservedInsect","Akabeko","Potion Belt","Letter Opener","sneckomod:SneckoTalon","Bag of Preparation","Toy Ornithopter"],"acts_visited":["Exordium","TheCity"],"potions_floor_usage":[6,11,13,18,20,21,23],"damage_taken":[{"damage":4,"enemies":"Jaw Worm","floor":1,"turns":5},{"damage":0,"enemies":"Cultist","floor":2,"turns":3},{"damage":0,"enemies":"Small Slimes","floor":4,"turns":2},{"damage":0,"enemies":"Looter","floor":5,"turns":3},{"damage":16,"enemies":"Gremlin Nob","floor":6,"turns":3},{"damage":6,"enemies":"3 Sentries","floor":8,"turns":12},{"damage":1,"enemies":"Exordium Wildlife","floor":10,"turns":9},{"damage":0,"enemies":"Red Slaver","floor":11,"turns":5},{"damage":5,"enemies":"Lagavulin","floor":13,"turns":5},{"damage":0,"enemies":"Blue Slaver","floor":14,"turns":2},{"damage":10,"enemies":"Hexaghost","floor":16,"turns":13},{"damage":24,"enemies":"Spheric Guardian","floor":18,"turns":8},{"damage":4,"enemies":"2 Thieves","floor":20,"turns":6},{"damage":18,"enemies":"Snake Plant","floor":21,"turns":4},{"damage":10,"enemies":"Centurion and Healer","floor":22,"turns":15},{"damage":19,"enemies":"Gremlin Leader","floor":23,"turns":5}],"seed_played":"-8201119866214680522","potions_obtained":[{"floor":2,"key":"FearPotion"},{"floor":4,"key":"Ancient Potion"},{"floor":8,"key":"AttackPotion"},{"floor":11,"key":"hexamod:SoulburnPotion"},{"floor":14,"key":"PowerPotion"},{"floor":16,"key":"sneckomod:MuddlingPotion"},{"floor":18,"key":"champ:CounterPotion"},{"floor":22,"key":"SneckoOil"}],"is_trial":false,"path_per_floor":["M","M","?","M","M","E","R","E","T","M","M","R","E","M","R","B",null,"M","?","M","M","M","E"],"character_chosen":"SAIYAJIN","items_purchased":[],"campfire_rested":0,"item_purchase_floors":[],"current_hp_per_floor":[57,58,58,60,61,45,45,40,40,41,42,42,38,39,39,31,73,50,36,32,16,8,0,0],"gold":525,"neow_bonus":"UPGRADE_CARD","is_daily":false,"chose_seed":false,"campfire_upgraded":3,"win_rate":0.0,"timestamp":1612289878,"path_taken":["M","M","?","M","?","E","R","E","T","M","M","R","E","M","R","BOSS","M","?","M","M","M","E"],"items_purchased_type":[],"build_version":"2020-12-22","purchased_purges":0,"victory":false,"max_hp_per_floor":[61,62,62,64,65,65,65,66,66,68,69,69,70,71,71,73,73,74,79,79,81,83,84,84],"card_choices":[{"not_picked":["Saiyan:KiExplosion","Saiyan:Kienzan"],"picked":"Saiyan:KiStrike","floor":1},{"not_picked":["Saiyan:RemoveWeights","Saiyan:FingerParry"],"picked":"Saiyan:DrainingStrike","floor":2},{"not_picked":["Saiyan:PlotArmor","Saiyan:DrainingStrike"],"picked":"Saiyan:PowerUp","floor":4},{"not_picked":["Saiyan:BigBangAttack","Saiyan:SaiyanHubris"],"picked":"Saiyan:SpiritSword","floor":5},{"not_picked":["Saiyan:Makankosappo","Saiyan:BackAttack"],"picked":"Saiyan:SenzuBean","floor":6},{"not_picked":["Saiyan:BackAttack","Saiyan:KiExplosion"],"picked":"Saiyan:TurtleShell","floor":8},{"not_picked":["Saiyan:MeteorDash","Saiyan:BackAttack"],"picked":"Saiyan:Scouter","floor":10},{"not_picked":["Saiyan:BackAttack","Saiyan:DragonRadar"],"picked":"Saiyan:PlotArmor","floor":11},{"not_picked":["Saiyan:PowerUp","Saiyan:MeteorDash"],"picked":"Saiyan:ReverberatingForce","floor":13},{"not_picked":["Saiyan:BackAttack","Saiyan:DragonFist"],"picked":"Saiyan:Fly","floor":14},{"not_picked":["Saiyan:TheBomb","Saiyan:SenzuBean"],"picked":"Saiyan:GhostAttack","floor":16},{"not_picked":["Saiyan:DoubleMasenko","Saiyan:BigBangAttack"],"picked":"Saiyan:TurtleShell","floor":18},{"not_picked":["Saiyan:DoubleMasenko","Saiyan:Expend"],"picked":"Saiyan:Flurry","floor":20},{"not_picked":["Saiyan:DoubleMasenko","Saiyan:PowerUp"],"picked":"Saiyan:Momentum","floor":21},{"not_picked":["Saiyan:Scouter","Saiyan:DragonRadar"],"picked":"Saiyan:SoulSpice","floor":22}],"player_experience":2969469,"relics_obtained":[{"floor":6,"key":"InkBottle"},{"floor":8,"key":"Anchor"},{"floor":8,"key":"Ancient Tea Set"},{"floor":9,"key":"PreservedInsect"},{"floor":10,"key":"Akabeko"},{"floor":11,"key":"Potion Belt"},{"floor":13,"key":"Letter Opener"},{"floor":18,"key":"Bag of Preparation"},{"floor":22,"key":"Toy Ornithopter"}],"event_choices":[{"damage_healed":0,"gold_gain":100,"player_choice":"Pray","damage_taken":0,"max_hp_gain":0,"max_hp_loss":0,"event_name":"Golden Shrine","floor":3,"gold_loss":0},{"damage_healed":0,"gold_gain":0,"player_choice":"Shed Blood","damage_taken":19,"max_hp_gain":5,"max_hp_loss":0,"event_name":"Forgotten Altar","floor":19,"gold_loss":0}],"is_beta":false,"boss_relics":[{"not_picked":["Calling Bell","Sozu"],"picked":"sneckomod:SneckoTalon"}],"items_purged_floors":[],"is_endless":false,"potions_floor_spawned":[2,4,8,11,14,16,18,22],"killed_by":"Gremlin Leader","ascension_level":3}}