{"host":"0hb9w7uizu7y13wj","time":1612290456,"event":{"mods":["Act Like it!","Aspiration","BaseMod","BetterRewards","Colored Map","Conspire","Downfall","Energized Spire","FTL Soundtrack","Friendly Minions","Halation","Hubris","Infinite Spire","Minty Spire (QoL Compilation)","Quick Restart","Replay The Spire","StSLib","Synergy Search","The Hierophant","The Jungle","The Poker Player","Trackpad","everything is the same but u backflip on backflip"],"gold_per_floor":[116,92,92,92,92,161,161,192,192,232,258,258,273,296,296,340,340,465,465,486,486,152,152,173,204,204,204,204,219,237,276,319,357,357,482,482,507,507,523,523,541,577,598,598,598,641,641,654,694,719,719,719],"floor_reached":53,"language":"ENG","playtime":2415,"items_purged":["Strike_B","Strike_B"],"score":1596,"play_id":"ae13be71-990f-4bed-86c9-70496ac4950d","local_time":"20210202182736","is_ascension_mode":true,"campfire_choices":[{"data":"Streamline","floor":9.0,"key":"SMITH"},{"data":"Zap","floor":12.0,"key":"SMITH"},{"data":"ReplayTheSpireMod:??????????????????????","floor":17.0,"key":"SMITH"},{"data":"ReplayTheSpireMod:Book of Names","floor":26.0,"key":"SMITH"},{"floor":34.0,"key":"REST"},{"data":"infinitespire:NeuralNetwork","floor":44.0,"key":"SMITH"},{"data":"Rainbow","floor":47.0,"key":"SMITH"},{"data":"Heatsinks","floor":51,"key":"SMITH"}],"circlet_count":0,"master_deck":["AscendersBane","Strike_B","Strike_B","Defend_B","Defend_B","Defend_B","Defend_B","Zap+1","Dualcast","Streamline+1","Ball Lightning","ReplayTheSpireMod:??????????????????????+1","Self Repair","hubris:PowerSurge+1","Ball Lightning","Glacier","Rainbow+1","Heatsinks+1","Defragment+1","Sunder","Tempest","ReplayTheSpireMod:Book of Names+1","White Noise","FIFO Queue+1","Redo","Core Surge","Replay:AtTheReady+1","infinitespire:NeuralNetwork+1","Compile Driver","SpiritShield","Capacitor"],"relics":["Cracked Core","NeowsBlessing","Golden Idol","aspiration:DSix","Durian","Replay:Baseball","Bag of Preparation","energizedSpire:RedRose","ClockworkSouvenir","trackpad:RapidFire","WingedGreaves","halation:PromiseList","Replay:Bottled Eggs","FossilizedHelix","aspiration:WatcherSkillbook","energizedSpire:NeverEndingSparkler","hubris:PeanutButter","Pen Nib","ReplayTheSpireMod:Shallot","Bag of Marbles","Art of War"],"acts_visited":["Exordium","TheCity","TheBeyond"],"potions_floor_usage":[],"damage_taken":[{"damage":0.0,"enemies":"2 Louse","floor":1.0,"turns":1.0},{"damage":0.0,"enemies":"Gremlin Nob","floor":8.0,"turns":1.0},{"damage":0.0,"enemies":"3 Sentries","floor":10.0,"turns":1.0},{"damage":0.0,"enemies":"Small Slimes","floor":13.0,"turns":1.0},{"damage":0.0,"enemies":"Cultist","floor":14.0,"turns":2.0},{"damage":28.0,"enemies":"Lagavulin","floor":16.0,"turns":5.0},{"damage":0.0,"enemies":"Slime Boss","floor":18.0,"turns":8.0},{"damage":1.0,"enemies":"conspire:FuzzyDice","floor":20.0,"turns":4.0},{"damage":9.0,"enemies":"Chosen","floor":24.0,"turns":3.0},{"damage":7.0,"enemies":"Nightmare","floor":25.0,"turns":5.0},{"damage":9.0,"enemies":"Snake Plant","floor":29.0,"turns":5.0},{"damage":0.0,"enemies":"Cultist and Chosen","floor":30.0,"turns":3.0},{"damage":15.0,"enemies":"Book of Stabbing","floor":31.0,"turns":4.0},{"damage":24.0,"enemies":"conspire:Head Lice","floor":32.0,"turns":4.0},{"damage":6.0,"enemies":"Slavers","floor":33.0,"turns":4.0},{"damage":1.0,"enemies":"Champ","floor":35.0,"turns":6.0},{"damage":1.0,"enemies":"3 Darklings","floor":37.0,"turns":4.0},{"damage":21.0,"enemies":"3 Shapes","floor":39.0,"turns":4.0},{"damage":0.0,"enemies":"3 Darklings","floor":41.0,"turns":5.0},{"damage":0.0,"enemies":"R_Hoarder","floor":42.0,"turns":5.0},{"damage":18.0,"enemies":"Writhing Mass","floor":43.0,"turns":5.0},{"damage":41.0,"enemies":"Nemesis","floor":46.0,"turns":5.0},{"damage":0.0,"enemies":"Spire Growth","floor":48.0,"turns":4.0},{"damage":0.0,"enemies":"R_Hoarder","floor":49.0,"turns":5.0},{"damage":0,"enemies":"Transient","floor":50,"turns":5},{"damage":25,"enemies":"Donu and Deca","floor":52,"turns":8}],"seed_played":"7003884773680255441","potions_obtained":[{"floor":1.0,"key":"LiquidBronze"},{"floor":13.0,"key":"Explosive Potion"},{"floor":18.0,"key":"PowerPotion"},{"floor":20.0,"key":"EssenceOfSteel"},{"floor":35.0,"key":"Guardian:BlockOnCardUsePotion"},{"floor":37.0,"key":"EntropicBrew"}],"is_trial":false,"path_per_floor":["M","$","?","PTL","PTL","?","?","E","R","E","T","R","M","M","?","E","R","B",null,"M","?","$","?","M","NM","R","T","T","M","M","E","E","E","R","B",null,"M","?","M","AVR","M","E","M","R","T","E","R","M","E","M","R","B",null],"character_chosen":"DEFECT","items_purchased":["Ball Lightning","ClockworkSouvenir","Defragment","Sunder"],"campfire_rested":1,"item_purchase_floors":[2,22,22,22],"current_hp_per_floor":[68,68,50,50,50,50,32,32,32,37,37,37,37,44,80,52,52,59,75,80,80,80,80,78,78,78,78,78,76,76,68,51,45,69,75,79,78,78,57,57,64,78,60,60,60,26,26,33,40,47,47,29],"gold":719,"neow_bonus":"THREE_ENEMY_KILL","is_daily":false,"chose_seed":false,"campfire_upgraded":7,"win_rate":0.0,"timestamp":1612290456,"path_taken":["M","$","?","PTL","PTL","?","?","E","R","E","T","R","M","M","?","E","R","BOSS","M","?","$","?","M","NM","R","?","T","?","M","E","E","E","R","BOSS","M","?","M","AVR","M","E","M","R","T","E","R","M","E","M","R","BOSS"],"items_purchased_type":["Card","Relic","Card","Card"],"build_version":"2020-12-22","purchased_purges":2,"victory":true,"max_hp_per_floor":[75,75,75,75,75,75,75,75,75,80,80,80,80,80,80,80,80,80,80,80,80,80,80,80,80,80,80,80,80,80,80,80,80,80,80,80,80,80,80,80,80,80,80,80,80,80,80,80,80,80,80,80],"card_choices":[{"not_picked":["Panic Button","Leap"],"picked":"Streamline","floor":1.0},{"not_picked":["infinitespire:Menacing","ReplayTheSpireMod:Chaos Vortex"],"picked":"ReplayTheSpireMod:??????????????????????","floor":7.0},{"not_picked":["Stack","Streamline"],"picked":"Self Repair","floor":8.0},{"not_picked":["Darkness","Leap"],"picked":"hubris:PowerSurge","floor":10.0},{"not_picked":["Steam Power","Consume","Go for the Eyes"],"picked":"SKIP","floor":13.0},{"not_picked":["Cold Snap","Streamline"],"picked":"Ball Lightning","floor":14.0},{"not_picked":["Scrape","ReplaySolidLightProjector"],"picked":"Glacier","floor":16.0},{"not_picked":["All For One","hubris:Prefetch"],"picked":"Rainbow","floor":18.0},{"not_picked":["Aggregate+1","Steam"],"picked":"Heatsinks","floor":20.0},{"not_picked":["Sweeping Beam","Ball Lightning"],"picked":"Tempest","floor":24.0},{"not_picked":["infinitespire:SealOfDarkness+","infinitespire:Gouge"],"picked":"ReplayTheSpireMod:Book of Names","floor":25.0},{"not_picked":["Compile Driver","Fusion"],"picked":"White Noise","floor":25.0},{"not_picked":["Rebound","Ball Lightning","Redo"],"picked":"SKIP","floor":29.0},{"not_picked":["Hologram","Cold Snap","Compile Driver"],"picked":"SKIP","floor":30.0},{"not_picked":["Melter","Streamline","Redo"],"picked":"SKIP","floor":31.0},{"not_picked":["Skim","Hologram"],"picked":"FIFO Queue+1","floor":32.0},{"not_picked":["Auto Shields","hubris:Prefetch","Redo"],"picked":"SKIP","floor":33.0},{"not_picked":["Auto Shields","hubris:Prefetch"],"picked":"Redo","floor":33.0},{"not_picked":["ReplayRNGCard","Seek"],"picked":"Core Surge","floor":35.0},{"not_picked":["EmptyBody","Beam Cell","Streamline","FlurryOfBlows"],"picked":"SKIP","floor":37.0},{"not_picked":["Streamline","Stack+1","Doom and Gloom"],"picked":"Replay:AtTheReady+1","floor":39.0},{"not_picked":["Leap","Rip and Tear","Doom and Gloom","Compile Driver"],"picked":"SKIP","floor":41.0},{"not_picked":["Leap","Rip and Tear","Doom and Gloom"],"picked":"Compile Driver","floor":41.0},{"not_picked":["Replay:ManipulateFuture","Mirror Shield","Gash+1","Streamline+1"],"picked":"SKIP","floor":42.0},{"not_picked":["Protect","Conserve Battery","CrushJoints","Redo"],"picked":"SKIP","floor":43.0},{"not_picked":["Coolheaded","Seek","Replay:Battleflow"],"picked":"SpiritShield","floor":46.0},{"not_picked":["Chaos","Steam Power","Evaluate+1","ReplayTheSpireMod:Dual Polarity"],"picked":"SKIP","floor":48.0},{"not_picked":["Evaluate+1","Chaos","Sanctity"],"picked":"Capacitor","floor":49.0},{"not_picked":["Gash","Weave","Vengeance+1","Rebound"],"picked":"SKIP","floor":50}],"player_experience":954311,"relics_obtained":[{"floor":8.0,"key":"aspiration:DSix"},{"floor":10.0,"key":"Durian"},{"floor":11.0,"key":"Replay:Baseball"},{"floor":16.0,"key":"Bag of Preparation"},{"floor":25.0,"key":"trackpad:RapidFire"},{"floor":28.0,"key":"WingedGreaves"},{"floor":31.0,"key":"halation:PromiseList"},{"floor":32.0,"key":"Replay:Bottled Eggs"},{"floor":33.0,"key":"FossilizedHelix"},{"floor":42.0,"key":"Pen Nib"},{"floor":45.0,"key":"ReplayTheSpireMod:Shallot"},{"floor":46.0,"key":"Bag of Marbles"},{"floor":49.0,"key":"Art of War"}],"event_choices":[{"damage_healed":0.0,"max_hp_gain":0.0,"max_hp_loss":0.0,"gold_gain":0.0,"event_name":"Golden Idol","player_choice":"Take Damage","floor":3.0,"gold_loss":0.0,"damage_taken":18.0,"relics_obtained":["Golden Idol"]},{"damage_healed":0.0,"max_hp_gain":0.0,"max_hp_loss":0.0,"gold_gain":69.0,"event_name":"Golden Wing","player_choice":"Gained Gold","floor":6.0,"gold_loss":0.0,"damage_taken":0.0},{"damage_healed":36.0,"max_hp_gain":0.0,"max_hp_loss":0.0,"gold_gain":0.0,"event_name":"Wheel of Change","player_choice":"Full Heal","floor":15.0,"gold_loss":0.0,"damage_taken":0.0},{"damage_healed":0.0,"max_hp_gain":0.0,"max_hp_loss":0.0,"gold_gain":0.0,"event_name":"Vampires","player_choice":"Ignored","floor":21.0,"gold_loss":0.0,"damage_taken":0.0},{"damage_healed":0.0,"max_hp_gain":0.0,"max_hp_loss":0.0,"gold_gain":0.0,"event_name":"SecretPortal","player_choice":"Ignored","floor":38.0,"gold_loss":0.0,"damage_taken":0.0}],"is_beta":false,"boss_relics":[{"not_picked":["Philosopher\u0027s Stone","Black Star"],"picked":"energizedSpire:RedRose"},{"not_picked":["Tiny House","aspiration:BursterCore"],"picked":"aspiration:WatcherSkillbook"}],"items_purged_floors":[22,40],"is_endless":false,"potions_floor_spawned":[1,13,18,20,30,32,35,37,48,49,50],"ascension_level":12}}