{"host":"g7mkzn6qfoxkk5sz","time":1612246087,"event":{"mods":["BaseMod","Colored Map","Colored Powertips","Downfall","Minty Spire (QoL Compilation)","StSLib"],"gold_per_floor":[99,119,131,406,29,29,52,52,37,57,72,83,97,131,142,142,142,142],"floor_reached":16,"language":"ENG","playtime":713,"items_purged":["Regret"],"score":104,"play_id":"0e56b2e5-9591-443c-b485-9e52f188af42","local_time":"20210202080807","is_ascension_mode":false,"campfire_choices":[{"data":"Guardian:CurlUp","floor":1,"key":"SMITH"},{"data":"Guardian:PrimingBeam","floor":8,"key":"SMITH"}],"circlet_count":0,"master_deck":["Guardian:Strike_Guardian","Guardian:Strike_Guardian","Guardian:Strike_Guardian","Guardian:Strike_Guardian","Guardian:Defend_Guardian","Guardian:Defend_Guardian","Guardian:Defend_Guardian","Guardian:Defend_Guardian","Guardian:CurlUp+1","Guardian:TwinSlam","Guardian:GuardianWhirl","Guardian:PrimingBeam+1","Guardian:DecasProtection","Guardian:PrimingBeam","Guardian:Gem_Red","Guardian:Gem_Lightblue","Guardian:SentryBeam","Guardian:Gem_Lightblue","Guardian:TemporalStrike"],"relics":["Guardian:ModeShifter","Art of War","Turnip","Bag of Marbles","Pen Nib"],"acts_visited":["Exordium"],"potions_floor_usage":[14,14,16],"damage_taken":[{"damage":1,"enemies":"Cultist","floor":2,"turns":3},{"damage":5,"enemies":"Small Slimes","floor":3,"turns":4},{"damage":4,"enemies":"downfall:FleeingMerchant","floor":5,"turns":4},{"damage":5,"enemies":"downfall:FleeingMerchant","floor":9,"turns":4},{"damage":0,"enemies":"2 Louse","floor":10,"turns":2},{"damage":9,"enemies":"Gremlin Gang","floor":11,"turns":4},{"damage":11,"enemies":"Lots of Slimes","floor":12,"turns":4},{"damage":1,"enemies":"Exordium Wildlife","floor":13,"turns":4},{"damage":13,"enemies":"Lagavulin","floor":14,"turns":6},{"damage":6,"enemies":"2 Fungi Beasts","floor":15,"turns":4},{"damage":54,"enemies":"DF_ARCHETYPE_STREAMLINE","floor":16,"turns":9}],"seed_played":"835267916263796908","potions_obtained":[{"floor":2,"key":"ColorlessPotion"},{"floor":6,"key":"LiquidMemories"},{"floor":6,"key":"Guardian:AcceleratePotion"},{"floor":6,"key":"Regen Potion"},{"floor":12,"key":"Strength Potion"}],"is_trial":false,"path_per_floor":["R","M","M","?","$","?","T","R","$","M","M","M","M","E","M","B"],"character_chosen":"GUARDIAN","items_purchased":["Turnip"],"campfire_rested":0,"item_purchase_floors":[5],"current_hp_per_floor":[80,79,74,74,70,70,70,70,65,65,56,45,44,45,39,0,0,0],"gold":142,"neow_bonus":"RANDOM_COMMON_RELIC","is_daily":false,"chose_seed":false,"campfire_upgraded":2,"win_rate":0.0,"timestamp":1612246087,"path_taken":["R","M","?","?","?","?","T","R","$","M","M","M","?","E","M","BOSS"],"items_purchased_type":["Relic"],"build_version":"2020-12-22","purchased_purges":1,"victory":false,"max_hp_per_floor":[80,80,80,80,80,80,80,80,80,80,80,80,80,80,80,80,80,80],"card_choices":[{"not_picked":["Guardian:Gem_Purple","Guardian:Suspension"],"picked":"Guardian:GuardianWhirl","floor":2},{"not_picked":["Guardian:Preprogram","Guardian:Suspension"],"picked":"Guardian:Gem_Green","floor":3},{"not_picked":["Guardian:Reroute","Guardian:Gem_Fragmented"],"picked":"Guardian:PrimingBeam","floor":5},{"not_picked":["Guardian:Planning","Guardian:Gem_Blue"],"picked":"Guardian:DecasProtection","floor":9},{"not_picked":["Guardian:Suspension","Guardian:Gem_Fragmented"],"picked":"Guardian:PrimingBeam","floor":10},{"not_picked":["Guardian:PolyBeam","Guardian:Preprogram"],"picked":"Guardian:Gem_Red","floor":11},{"not_picked":["Guardian:Reroute","Guardian:Gem_Fragmented"],"picked":"Guardian:Gem_Lightblue","floor":12},{"not_picked":["Guardian:ChargeCore","Guardian:Gem_Green"],"picked":"Guardian:SentryBeam","floor":13},{"not_picked":["Guardian:SphericShield","Guardian:Preprogram"],"picked":"Guardian:Gem_Lightblue","floor":14},{"not_picked":["Guardian:Suspension","Guardian:Harden"],"picked":"Guardian:TemporalStrike","floor":15}],"player_experience":463263,"relics_obtained":[{"floor":7,"key":"Bag of Marbles"},{"floor":14,"key":"Pen Nib"}],"event_choices":[{"damage_healed":0,"gold_gain":0,"player_choice":"Got Potions","damage_taken":0,"max_hp_gain":0,"max_hp_loss":0,"event_name":"Lab","floor":6,"gold_loss":0}],"is_beta":false,"boss_relics":[],"items_purged_floors":[5],"is_endless":false,"potions_floor_spawned":[2,12,13],"killed_by":"DF_ARCHETYPE_STREAMLINE","ascension_level":0}}