{"host":"g","time":1612241224,"event":{"mods":["BaseMod","Bestiary","Block Reminder","Colored Powertips","Curses Come First","Highlight Path","Minty Spire (QoL Compilation)","Quick Restart","Relic Filter Mod","Relic Stats","StSLib","The Dragon Tamer","The Marked","everything is the same but u backflip on backflip"],"gold_per_floor":[115,131,15,15,15,15,15,15,15,43,43,58,133,166,166,244,244,257,274,274,292,292,292,322,322,372,25,25,55,10,22,22,96,96,116,116,116,116,130,130,156,170,170,6,17,0,0,19,19,19,19,19],"floor_reached":51,"language":"ENG","playtime":3940,"items_purged":["Strike_G"],"score":1588,"play_id":"da7bcefa-c1eb-4b32-837f-b2c6ed8d6b6c","local_time":"20210201214704","is_ascension_mode":true,"campfire_choices":[{"data":"Neutralize","floor":6.0,"key":"SMITH"},{"data":"Blade Dance","floor":8.0,"key":"SMITH"},{"data":"Deflect","floor":11.0,"key":"SMITH"},{"data":"Well Laid Plans","floor":15.0,"key":"SMITH"},{"data":"Predator","floor":23.0,"key":"SMITH"},{"data":"Envenom","floor":25.0,"key":"SMITH"},{"data":"Burst","floor":28.0,"key":"SMITH"},{"data":"Crippling Poison","floor":32.0,"key":"SMITH"},{"data":"After Image","floor":40,"key":"SMITH"},{"data":"Accuracy","floor":49,"key":"SMITH"}],"circlet_count":0,"master_deck":["AscendersBane","Strike_G","Defend_G+1","Defend_G","Defend_G","Defend_G","Defend_G","Survivor","Neutralize+1","Blade Dance+1","Storm of Steel+1","Accuracy+1","Deflect+1","Predator+1","Acrobatics","Well Laid Plans+1","Envenom+1","Endless Agony","Cloak And Dagger","Necronomicurse","Backflip","Burst+1","Crippling Poison+1","Backflip","After Image+1","PiercingWail","Flash of Steel","Bandage Up","Blade Dance+1","Prepared+1","Blade Dance","Terror","Deflect"],"relics":["Ring of the Serpent","Ninja Scroll","Unceasing Top","Ginger","Necronomicon","Letter Opener","Nunchaku","Lee\u0027s Waffle","Kunai","Black Star","Incense Burner","StrikeDummy","Red Mask"],"acts_visited":["Exordium","TheCity","TheBeyond"],"potions_floor_usage":[45],"damage_taken":[{"damage":7.0,"enemies":"Cultist","floor":1.0,"turns":5.0},{"damage":0.0,"enemies":"Jaw Worm","floor":2.0,"turns":4.0},{"damage":2.0,"enemies":"Gremlin Nob","floor":10.0,"turns":3.0},{"damage":0.0,"enemies":"Small Slimes","floor":12.0,"turns":1.0},{"damage":0.0,"enemies":"3 Sentries","floor":14.0,"turns":4.0},{"damage":2.0,"enemies":"Hexaghost","floor":16.0,"turns":7.0},{"damage":4.0,"enemies":"2 Thieves","floor":18.0,"turns":4.0},{"damage":0.0,"enemies":"Chosen","floor":19.0,"turns":3.0},{"damage":0.0,"enemies":"3 Cultists","floor":21.0,"turns":4.0},{"damage":24.0,"enemies":"Book of Stabbing","floor":24.0,"turns":4.0},{"damage":0.0,"enemies":"Gremlin Leader","floor":29.0,"turns":4.0},{"damage":1.0,"enemies":"Chosen and Byrds","floor":31.0,"turns":5.0},{"damage":6.0,"enemies":"Automaton","floor":33.0,"turns":8.0},{"damage":0,"enemies":"Orb Walker","floor":35,"turns":2},{"damage":0,"enemies":"3 Shapes","floor":39,"turns":7},{"damage":8,"enemies":"Giant Head","floor":41,"turns":6},{"damage":7,"enemies":"Jaw Worm Horde","floor":42,"turns":5},{"damage":0,"enemies":"Writhing Mass","floor":45,"turns":5},{"damage":0,"enemies":"Sphere and 2 Shapes","floor":48,"turns":5},{"damage":0,"enemies":"Awakened One","floor":50,"turns":19},{"damage":123,"enemies":"Time Eater","floor":51,"turns":12}],"seed_played":"6543887978000093072","potions_obtained":[{"floor":10.0,"key":"FairyPotion"},{"floor":14.0,"key":"Explosive Potion"},{"floor":16.0,"key":"Regen Potion"},{"floor":19.0,"key":"FearPotion"},{"floor":24.0,"key":"PowerPotion"},{"floor":41,"key":"ColorlessPotion"},{"floor":42,"key":"LiquidMemories"}],"is_trial":false,"path_per_floor":["M","M","$","$","?","R","?","R","T","E","R","M","?","E","R","B",null,"M","M","?","M","?","R","E","R","T","$","R","E","$","M","R","B",null,"M","?","?","?","M","R","E","M","T","$","M","?","$","M","R","B","B"],"character_chosen":"THE_SILENT","items_purchased":["Accuracy","Deflect","Lee\u0027s Waffle","Burst","Crippling Poison","Terror"],"campfire_rested":0,"item_purchase_floors":[3,3,27,27,30,44],"current_hp_per_floor":[52,52,52,52,34,34,27,27,27,25,25,25,14,14,14,12,48,56,56,56,56,35,35,11,11,11,67,67,67,67,66,66,60,65,65,60,60,60,64,64,56,53,53,53,57,57,57,61,61,64,0,0],"gold":19,"neow_bonus":"REMOVE_TWO","is_daily":false,"chose_seed":false,"campfire_upgraded":10,"win_rate":0.0,"timestamp":1612241224,"path_taken":["M","M","?","$","?","R","?","R","T","E","R","M","?","E","R","BOSS","M","M","?","M","?","R","E","R","T","?","R","E","$","M","R","BOSS","M","?","?","?","M","R","E","?","T","?","M","?","$","M","R","BOSS","BOSS"],"items_purchased_type":["Card","Card","Relic","Card","Card","Card"],"build_version":"2020-12-18","purchased_purges":1,"victory":false,"max_hp_per_floor":[60,60,60,60,60,60,60,60,60,60,60,60,60,60,60,60,60,60,60,60,60,60,60,60,60,60,67,67,67,67,67,67,67,67,67,67,64,64,64,64,64,64,64,64,64,64,64,64,64,64,64,64],"relic_stats":{"Nunchaku":[34],"Lee\u0027s Waffle":56,"counters":[21,117],"Necronomicon":[13],"Black Star":1,"Ginger":[12],"Letter Opener":[260],"Kunai":[87],"obtain_stats":[{"Lee\u0027s Waffle":27,"Incense Burner":41,"Ginger":14,"Letter Opener":24,"Nunchaku":26,"Ninja Scroll":9,"Necronomicon":22,"Black Star":34,"Red Mask":46,"Kunai":29,"StrikeDummy":41,"Unceasing Top":10,"Ring of the Serpent":17,"Ring of the Snake":0},{"Lee\u0027s Waffle":10,"Incense Burner":16,"Ginger":5,"Letter Opener":10,"Nunchaku":10,"Ninja Scroll":2,"Necronomicon":9,"Black Star":13,"Red Mask":18,"Kunai":11,"StrikeDummy":16,"Unceasing Top":3,"Ring of the Serpent":6,"Ring of the Snake":0},{"Lee\u0027s Waffle":39,"Incense Burner":71,"Ginger":17,"Letter Opener":39,"Nunchaku":39,"Ninja Scroll":9,"Necronomicon":35,"Black Star":56,"Red Mask":81,"Kunai":43,"StrikeDummy":71,"Unceasing Top":12,"Ring of the Serpent":24,"Ring of the Snake":0}],"Unceasing Top":[30]},"card_choices":[{"not_picked":["Deflect","Leg Sweep"],"picked":"Blade Dance","floor":1.0},{"not_picked":["Dodge and Roll","Flying Knee"],"picked":"Storm of Steel","floor":2.0},{"not_picked":["Underhanded Strike","Dagger Throw"],"picked":"Predator","floor":10.0},{"not_picked":["Dagger Spray","Deadly Poison"],"picked":"Acrobatics","floor":12.0},{"not_picked":["Dagger Throw","Poisoned Stab"],"picked":"Well Laid Plans","floor":14.0},{"not_picked":["Night Terror","Storm of Steel"],"picked":"Envenom","floor":16.0},{"not_picked":["Poisoned Stab+1","Acrobatics"],"picked":"Endless Agony","floor":18.0},{"not_picked":["Outmaneuver","Bane"],"picked":"Cloak And Dagger","floor":19.0},{"not_picked":["Underhanded Strike","Bouncing Flask","Eviscerate"],"picked":"SKIP","floor":21.0},{"not_picked":["Deflect","Finisher"],"picked":"Backflip","floor":24.0},{"not_picked":["Masterful Stab","Poisoned Stab","Deadly Poison"],"picked":"SKIP","floor":29.0},{"not_picked":["Caltrops","Dagger Throw+1"],"picked":"Backflip","floor":31.0},{"not_picked":["Tools of the Trade","Unload"],"picked":"After Image","floor":33.0},{"not_picked":["Slice","Sucker Punch"],"picked":"PiercingWail","floor":35},{"not_picked":["Impatience","Swift Strike"],"picked":"Flash of Steel","floor":36},{"not_picked":["Madness","Dramatic Entrance"],"picked":"Bandage Up","floor":36},{"not_picked":["Quick Slash","Eviscerate+1"],"picked":"Blade Dance+1","floor":39},{"not_picked":["Endless Agony","Acrobatics+1"],"picked":"Prepared+1","floor":41},{"not_picked":["Distraction","Acrobatics"],"picked":"Blade Dance","floor":42},{"not_picked":["Deflect","Heel Hook+1","Dagger Throw"],"picked":"SKIP","floor":45},{"not_picked":["Sucker Punch+1","Quick Slash"],"picked":"Deflect","floor":48}],"player_experience":3914060,"relics_obtained":[{"floor":9.0,"key":"Ninja Scroll"},{"floor":10.0,"key":"Unceasing Top"},{"floor":14.0,"key":"Ginger"},{"floor":22.0,"key":"Necronomicon"},{"floor":24.0,"key":"Letter Opener"},{"floor":26.0,"key":"Nunchaku"},{"floor":29.0,"key":"Kunai"},{"floor":41,"key":"Incense Burner"},{"floor":41,"key":"StrikeDummy"}],"event_choices":[{"damage_healed":0.0,"max_hp_gain":0.0,"max_hp_loss":0.0,"gold_gain":0.0,"event_name":"Shining Light","player_choice":"Entered Light","floor":5.0,"gold_loss":0.0,"damage_taken":18.0,"cards_upgraded":["Storm of Steel","Defend_G"]},{"cards_removed":["Strike_G"],"damage_healed":0.0,"max_hp_gain":0.0,"max_hp_loss":0.0,"gold_gain":0.0,"event_name":"Golden Wing","player_choice":"Card Removal","floor":7.0,"gold_loss":0.0,"damage_taken":7.0},{"damage_healed":0.0,"max_hp_gain":0.0,"max_hp_loss":0.0,"gold_gain":75.0,"event_name":"World of Goop","player_choice":"Gather Gold","floor":13.0,"gold_loss":0.0,"damage_taken":11.0},{"damage_healed":0.0,"max_hp_gain":0.0,"max_hp_loss":0.0,"gold_gain":0.0,"event_name":"Ghosts","player_choice":"Ignored","floor":20.0,"gold_loss":0.0,"damage_taken":0.0},{"damage_healed":0.0,"max_hp_gain":0.0,"max_hp_loss":0.0,"gold_gain":0.0,"event_name":"Cursed Tome","player_choice":"Obtained Book","floor":22.0,"gold_loss":0.0,"damage_taken":21.0},{"damage_healed":0,"gold_gain":0,"player_choice":"Memory 2","damage_taken":5,"max_hp_gain":0,"max_hp_loss":0,"event_name":"SensoryStone","floor":36,"gold_loss":0},{"damage_healed":0,"gold_gain":0,"player_choice":"Max HP","damage_taken":0,"max_hp_gain":0,"max_hp_loss":3,"event_name":"Winding Halls","floor":37,"gold_loss":0},{"damage_healed":0,"gold_gain":0,"player_choice":"Ignored","damage_taken":0,"max_hp_gain":0,"max_hp_loss":0,"event_name":"SecretPortal","floor":38,"gold_loss":0},{"damage_healed":0,"gold_gain":0,"player_choice":"Paid","damage_taken":0,"relics_obtained":["Red Mask"],"max_hp_gain":0,"max_hp_loss":0,"event_name":"Tomb of Lord Red Mask","floor":46,"gold_loss":17}],"is_beta":true,"boss_relics":[{"not_picked":["Empty Cage","Tiny House"],"picked":"Ring of the Serpent"},{"not_picked":["Pandora\u0027s Box","Calling Bell"],"picked":"Black Star"}],"items_purged_floors":[44],"is_endless":false,"potions_floor_spawned":[10,14,16,19,24,41,42],"killed_by":"Time Eater","ascension_level":20}}