{"host":"n23juj4d9qam5hh1","time":1612307594,"event":{"mods":["BaseMod","Better Note","BetterRewards","Displayed Cursed Tome","Infinite Spire","Minty Spire (QoL Compilation)","Relic Stats","StSLib","Thieving Mod"],"gold_per_floor":[118,133,54,66,84,84,84,102,102,102,102,102,119,119,119,215,215,225,116,116,130,155,155,165,199,199,229,110,25,44,57,57,153,153,170,222,232,157,171,171,185,185,185,185,219,219,219,232,232,232,232],"floor_reached":50,"language":"ENG","playtime":5603,"items_purged":["Cold Snap"],"score":632,"play_id":"cb55bf64-295a-4de3-954d-0434ed81840c","local_time":"20210202181314","is_ascension_mode":true,"campfire_choices":[{"data":"Chaos","floor":6,"key":"SMITH"},{"data":"Dualcast","floor":10,"key":"SMITH"},{"data":"Zap","floor":12,"key":"SMITH"},{"data":"Biased Cognition","floor":15,"key":"SMITH"},{"floor":23,"key":"REST"},{"floor":32,"key":"REST"},{"data":"Defragment","floor":40,"key":"SMITH"},{"floor":42,"key":"REST"},{"data":"Buffer","floor":44,"key":"SMITH"},{"data":"Storm","floor":47,"key":"SMITH"},{"data":"Fusion","floor":49,"key":"SMITH"}],"circlet_count":0,"master_deck":["Zap+1","Dualcast+1","Leap+1","FTL","BootSequence","Chaos+1","Biased Cognition+1","Steam","Core Surge","Reboot+1","Rip and Tear","Defragment+1","Cold Snap","Amplify","Scrape","BootSequence","Fusion+1","Storm+1","Glacier","Ball Lightning","Buffer+1","Cold Snap","Doom and Gloom","Steam+1","Self Repair","Redo+1","Rainbow+1","Darkness+1","Reboot+1","Turbo+1","Coolheaded+1","Coolheaded+1","Steam Power+1","Static Discharge+1"],"relics":["Cracked Core","Omamori","Matryoshka","Pandora\u0027s Box","Red Mask","infinitespire:CursedDice","Happy Flower","Toxic Egg 2","Bronze Scales","Ice Cream","Inserter","Calipers","Boot","War Paint","PreservedInsect"],"acts_visited":["Exordium","TheCity","TheBeyond"],"potions_floor_usage":[4],"damage_taken":[{"damage":2,"enemies":"Jaw Worm","floor":1,"turns":3},{"damage":0,"enemies":"2 Louse","floor":2,"turns":3},{"damage":0,"enemies":"Cultist","floor":4,"turns":4},{"damage":3,"enemies":"Blue Slaver","floor":5,"turns":3},{"damage":2,"enemies":"Large Slime","floor":8,"turns":6},{"damage":0,"enemies":"2 Fungi Beasts","floor":13,"turns":3},{"damage":20,"enemies":"Slime Boss","floor":16,"turns":10},{"damage":13,"enemies":"2 Thieves","floor":18,"turns":4},{"damage":0,"enemies":"Shell Parasite","floor":21,"turns":4},{"damage":29,"enemies":"Masked Bandits","floor":22,"turns":5},{"damage":0,"enemies":"Snake Plant","floor":24,"turns":4},{"damage":50,"enemies":"Slavers","floor":25,"turns":5},{"damage":0,"enemies":"Book of Stabbing","floor":27,"turns":6},{"damage":4,"enemies":"Shelled Parasite and Fungi","floor":30,"turns":4},{"damage":1,"enemies":"Centurion and Healer","floor":31,"turns":5},{"damage":42,"enemies":"Collector","floor":33,"turns":11},{"damage":12,"enemies":"3 Shapes","floor":35,"turns":5},{"damage":40,"enemies":"2 Orb Walkers","floor":36,"turns":4},{"damage":0,"enemies":"Orb Walker","floor":37,"turns":3},{"damage":17,"enemies":"Transient","floor":39,"turns":5},{"damage":0,"enemies":"Jaw Worm Horde","floor":41,"turns":5},{"damage":24,"enemies":"Nemesis","floor":45,"turns":7},{"damage":3,"enemies":"Spire Growth","floor":48,"turns":4},{"damage":106,"enemies":"Awakened One","floor":50,"turns":10}],"seed_played":"1416941751710398568","potions_obtained":[{"floor":1,"key":"Swift Potion"},{"floor":2,"key":"Ancient Potion"},{"floor":5,"key":"SpeedPotion"},{"floor":22,"key":"Dexterity Potion"},{"floor":24,"key":"DuplicationPotion"},{"floor":31,"key":"PotionOfCapacity"},{"floor":37,"key":"FairyPotion"}],"is_trial":false,"path_per_floor":["M","M","$","M","M","R","?","M","T","R","?","R","M","?","R","B",null,"M","$","?","M","?","R","M","E","T","E","$","?","M","M","R","B",null,"M","?","M","$","M","R","M","R","T","R","E","?","R","M","R","B"],"character_chosen":"DEFECT","items_purchased":["FTL","Storm","Glacier","Self Repair","Redo+1"],"campfire_rested":3,"item_purchase_floors":[3,19,19,28,28],"current_hp_per_floor":[73,73,73,73,70,70,70,68,68,68,68,68,68,61,61,41,75,62,62,62,62,33,55,55,5,5,5,5,5,1,34,56,21,75,70,37,44,44,34,34,34,56,56,56,39,75,75,75,75,0,0],"gold":232,"neow_bonus":"RANDOM_COMMON_RELIC","is_daily":false,"chose_seed":false,"campfire_upgraded":8,"win_rate":0.0,"timestamp":1612307594,"path_taken":["M","M","$","M","M","R","?","M","T","R","?","R","M","?","R","BOSS","M","?","?","M","?","R","M","E","T","E","$","?","M","M","R","BOSS","M","?","M","$","M","R","M","R","T","R","E","?","R","?","R","BOSS"],"items_purchased_type":["Card","Card","Card","Card","Card"],"build_version":"2020-12-22","purchased_purges":1,"victory":false,"max_hp_per_floor":[75,75,75,75,75,75,75,75,75,75,75,75,75,75,75,75,75,75,75,75,75,75,75,75,75,75,75,75,75,75,75,75,75,75,75,75,75,75,75,75,75,75,75,75,75,75,75,75,75,75,75],"relic_stats":{"Inserter":[21],"Happy Flower":[23],"counters":[24,123],"Bronze Scales":[213],"Pandora\u0027s Box":["Reboot","Rip and Tear","Defragment","Cold Snap","Tempest","Amplify","Scrape","BootSequence"],"PreservedInsect":0,"War Paint":["Reboot","Leap"],"Boot":[28],"obtain_stats":[{"Ice Cream":29,"Inserter":34,"Calipers":36,"Happy Flower":26,"infinitespire:CursedDice":25,"PreservedInsect":45,"Omamori":0,"War Paint":43,"Boot":43,"Matryoshka":9,"Bronze Scales":27,"Pandora\u0027s Box":17,"Red Mask":22,"Toxic Egg 2":26,"Cracked Core":0},{"Ice Cream":13,"Inserter":16,"Calipers":18,"Happy Flower":12,"infinitespire:CursedDice":12,"PreservedInsect":22,"Omamori":0,"War Paint":21,"Boot":21,"Matryoshka":5,"Bronze Scales":13,"Pandora\u0027s Box":7,"Red Mask":10,"Toxic Egg 2":12,"Cracked Core":0},{"Ice Cream":60,"Inserter":80,"Calipers":89,"Happy Flower":54,"infinitespire:CursedDice":54,"PreservedInsect":109,"Omamori":0,"War Paint":102,"Boot":102,"Matryoshka":19,"Bronze Scales":60,"Pandora\u0027s Box":32,"Red Mask":45,"Toxic Egg 2":54,"Cracked Core":0}]},"card_choices":[{"not_picked":["Streamline","Compile Driver"],"picked":"Cold Snap","floor":1},{"not_picked":["Rebound","Hello World"],"picked":"Leap","floor":2},{"not_picked":["Undo","Hologram"],"picked":"BootSequence","floor":4},{"not_picked":["Compile Driver","Turbo"],"picked":"Chaos","floor":5},{"not_picked":["Redo","Gash"],"picked":"Biased Cognition","floor":8},{"not_picked":["Hologram","BootSequence"],"picked":"Steam","floor":13},{"not_picked":["Thunder Strike","Amplify"],"picked":"Core Surge","floor":16},{"not_picked":["Gash","Rebound"],"picked":"Fusion","floor":18},{"not_picked":["Stack+1","Beam Cell"],"picked":"Ball Lightning","floor":21},{"not_picked":["Gash","Turbo+1"],"picked":"Buffer","floor":22},{"not_picked":["Beam Cell","Stack"],"picked":"Cold Snap","floor":24},{"not_picked":["Skim","Darkness"],"picked":"Doom and Gloom","floor":25},{"not_picked":["Rebound+1","Gash"],"picked":"Steam+1","floor":27},{"not_picked":["Sweeping Beam","Storm+1"],"picked":"Rainbow+1","floor":30},{"not_picked":["Steam+1","Coolheaded+1"],"picked":"Darkness+1","floor":31},{"not_picked":["Fission+1","Core Surge"],"picked":"Reboot+1","floor":33},{"not_picked":["Rebound+1","Hello World+1"],"picked":"Turbo+1","floor":35},{"not_picked":["Rebound","Ball Lightning"],"picked":"Coolheaded+1","floor":36},{"not_picked":["Rebound","Go for the Eyes+1","Reprogram+1"],"picked":"SKIP","floor":37},{"not_picked":["Leap+1","Steam+1"],"picked":"Coolheaded+1","floor":39},{"not_picked":["All For One","Stack+1"],"picked":"Steam Power+1","floor":41},{"not_picked":["Cold Snap+1","Force Field+1"],"picked":"Static Discharge+1","floor":45},{"not_picked":["Genetic Algorithm+1","Go for the Eyes","Leap+1"],"picked":"SKIP","floor":48}],"player_experience":279163,"relics_obtained":[{"floor":9,"key":"Matryoshka"},{"floor":22,"key":"Red Mask"},{"floor":25,"key":"infinitespire:CursedDice"},{"floor":26,"key":"Happy Flower"},{"floor":26,"key":"Toxic Egg 2"},{"floor":27,"key":"Bronze Scales"},{"floor":36,"key":"Calipers"},{"floor":43,"key":"Boot"},{"floor":43,"key":"War Paint"},{"floor":45,"key":"PreservedInsect"}],"event_choices":[{"damage_healed":0,"gold_gain":0,"player_choice":"Leave","damage_taken":0,"max_hp_gain":0,"max_hp_loss":0,"event_name":"The Cleric","floor":11,"gold_loss":0},{"damage_healed":0,"gold_gain":0,"player_choice":"Damaged","damage_taken":7,"max_hp_gain":0,"max_hp_loss":0,"event_name":"Wheel of Change","floor":14,"gold_loss":0},{"damage_healed":0,"gold_gain":0,"player_choice":"Ignored","damage_taken":0,"max_hp_gain":0,"max_hp_loss":0,"event_name":"Vampires","floor":20,"gold_loss":0},{"damage_healed":0,"gold_gain":0,"player_choice":"Fought Bandits","damage_taken":0,"max_hp_gain":0,"max_hp_loss":0,"event_name":"Masked Bandits","floor":22,"gold_loss":0},{"damage_healed":0,"gold_gain":0,"player_choice":"Obtained Relic","damage_taken":0,"relics_obtained":["Ice Cream"],"max_hp_gain":0,"max_hp_loss":0,"event_name":"Addict","floor":29,"gold_loss":85},{"damage_healed":0,"gold_gain":0,"player_choice":"Fight","damage_taken":0,"max_hp_gain":0,"max_hp_loss":0,"event_name":"Mysterious Sphere","floor":36,"gold_loss":0},{"cards_removed":["Tempest"],"damage_healed":36,"gold_gain":0,"player_choice":"Offered Uncommon","damage_taken":0,"max_hp_gain":0,"max_hp_loss":0,"event_name":"Bonfire Elementals","floor":46,"gold_loss":0}],"is_beta":false,"boss_relics":[{"not_picked":["Sozu","Fusion Hammer"],"picked":"Pandora\u0027s Box"},{"not_picked":["Black Star","Runic Dome"],"picked":"Inserter"}],"items_purged_floors":[38],"is_endless":false,"potions_floor_spawned":[1,2,5,22,24,25,30,31,35,37,48],"killed_by":"Awakened One","ascension_level":4}}