{"host":"n43wxkei7kulhi8o","time":1612309144,"event":{"mods":["AchievementEnabler","BaseMod","Bestiary","Block Reminder","Colored Map","Colored Powertips","Curses Come First","Custom Start","Dark Map","Highlight Path","Minty Spire (QoL Compilation)","Quick Restart","Relic Stats","StSLib"],"gold_per_floor":[117,117,117,117,131,131,156,187,268,268,281,281,246,267,267,396,396,410,410,430,445,465,465,483,499,499,515,533,533,557,557,557],"floor_reached":31,"language":"ENG","playtime":775,"items_purged":[],"score":233,"play_id":"73753085-f78c-4e32-b69e-fb5f8277eafb","local_time":"20210202183904","is_ascension_mode":false,"campfire_choices":[{"data":"Zap","floor":6,"key":"SMITH"},{"floor":10,"key":"REST"},{"data":"Dualcast","floor":12,"key":"SMITH"},{"data":"Coolheaded","floor":15,"key":"SMITH"},{"floor":23,"key":"REST"},{"floor":29,"key":"REST"}],"circlet_count":0,"master_deck":["Strike_B","Strike_B","Strike_B","Strike_B","Defend_B","Defend_B","Defend_B","Defend_B","Zap+1","Dualcast+1","Ball Lightning","Sweeping Beam","Ball Lightning","Ball Lightning","Coolheaded+1","Melter+1"],"relics":["Cracked Core","Incense Burner","Golden Idol","Odd Mushroom","Shuriken","Inserter","Kunai","Nunchaku"],"acts_visited":["Exordium","TheCity"],"potions_floor_usage":[16,22],"damage_taken":[{"damage":1,"enemies":"Jaw Worm","floor":1,"turns":3},{"damage":2,"enemies":"2 Louse","floor":5,"turns":2},{"damage":0,"enemies":"Cultist","floor":7,"turns":2},{"damage":6,"enemies":"The Mushroom Lair","floor":8,"turns":3},{"damage":0,"enemies":"3 Louse","floor":11,"turns":2},{"damage":7,"enemies":"Blue Slaver","floor":14,"turns":2},{"damage":22,"enemies":"Hexaghost","floor":16,"turns":7},{"damage":3,"enemies":"Spheric Guardian","floor":18,"turns":3},{"damage":18,"enemies":"3 Byrds","floor":20,"turns":4},{"damage":2,"enemies":"Snecko","floor":21,"turns":5},{"damage":6,"enemies":"Cultist and Chosen","floor":22,"turns":4},{"damage":0,"enemies":"Chosen and Byrds","floor":24,"turns":4},{"damage":37,"enemies":"Snake Plant","floor":25,"turns":4},{"damage":33,"enemies":"Snecko","floor":27,"turns":7},{"damage":16,"enemies":"3 Cultists","floor":28,"turns":4},{"damage":25,"enemies":"Centurion and Healer","floor":30,"turns":5},{"damage":26,"enemies":"Book of Stabbing","floor":31,"turns":2}],"seed_played":"3842518006299103197","potions_obtained":[{"floor":1,"key":"AttackPotion"},{"floor":3,"key":"FairyPotion"},{"floor":3,"key":"GamblersBrew"},{"floor":21,"key":"AttackPotion"},{"floor":22,"key":"SteroidPotion"},{"floor":25,"key":"FairyPotion"},{"floor":27,"key":"ColorlessPotion"}],"is_trial":false,"path_per_floor":["M","?","?","$","M","R","M","?","T","R","M","R","?","M","R","B",null,"M","?","M","M","M","R","M","M","T","M","M","R","M","E"],"character_chosen":"DEFECT","items_purchased":[],"campfire_rested":3,"item_purchase_floors":[],"current_hp_per_floor":[53,35,35,35,33,33,33,27,27,49,49,49,67,60,60,38,75,72,72,54,52,46,68,68,31,31,22,6,28,3,0,0],"gold":557,"neow_bonus":"ONE_RARE_RELIC","is_daily":false,"chose_seed":false,"campfire_upgraded":3,"win_rate":0.0,"timestamp":1612309144,"path_taken":["M","?","?","$","?","R","M","?","T","R","M","R","?","M","R","BOSS","M","?","M","M","M","R","M","M","T","M","M","R","?","E"],"items_purchased_type":[],"build_version":"2020-12-22","purchased_purges":0,"victory":false,"max_hp_per_floor":[75,75,75,75,75,75,75,75,75,75,75,75,75,75,75,75,75,75,75,75,75,75,75,75,75,75,75,75,75,75,75,75],"relic_stats":{"Nunchaku":[3],"Inserter":[21],"counters":[17,63],"Golden Idol":80,"Shuriken":[15],"Kunai":[9],"obtain_stats":[{"Nunchaku":26,"Inserter":17,"Golden Idol":2,"Shuriken":9,"Incense Burner":0,"Kunai":19,"Odd Mushroom":8,"Cracked Core":0},{"Nunchaku":13,"Inserter":7,"Golden Idol":1,"Shuriken":4,"Incense Burner":0,"Kunai":8,"Odd Mushroom":4,"Cracked Core":0},{"Nunchaku":45,"Inserter":21,"Golden Idol":3,"Shuriken":10,"Incense Burner":0,"Kunai":24,"Odd Mushroom":10,"Cracked Core":0}]},"card_choices":[{"not_picked":["Hello World","Capacitor"],"picked":"Ball Lightning","floor":1},{"not_picked":["Storm","Beam Cell"],"picked":"Sweeping Beam","floor":5},{"not_picked":["Lockon","Redo","Undo"],"picked":"SKIP","floor":7},{"not_picked":["Gash","Stack"],"picked":"Ball Lightning","floor":8},{"not_picked":["Storm","Compile Driver"],"picked":"Ball Lightning","floor":11},{"not_picked":["Skim","White Noise"],"picked":"Coolheaded","floor":14},{"not_picked":["BootSequence","Gash","Redo"],"picked":"SKIP","floor":18},{"not_picked":["Recycle","Beam Cell","Stack"],"picked":"SKIP","floor":20},{"not_picked":["Ball Lightning","Double Energy","Aggregate"],"picked":"SKIP","floor":21},{"not_picked":["Redo","Turbo+1"],"picked":"Melter+1","floor":22},{"not_picked":["Aggregate","Cold Snap","Stack+1"],"picked":"SKIP","floor":24},{"not_picked":["Consume","Steam Power","Redo+1"],"picked":"SKIP","floor":25},{"not_picked":["Go for the Eyes","White Noise","BootSequence+1"],"picked":"SKIP","floor":27},{"not_picked":["Rainbow","Self Repair","Ball Lightning"],"picked":"SKIP","floor":28},{"not_picked":["Doom and Gloom","Gash+1","Cold Snap"],"picked":"SKIP","floor":30}],"player_experience":671128,"relics_obtained":[{"floor":8,"key":"Odd Mushroom"},{"floor":9,"key":"Shuriken"},{"floor":26,"key":"Nunchaku"}],"event_choices":[{"damage_healed":0,"gold_gain":0,"player_choice":"Take Damage","damage_taken":18,"relics_obtained":["Golden Idol"],"max_hp_gain":0,"max_hp_loss":0,"event_name":"Golden Idol","floor":2,"gold_loss":0},{"damage_healed":0,"gold_gain":0,"player_choice":"Got Potions","damage_taken":0,"max_hp_gain":0,"max_hp_loss":0,"event_name":"Lab","floor":3,"gold_loss":0},{"damage_healed":0,"gold_gain":0,"player_choice":"Fought Mushrooms","damage_taken":0,"max_hp_gain":0,"max_hp_loss":0,"event_name":"Mushrooms","floor":8,"gold_loss":0},{"damage_healed":18,"gold_gain":0,"player_choice":"Healed","damage_taken":0,"max_hp_gain":0,"max_hp_loss":0,"event_name":"The Cleric","floor":13,"gold_loss":35},{"damage_healed":0,"gold_gain":0,"player_choice":"Gave Potion","damage_taken":0,"relics_obtained":["Kunai"],"max_hp_gain":0,"max_hp_loss":0,"event_name":"WeMeetAgain","floor":19,"gold_loss":0}],"is_beta":false,"boss_relics":[{"not_picked":["FrozenCore","Nuclear Battery"],"picked":"Inserter"}],"items_purged_floors":[],"is_endless":false,"potions_floor_spawned":[1,5,11,21,22,25,27,30],"killed_by":"Book of Stabbing","ascension_level":0}}