{"host":"qm4rv4rkpk76sbxu","time":1612271681,"event":{"mods":["BaseMod","Bestiary","Block Reminder","DeckTracker","Filter the Spire","Keyboard Shortcuts","Minty Spire (QoL Compilation)","MonsterHotkey","Quick Restart","Random Character Button","Relic Stats","Slay-I","StSLib","Unceasing Turn Reminder","ojb\u0027s Better Paths Mod","ojb\u0027s Info Mod"],"gold_per_floor":[109,109,109,126,146,176,176,211,211,231,231,251,251,285,285,381,381,392,392,420,449,461,505,517,555,594,606,618,0,35,54,54,153,153,165,165,177,187,32,65,65,98,180,199,199,233,233,233,233,233,233,233,38,66,66,66],"floor_reached":55,"language":"ENG","playtime":2944,"items_purged":["Shame"],"score":1112,"play_id":"9c0bfde1-ffd1-44d9-97a1-02e7fb44a0e8","local_time":"20210202141441","is_ascension_mode":true,"campfire_choices":[{"data":"The Bomb","floor":7.0,"key":"SMITH"},{"data":"Calculated Gamble","floor":11.0,"key":"SMITH"},{"data":"1","floor":15.0,"key":"LIFT"},{"data":"2","floor":27.0,"key":"LIFT"},{"data":"3","floor":32.0,"key":"LIFT"},{"data":"Concentrate","floor":45.0,"key":"SMITH"},{"data":"Night Terror","floor":47.0,"key":"SMITH"},{"floor":49.0,"key":"RECALL"},{"floor":52.0,"key":"REST"}],"circlet_count":0,"master_deck":["Strike_G+1","Strike_G+1","Strike_G+1","Strike_G+1","Defend_G+1","Defend_G+1","Defend_G+1","Defend_G+1","Defend_G+1","Survivor+1","Neutralize+1","Slice+1","Leg Sweep+1","Backflip+1","Calculated Gamble+1","Deflect+1","Backstab+1","Acrobatics+1","Slice+1","Unload+1","Underhanded Strike+1","Backflip+1","Cloak And Dagger+1","Reflex+1","Reflex+1","Terror+1","Corpse Explosion+1","Acrobatics+1","Die Die Die+1","Concentrate+1","Madness+1","Madness+1","Night Terror+1","Outmaneuver+1","Riddle With Holes+1","Prepared+1","Night Terror+1","Finisher+1","Dark Shackles","Reflex"],"relics":["Ring of the Snake","Tough Bandages","GremlinMask","The Specimen","Ornamental Fan","Girya","Happy Flower","WristBlade","MawBank","StoneCalendar","Dream Catcher","Whetstone","Lantern","Oddly Smooth Stone","Toolbox","Bronze Scales","Runic Pyramid","ClockworkSouvenir","War Paint","Omamori","Orichalcum","Mark of the Bloom","Art of War"],"acts_visited":["Exordium","TheCity","TheBeyond","TheEnding"],"potions_floor_usage":[55,55,55],"damage_taken":[{"damage":6.0,"enemies":"2 Louse","floor":1.0,"turns":3.0},{"damage":1.0,"enemies":"Cultist","floor":4.0,"turns":4.0},{"damage":0.0,"enemies":"Small Slimes","floor":5.0,"turns":5.0},{"damage":3.0,"enemies":"Lagavulin","floor":6.0,"turns":8.0},{"damage":11.0,"enemies":"3 Sentries","floor":8.0,"turns":3.0},{"damage":0.0,"enemies":"Red Slaver","floor":10.0,"turns":4.0},{"damage":0.0,"enemies":"3 Louse","floor":12.0,"turns":3.0},{"damage":11.0,"enemies":"Lagavulin","floor":14.0,"turns":9.0},{"damage":17.0,"enemies":"Slime Boss","floor":16.0,"turns":11.0},{"damage":0.0,"enemies":"3 Byrds","floor":18.0,"turns":7.0},{"damage":3.0,"enemies":"Shell Parasite","floor":20.0,"turns":5.0},{"damage":3.0,"enemies":"Shelled Parasite and Fungi","floor":21.0,"turns":5.0},{"damage":8.0,"enemies":"Gremlin Leader","floor":23.0,"turns":5.0},{"damage":11.0,"enemies":"Book of Stabbing","floor":25.0,"turns":5.0},{"damage":0.0,"enemies":"Slavers","floor":30.0,"turns":3.0},{"damage":0.0,"enemies":"Sentry and Sphere","floor":31.0,"turns":2.0},{"damage":45.0,"enemies":"Champ","floor":33.0,"turns":7.0},{"damage":0.0,"enemies":"3 Darklings","floor":35.0,"turns":2.0},{"damage":0.0,"enemies":"3 Shapes","floor":37.0,"turns":2.0},{"damage":0.0,"enemies":"Writhing Mass","floor":38.0,"turns":4.0},{"damage":0.0,"enemies":"Reptomancer","floor":40.0,"turns":4.0},{"damage":0.0,"enemies":"Nemesis","floor":42.0,"turns":5.0},{"damage":0.0,"enemies":"3 Darklings","floor":44.0,"turns":2.0},{"damage":14.0,"enemies":"Giant Head","floor":46.0,"turns":6.0},{"damage":23.0,"enemies":"Awakened One","floor":50.0,"turns":7.0},{"damage":0.0,"enemies":"Shield and Spear","floor":54.0,"turns":3.0},{"damage":35,"enemies":"The Heart","floor":55,"turns":8}],"seed_played":"-777988491961760107","potions_obtained":[{"floor":4.0,"key":"Swift Potion"},{"floor":6.0,"key":"SpeedPotion"},{"floor":8.0,"key":"SkillPotion"},{"floor":10.0,"key":"SkillPotion"},{"floor":14.0,"key":"AttackPotion"},{"floor":18.0,"key":"Energy Potion"},{"floor":21.0,"key":"SkillPotion"},{"floor":23.0,"key":"BlessingOfTheForge"},{"floor":30.0,"key":"CunningPotion"},{"floor":38.0,"key":"SpeedPotion"},{"floor":40.0,"key":"Dexterity Potion"},{"floor":46.0,"key":"AttackPotion"},{"floor":54.0,"key":"Ancient Potion"}],"is_trial":false,"path_per_floor":["M","?","?","M","M","E","R","E","T","M","R","M","?","E","R","B",null,"M","?","M","M","?","E","$","E","T","R","?","$","E","M","R","B",null,"M","?","M","M","$","E","?","E","T","M","R","E","R","?","R","B",null,"R","$","E","B"],"character_chosen":"THE_SILENT","items_purchased":["Lantern","Oddly Smooth Stone","EntropicBrew","Toolbox","ClockworkSouvenir","CultistPotion","Dark Shackles"],"campfire_rested":1,"item_purchase_floors":[29,29,29,29,39,53,53],"current_hp_per_floor":[43,40,40,39,39,36,36,25,25,25,25,25,80,69,69,52,80,80,80,77,74,74,66,66,55,55,55,55,55,55,55,55,10,80,80,70,70,70,70,70,70,70,70,70,70,56,56,56,56,33,33,33,33,33,0,0],"gold":66,"neow_bonus":"RANDOM_COLORLESS_2","is_daily":false,"chose_seed":false,"campfire_upgraded":4,"win_rate":0.0,"timestamp":1612271681,"path_taken":["M","?","?","M","M","E","R","E","T","M","R","?","?","E","R","BOSS","M","?","M","M","?","E","?","E","T","R","?","$","E","M","R","BOSS","M","?","M","M","$","E","?","E","T","M","R","E","R","?","R","BOSS","R","$","E","BOSS"],"items_purchased_type":["Relic","Relic","Potion","Relic","Relic","Potion","Card"],"build_version":"2020-12-22","purchased_purges":1,"victory":false,"max_hp_per_floor":[70,70,70,70,70,70,70,70,70,70,70,70,80,80,80,80,80,80,80,80,80,80,80,80,80,80,80,80,80,80,80,80,80,80,80,80,80,80,80,80,80,80,80,80,80,80,80,80,80,80,80,80,80,80,80,80],"relic_stats":{"Mark of the Bloom":104,"Happy Flower":[31],"counters":[27,132],"StoneCalendar":[81],"Whetstone":["Strike_G","Slice"],"War Paint":["Leg Sweep","Defend_G"],"Orichalcum":[0],"MawBank":120,"Tough Bandages":[741],"Dream Catcher":1,"Ornamental Fan":[316],"Bronze Scales":[235],"Art of War":[3],"obtain_stats":[{"Girya":9,"Lantern":29,"Mark of the Bloom":48,"The Specimen":6,"Happy Flower":14,"Oddly Smooth Stone":29,"GremlinMask":3,"StoneCalendar":23,"Omamori":42,"Whetstone":26,"War Paint":40,"Orichalcum":46,"MawBank":19,"ClockworkSouvenir":39,"Tough Bandages":2,"Dream Catcher":25,"WristBlade":17,"Ornamental Fan":8,"Bronze Scales":30,"Toolbox":29,"Art of War":54,"Ring of the Snake":0,"Runic Pyramid":34},{"Girya":5,"Lantern":14,"Mark of the Bloom":24,"The Specimen":4,"Happy Flower":8,"Oddly Smooth Stone":14,"GremlinMask":1,"StoneCalendar":13,"Omamori":22,"Whetstone":14,"War Paint":21,"Orichalcum":24,"MawBank":10,"ClockworkSouvenir":20,"Tough Bandages":1,"Dream Catcher":14,"WristBlade":9,"Ornamental Fan":5,"Bronze Scales":15,"Toolbox":14,"Art of War":26,"Ring of the Snake":0,"Runic Pyramid":17},{"Girya":23,"Lantern":77,"Mark of the Bloom":114,"The Specimen":20,"Happy Flower":39,"Oddly Smooth Stone":77,"GremlinMask":3,"StoneCalendar":72,"Omamori":106,"Whetstone":77,"War Paint":101,"Orichalcum":114,"MawBank":57,"ClockworkSouvenir":97,"Tough Bandages":3,"Dream Catcher":77,"WristBlade":50,"Ornamental Fan":23,"Bronze Scales":80,"Toolbox":77,"Art of War":124,"Ring of the Snake":0,"Runic Pyramid":89}],"Ring of the Snake":[54]},"card_choices":[{"not_picked":["Thinking Ahead","Secret Weapon"],"picked":"The Bomb","floor":0.0},{"not_picked":["Outmaneuver","Flying Knee"],"picked":"Slice","floor":1.0},{"not_picked":["Footwork","Escape Plan"],"picked":"Leg Sweep","floor":4.0},{"not_picked":["Crippling Poison","Flying Knee"],"picked":"Backflip","floor":5.0},{"not_picked":["PiercingWail","Poisoned Stab"],"picked":"Calculated Gamble","floor":6.0},{"not_picked":["Doppelganger","A Thousand Cuts"],"picked":"Deflect","floor":8.0},{"not_picked":["Noxious Fumes","Backflip"],"picked":"Backstab","floor":10.0},{"not_picked":["Outmaneuver","Dagger Spray"],"picked":"Acrobatics","floor":12.0},{"not_picked":["Backflip","Masterful Stab"],"picked":"Slice","floor":14.0},{"not_picked":["A Thousand Cuts","Malaise"],"picked":"Unload","floor":16.0},{"not_picked":["Deadly Poison","Heel Hook"],"picked":"Underhanded Strike","floor":18.0},{"not_picked":["Flechettes","Deadly Poison"],"picked":"Backflip","floor":20.0},{"not_picked":["Dodge and Roll+1","Flying Knee"],"picked":"Cloak And Dagger+1","floor":21.0},{"not_picked":["Footwork","Bane+1"],"picked":"Reflex","floor":23.0},{"not_picked":["Riddle With Holes","Acrobatics"],"picked":"Reflex","floor":25.0},{"not_picked":["PiercingWail","Predator+1"],"picked":"Corpse Explosion","floor":30.0},{"not_picked":["Prepared","Masterful Stab"],"picked":"Acrobatics","floor":31.0},{"not_picked":["Glass Knife","Wraith Form v2"],"picked":"Die Die Die","floor":33.0},{"not_picked":["Quick Slash+1","Bane+1"],"picked":"Concentrate","floor":35.0},{"not_picked":["Riddle With Holes","Catalyst+1","Dagger Throw"],"picked":"SKIP","floor":37.0},{"not_picked":["Backflip+1","Bane+1"],"picked":"Night Terror","floor":38.0},{"not_picked":["Bane+1","Flying Knee"],"picked":"Outmaneuver+1","floor":40.0},{"not_picked":["Dodge and Roll","Reflex"],"picked":"Riddle With Holes+1","floor":42.0},{"not_picked":["Dagger Spray","Acrobatics"],"picked":"Prepared+1","floor":44.0},{"not_picked":["Skewer","Deflect"],"picked":"Night Terror","floor":46.0},{"not_picked":["Flying Knee","Cloak And Dagger"],"picked":"Finisher+1","floor":52.0},{"not_picked":["Sucker Punch","Dash+1"],"picked":"Reflex","floor":54.0}],"player_experience":1490323,"relics_obtained":[{"floor":6.0,"key":"The Specimen"},{"floor":8.0,"key":"Ornamental Fan"},{"floor":9.0,"key":"Girya"},{"floor":14.0,"key":"Happy Flower"},{"floor":23.0,"key":"StoneCalendar"},{"floor":25.0,"key":"Dream Catcher"},{"floor":26.0,"key":"Whetstone"},{"floor":30.0,"key":"Bronze Scales"},{"floor":40.0,"key":"War Paint"},{"floor":42.0,"key":"Omamori"},{"floor":46.0,"key":"Orichalcum"},{"floor":54.0,"key":"Art of War"}],"event_choices":[{"damage_healed":0.0,"max_hp_gain":0.0,"max_hp_loss":0.0,"gold_gain":0.0,"event_name":"Scrap Ooze","player_choice":"Success","floor":2.0,"gold_loss":0.0,"damage_taken":3.0,"relics_obtained":["Tough Bandages"]},{"damage_healed":0.0,"max_hp_gain":0.0,"max_hp_loss":0.0,"gold_gain":0.0,"event_name":"FaceTrader","player_choice":"Trade","floor":3.0,"gold_loss":0.0,"damage_taken":0.0,"relics_obtained":["GremlinMask"]},{"cards_removed":["The Bomb"],"damage_healed":45.0,"max_hp_gain":10.0,"max_hp_loss":0.0,"gold_gain":0.0,"event_name":"Bonfire Elementals","player_choice":"Offered Rare","floor":13.0,"gold_loss":0.0,"damage_taken":0.0},{"damage_healed":0.0,"max_hp_gain":0.0,"max_hp_loss":0.0,"gold_gain":0.0,"event_name":"Addict","player_choice":"Stole Relic","floor":19.0,"gold_loss":0.0,"damage_taken":0.0,"relics_obtained":["MawBank"],"cards_obtained":["Shame"]},{"damage_healed":0.0,"max_hp_gain":0.0,"max_hp_loss":0.0,"gold_gain":0.0,"event_name":"Vampires","player_choice":"Ignored","floor":22.0,"gold_loss":0.0,"damage_taken":0.0},{"damage_healed":0.0,"max_hp_gain":0.0,"max_hp_loss":0.0,"gold_gain":0.0,"event_name":"The Library","player_choice":"Read","floor":28.0,"gold_loss":0.0,"damage_taken":0.0,"cards_obtained":["Terror"]},{"damage_healed":0.0,"max_hp_gain":0.0,"max_hp_loss":0.0,"gold_gain":0.0,"event_name":"Winding Halls","player_choice":"Embrace Madness","floor":36.0,"gold_loss":0.0,"damage_taken":10.0,"cards_obtained":["Madness","Madness"]},{"cards_removed":["Strike_G"],"damage_healed":0.0,"max_hp_gain":0.0,"max_hp_loss":0.0,"gold_gain":0.0,"event_name":"Falling","player_choice":"Removed Attack","floor":41.0,"gold_loss":0.0,"damage_taken":0.0},{"damage_healed":0.0,"max_hp_gain":0.0,"max_hp_loss":0.0,"gold_gain":0.0,"event_name":"MindBloom","player_choice":"Upgrade","floor":48.0,"gold_loss":0.0,"damage_taken":0.0,"cards_upgraded":["Strike_G","Strike_G","Strike_G","Defend_G","Defend_G","Defend_G","Defend_G","Survivor","Neutralize","Slice","Backflip","Deflect","Backstab","Acrobatics","Unload","Underhanded Strike","Backflip","Reflex","Reflex","Terror","Corpse Explosion","Acrobatics","Die Die Die","Madness","Madness","Night Terror"],"relics_obtained":["Mark of the Bloom"]}],"is_beta":false,"boss_relics":[{"not_picked":["Busted Crown","Astrolabe"],"picked":"WristBlade"},{"not_picked":["Calling Bell","Philosopher\u0027s Stone"],"picked":"Runic Pyramid"}],"items_purged_floors":[29],"is_endless":false,"potions_floor_spawned":[4,6,8,10,12,14,18,21,23,30,38,40,46,54],"killed_by":"The Heart","ascension_level":4}}