{"host":"uv5ws9rdk87e8i5k","time":1612291102,"event":{"mods":["AchievementEnabler","BaseMod","Colored Map","Minty Spire (QoL Compilation)","Permanent Neow","Quick Restart","StSLib","SuperFastMode","The Necromancer"],"gold_per_floor":[118,128,53,71,71,71,99,99,180,193,193,208,235,248,248,322,322,336,356,356,368,10,10,37,37,37,37,64,64,64],"floor_reached":29,"language":"ENG","playtime":650,"items_purged":[],"score":491,"play_id":"0618f0aa-af75-45d1-a374-e5186f984182","local_time":"20210202123822","is_ascension_mode":true,"campfire_choices":[{"data":"Summon_Lich","floor":6.0,"key":"SMITH"},{"data":"Grasp_Heart","floor":11.0,"key":"SMITH"},{"data":"Spectral_Walk","floor":15.0,"key":"SMITH"},{"floor":23.0,"key":"REST"}],"circlet_count":0,"master_deck":["AscendersBane","Strike_W+1","Strike_W","Strike_W","Defend_W","Defend_W+1","Defend_W","Defend_W","Negative_Energy_Arrows","Bone_Wall","Grasp_Heart+1","Summon_Lich+1","Spectral_Walk+1","Requiem","Necrotic_Claws","Siphon_Strength+1","Summon_Lich","Summon_Death_Knight","Shame"],"relics":["Vampire_Amulet","Bag of Preparation","Eternal Feather","Regal Pillow","Snecko Eye","Matryoshka","Bottled Lightning","Shuriken","Bottled Flame","PreservedInsect","Oddly Smooth Stone"],"acts_visited":["Exordium","TheCity"],"potions_floor_usage":[],"damage_taken":[{"damage":4.0,"enemies":"Jaw Worm","floor":1.0,"turns":2.0},{"damage":0.0,"enemies":"2 Louse","floor":2.0,"turns":2.0},{"damage":3.0,"enemies":"Small Slimes","floor":4.0,"turns":4.0},{"damage":13.0,"enemies":"Lagavulin","floor":7.0,"turns":6.0},{"damage":5.0,"enemies":"3 Louse","floor":10.0,"turns":2.0},{"damage":3.0,"enemies":"Looter","floor":12.0,"turns":3.0},{"damage":2.0,"enemies":"3 Sentries","floor":13.0,"turns":4.0},{"damage":3.0,"enemies":"2 Fungi Beasts","floor":14.0,"turns":3.0},{"damage":34.0,"enemies":"Slime Boss","floor":16.0,"turns":10.0},{"damage":23.0,"enemies":"Shell Parasite","floor":18.0,"turns":5.0},{"damage":6.0,"enemies":"3 Byrds","floor":19.0,"turns":3.0},{"damage":5.0,"enemies":"3 Cultists","floor":21.0,"turns":5.0},{"damage":49.0,"enemies":"Slavers","floor":24.0,"turns":6.0},{"damage":25,"enemies":"Book of Stabbing","floor":28,"turns":4},{"damage":0,"enemies":"Sentry and Sphere","floor":29,"turns":1}],"seed_played":"-8915374283450344469","potions_obtained":[{"floor":4.0,"key":"PowerPotion"},{"floor":7.0,"key":"SkillPotion"},{"floor":12.0,"key":"Energy Potion"},{"floor":14.0,"key":"EssenceOfSteel"},{"floor":19.0,"key":"LiquidBronze"},{"floor":21.0,"key":"Fruit Juice"}],"is_trial":false,"path_per_floor":["M","M","?","M","?","R","E","?","T","M","R","M","E","M","R","B",null,"M","M","?","M","$","R","E","?","T","?","E","M"],"character_chosen":"NECROMANCER","items_purchased":["Summon_Lich","Matryoshka"],"campfire_rested":1,"item_purchase_floors":[22,22],"current_hp_per_floor":[62,66,66,67,46,46,35,35,35,36,42,41,45,46,52,26,60,39,39,19,20,20,66,28,28,28,28,5,5,5],"gold":64,"neow_bonus":"ONE_RANDOM_RARE_CARD","is_daily":false,"chose_seed":false,"campfire_upgraded":3,"win_rate":0.0,"timestamp":1612291102,"path_taken":["M","M","?","M","?","R","E","?","T","M","R","M","E","M","R","BOSS","M","M","?","M","$","R","E","?","T","?","E","M"],"items_purchased_type":["Card","Relic"],"build_version":"2020-12-22","purchased_purges":0,"victory":false,"max_hp_per_floor":[71,71,71,71,71,71,71,71,71,71,71,71,71,71,71,71,71,71,71,76,76,76,76,81,81,81,81,81,81,81],"card_choices":[{"not_picked":["Blood_Whip","Bone_Spikes","Bone_Shift"],"picked":"SKIP","floor":1.0},{"not_picked":["Negative_Energy_Sphere","Exploit"],"picked":"Summon_Lich","floor":2.0},{"not_picked":["Negative_Energy_Javelin","Flesh_Made_Foul","Negative_Energy_Shield"],"picked":"SKIP","floor":4.0},{"not_picked":["Bone_Armor","Bones_to_Steel","Bone_Bullets"],"picked":"SKIP","floor":7.0},{"not_picked":["Stop_Heart","Chill_Blood","Negative_Energy_Shield"],"picked":"SKIP","floor":10.0},{"not_picked":["Finger_Of_Death","Death_Coil","Scare"],"picked":"SKIP","floor":12.0},{"not_picked":["Plague_Bolt","Death_Coil","Life_Tap"],"picked":"SKIP","floor":13.0},{"not_picked":["Negative_Energy_Shield","Epidemic"],"picked":"Spectral_Walk","floor":14.0},{"not_picked":["Detonate_Bones","Cloudkill"],"picked":"Requiem","floor":16.0},{"not_picked":["Corrupt","Consume_Illness"],"picked":"Necrotic_Claws","floor":18.0},{"not_picked":["Negative_Energy_Shield","Negative_Energy_Mist","Shackles_Of_Pain"],"picked":"SKIP","floor":19.0},{"not_picked":["Life_Tap","Death_March_Dance"],"picked":"Siphon_Strength+1","floor":21.0},{"not_picked":["Shade_Step","Deaths_Shadow"],"picked":"Summon_Death_Knight","floor":24.0},{"not_picked":["Death_March_Dance","Epidemic+1","Negative_Energy_Shield"],"picked":"SKIP","floor":28}],"player_experience":339049,"relics_obtained":[{"floor":7.0,"key":"Bag of Preparation"},{"floor":9.0,"key":"Eternal Feather"},{"floor":13.0,"key":"Regal Pillow"},{"floor":24.0,"key":"Bottled Lightning"},{"floor":26.0,"key":"Shuriken"},{"floor":26.0,"key":"Bottled Flame"},{"floor":28,"key":"Oddly Smooth Stone"}],"event_choices":[{"cards_removed":["Strike_W"],"damage_healed":0.0,"max_hp_gain":0.0,"max_hp_loss":0.0,"gold_gain":0.0,"event_name":"The Cleric","player_choice":"Card Removal","floor":3.0,"gold_loss":75.0,"damage_taken":0.0},{"damage_healed":0.0,"max_hp_gain":0.0,"max_hp_loss":0.0,"gold_gain":0.0,"event_name":"Shining Light","player_choice":"Entered Light","floor":5.0,"gold_loss":0.0,"damage_taken":21.0,"cards_upgraded":["Strike_W","Defend_W"]},{"damage_healed":0.0,"max_hp_gain":0.0,"max_hp_loss":0.0,"gold_gain":0.0,"event_name":"Liars Game","player_choice":"Ignored","floor":8.0,"gold_loss":0.0,"damage_taken":0.0},{"damage_healed":0.0,"max_hp_gain":5.0,"max_hp_loss":0.0,"gold_gain":0.0,"event_name":"Forgotten Altar","player_choice":"Shed Blood","floor":20.0,"gold_loss":0.0,"damage_taken":25.0},{"damage_healed":0.0,"max_hp_gain":0.0,"max_hp_loss":0.0,"gold_gain":0.0,"event_name":"Ghosts","player_choice":"Ignored","floor":25.0,"gold_loss":0.0,"damage_taken":0.0},{"damage_healed":0.0,"max_hp_gain":0.0,"max_hp_loss":0.0,"gold_gain":0.0,"event_name":"Addict","player_choice":"Stole Relic","floor":27.0,"gold_loss":0.0,"damage_taken":0.0,"relics_obtained":["PreservedInsect"],"cards_obtained":["Shame"]}],"is_beta":false,"boss_relics":[{"not_picked":["Sozu","Pandora\u0027s Box"],"picked":"Snecko Eye"}],"items_purged_floors":[],"is_endless":false,"potions_floor_spawned":[4,7,10,12,14,19,21],"killed_by":"Sentry and Sphere","ascension_level":16}}