{"host":"mj8akmyfd5lo602f","time":1612285217,"event":{"mods":["2.2 Compatiblity","Act Like it!","BaseMod","Bestiary","BshForSts","Colored Map","Colored Powertips","Downfall","Highlight Path","Minty Spire (QoL Compilation)","Permanent Neow","Relic Stats","StSLib"],"gold_per_floor":[99,118,137,237,248,248,248,263,163,17,31,45,71,85,97,194,194,194,204,204,122,140,157,157,157,192,212,12,26,42,60,79,183,183,183,198,376,426,426,458,485,500,500,520,547,547,557,276,287,287,287,287,287,287],"floor_reached":52,"language":"ENG","playtime":3270,"items_purged":[],"score":817,"play_id":"cb732ff2-b416-4b70-bcc9-c169bd94bdb7","local_time":"20210202170017","is_ascension_mode":false,"campfire_choices":[{"floor":1.0,"key":"RECALL"},{"data":"bronze:Branch","floor":9.0,"key":"SMITH"},{"data":"bronze:SpaghettiCode","floor":18.0,"key":"SMITH"},{"data":"bronze:Repulsor","floor":28.0,"key":"SMITH"},{"data":"bronze:Turbo","floor":35.0,"key":"SMITH"},{"data":"bronze:FollowUp","floor":43.0,"key":"SMITH"}],"circlet_count":0,"master_deck":["bronze:Strike","bronze:Strike","bronze:Strike","bronze:Defend","bronze:Defend","bronze:Defend","bronze:Defend","bronze:Replicate+1","bronze:Goto","bronze:Branch+1","bronze:Fortify","bronze:Flail+1","bronze:WhirlingStrike","bronze:GetLatest","bronze:BronzeOrb","bronze:Turbo+1","bronze:SpaghettiCode+1","bronze:FollowUp+1","bronze:BronzeOrb","bronze:ChildClass","bronze:Terminator","bronze:Iterate+1","bronze:Repulsor+1","bronze:Constructor","bronze:Separator+1","bronze:SpaghettiCode+1","bronze:GetLatest+1","bronze:CleanCode","bronze:FineTuning+1","bronze:Branch+1","bronze:ThunderWave","bronze:CloningBeam","bronze:ItsAFeature","Regret","Pain","bronze:Optimize+1"],"relics":["bronze:PlatinumCore","Smiling Mask","downfall:HeartBlessingRed","Guardian:PocketSentry","Dream Catcher","downfall:HeartBlessingBlue","downfall:HeartBlessingGreen","Cursed Key","champ:Barbells","Gambling Chip","Blue Candle","CaptainsWheel","Bag of Marbles","Molten Egg 2","Membership Card","Mummified Hand"],"acts_visited":["Exordium","TheCity","TheBeyond","TheEnding"],"potions_floor_usage":[50],"damage_taken":[{"damage":6.0,"enemies":"Jaw Worm","floor":2.0,"turns":3.0},{"damage":2.0,"enemies":"2 Louse","floor":3.0,"turns":3.0},{"damage":0.0,"enemies":"Small Slimes","floor":5.0,"turns":3.0},{"damage":15.0,"enemies":"Exordium Thugs","floor":8.0,"turns":5.0},{"damage":0.0,"enemies":"downfall:FleeingMerchant","floor":10.0,"turns":4.0},{"damage":0.0,"enemies":"Large Slime","floor":11.0,"turns":2.0},{"damage":0.0,"enemies":"Red Slaver","floor":12.0,"turns":2.0},{"damage":9.0,"enemies":"3 Sentries","floor":13.0,"turns":4.0},{"damage":0.0,"enemies":"Exordium Wildlife","floor":14.0,"turns":1.0},{"damage":0.0,"enemies":"Exordium Thugs","floor":15.0,"turns":2.0},{"damage":9.0,"enemies":"WA_ARCHETYPE_RETAIN","floor":16.0,"turns":6.0},{"damage":0.0,"enemies":"3 Byrds","floor":19.0,"turns":2.0},{"damage":0.0,"enemies":"downfall:FleeingMerchant","floor":21.0,"turns":4.0},{"damage":0.0,"enemies":"Snake Plant","floor":22.0,"turns":3.0},{"damage":0.0,"enemies":"Snecko","floor":23.0,"turns":3.0},{"damage":0.0,"enemies":"Gremlin Leader","floor":26.0,"turns":6.0},{"damage":0.0,"enemies":"Shelled Parasite and Fungi","floor":27.0,"turns":3.0},{"damage":0.0,"enemies":"Snake Plant","floor":29.0,"turns":2.0},{"damage":9.0,"enemies":"Chosen and Byrds","floor":30.0,"turns":5.0},{"damage":20.0,"enemies":"Sentry and Sphere","floor":31.0,"turns":4.0},{"damage":0.0,"enemies":"Centurion and Healer","floor":32.0,"turns":2.0},{"damage":69.0,"enemies":"DF_ARCHETYPE_CLAW","floor":33.0,"turns":11.0},{"damage":0.0,"enemies":"Orb Walker","floor":36.0,"turns":3.0},{"damage":0.0,"enemies":"downfall:FleeingMerchant","floor":37.0,"turns":3.0},{"damage":0.0,"enemies":"downfall:FleeingMerchant","floor":38.0,"turns":3.0},{"damage":27.0,"enemies":"Nemesis","floor":40.0,"turns":7.0},{"damage":0.0,"enemies":"3 Darklings","floor":42.0,"turns":5.0},{"damage":8.0,"enemies":"Writhing Mass","floor":44.0,"turns":6.0},{"damage":5.0,"enemies":"Giant Head","floor":45.0,"turns":8.0},{"damage":0.0,"enemies":"Transient","floor":47.0,"turns":5.0},{"damage":17.0,"enemies":"3 Darklings","floor":49.0,"turns":3.0},{"damage":37,"enemies":"SI_POISON_ARCHETYPE","floor":50,"turns":14},{"damage":80,"enemies":"downfall:CharBossMerchant","floor":52,"turns":6}],"seed_played":"5521287691420890321","potions_obtained":[{"floor":2.0,"key":"Fire Potion"},{"floor":3.0,"key":"Strength Potion"},{"floor":11.0,"key":"FearPotion"},{"floor":12.0,"key":"FairyPotion"},{"floor":22.0,"key":"ColorlessPotion"},{"floor":29.0,"key":"bronze:FreeFunctionsPotion"},{"floor":31.0,"key":"Swift Potion"},{"floor":33.0,"key":"Explosive Potion"},{"floor":40.0,"key":"Explosive Potion"},{"floor":49.0,"key":"Regen Potion"}],"is_trial":false,"path_per_floor":["R","M","M","?","M","?","T","M","R","$","M","M","E","M","M","B",null,"R","M","?","$","M","M","T","?","E","M","R","M","M","M","M","B",null,"R","M","$","?","T","E","T","M","R","M","E","?","M","$","M","B",null,"E"],"character_chosen":"THE_AUTOMATON","items_purchased":["bronze:BronzeOrb","bronze:Turbo","bronze:Repulsor","champ:Barbells","Membership Card","Mummified Hand"],"campfire_rested":0,"item_purchase_floors":[10,10,21,37,48,48],"current_hp_per_floor":[70,64,62,62,62,62,62,47,47,47,47,47,38,38,38,29,70,70,70,70,70,70,70,70,70,70,70,80,80,71,51,51,7,80,80,80,80,80,80,53,53,53,53,45,40,80,80,80,63,40,80,0,0,0],"gold":287,"neow_bonus":"UPGRADE_CARD","is_daily":false,"chose_seed":false,"campfire_upgraded":5,"win_rate":0.0,"timestamp":1612285217,"path_taken":["R","M","M","?","M","?","T","M","R","$","M","M","E","M","M","BOSS","BOSS","R","M","?","?","?","M","T","?","E","M","R","M","M","M","M","BOSS","R","M","$","?","?","E","T","?","R","M","E","?","M","$","M","BOSS","E"],"items_purchased_type":["Card","Card","Card","Relic","Relic","Relic"],"build_version":"2020-12-22","purchased_purges":0,"victory":false,"max_hp_per_floor":[70,70,70,70,70,70,70,70,70,70,70,70,70,70,70,70,70,70,70,70,70,70,70,70,70,70,70,80,80,80,80,80,80,80,80,80,80,80,80,80,80,80,80,80,80,80,80,80,80,80,80,80,80,80],"relic_stats":{"Dream Catcher":0,"counters":[33,142],"Mummified Hand":[13],"Gambling Chip":[15],"Blue Candle":[5],"Smiling Mask":0,"Cursed Key":2,"obtain_stats":[{"bronze:PlatinumCore":17,"champ:Barbells":37,"bronze:BronzeCore":0,"downfall:HeartBlessingRed":9,"Blue Candle":39,"downfall:HeartBlessingGreen":28,"Guardian:PocketSentry":13,"Smiling Mask":7,"Cursed Key":34,"Dream Catcher":26,"CaptainsWheel":40,"downfall:HeartBlessingBlue":28,"Mummified Hand":48,"Gambling Chip":38,"Molten Egg 2":45,"Bag of Marbles":41,"Membership Card":48},{"bronze:PlatinumCore":11,"champ:Barbells":24,"bronze:BronzeCore":0,"downfall:HeartBlessingRed":4,"Blue Candle":25,"downfall:HeartBlessingGreen":17,"Guardian:PocketSentry":8,"Smiling Mask":3,"Cursed Key":22,"Dream Catcher":16,"CaptainsWheel":26,"downfall:HeartBlessingBlue":17,"Mummified Hand":30,"Gambling Chip":25,"Molten Egg 2":29,"Bag of Marbles":26,"Membership Card":30},{"bronze:PlatinumCore":35,"champ:Barbells":85,"bronze:BronzeCore":0,"downfall:HeartBlessingRed":14,"Blue Candle":88,"downfall:HeartBlessingGreen":56,"Guardian:PocketSentry":26,"Smiling Mask":9,"Cursed Key":79,"Dream Catcher":53,"CaptainsWheel":95,"downfall:HeartBlessingBlue":56,"Mummified Hand":119,"Gambling Chip":88,"Molten Egg 2":114,"Bag of Marbles":95,"Membership Card":119}]},"card_choices":[{"not_picked":["bronze:WildBeam","bronze:Separator"],"picked":"bronze:ChosenStrike","floor":2.0},{"not_picked":["bronze:CloningBeam","bronze:OilSpill"],"picked":"bronze:Branch","floor":3.0},{"not_picked":["bronze:DelayedSlice","bronze:WildBeam"],"picked":"bronze:Fortify","floor":5.0},{"not_picked":["bronze:CleanCode","bronze:Overload"],"picked":"bronze:WhirlingStrike","floor":8.0},{"not_picked":["bronze:ForLoop","bronze:Iterate"],"picked":"bronze:GetLatest","floor":10.0},{"not_picked":["bronze:Deprecate","bronze:BitShift"],"picked":"bronze:SpaghettiCode","floor":11.0},{"not_picked":["bronze:WhirlingStrike","bronze:Boost"],"picked":"bronze:FollowUp","floor":12.0},{"not_picked":["bronze:WildBeam","bronze:NullPointer"],"picked":"bronze:BronzeOrb","floor":13.0},{"not_picked":["bronze:DelayedGuard","bronze:Flail"],"picked":"bronze:ChildClass","floor":14.0},{"not_picked":["bronze:CutThrough","bronze:Return","bronze:ForLoop"],"picked":"SKIP","floor":15.0},{"not_picked":["bronze:Separator","bronze:InfiniteBeams"],"picked":"bronze:Terminator","floor":19.0},{"not_picked":["bronze:Invalidate","bronze:CutThrough"],"picked":"bronze:Iterate+1","floor":21.0},{"not_picked":["bronze:ItsAFeature","bronze:DarkDash"],"picked":"bronze:Constructor","floor":22.0},{"not_picked":["bronze:WhirlingStrike","bronze:DelayedSlice"],"picked":"bronze:Separator+1","floor":23.0},{"not_picked":["bronze:Fortify","bronze:Shield"],"picked":"bronze:GetLatest+1","floor":26.0},{"not_picked":["bronze:Allocate","bronze:Philosophize+1"],"picked":"bronze:CleanCode","floor":27.0},{"not_picked":["bronze:BitShift","bronze:Philosophize"],"picked":"bronze:FineTuning+1","floor":29.0},{"not_picked":["bronze:Constructor+1","bronze:Invalidate","bronze:ForceShield"],"picked":"SKIP","floor":30.0},{"not_picked":["bronze:ForceShield","bronze:Constructor+1"],"picked":"bronze:Branch+1","floor":31.0},{"not_picked":["bronze:Turbo+1","bronze:FineTuning","bronze:Invalidate"],"picked":"SKIP","floor":32.0},{"not_picked":["bronze:RecursiveStrike","bronze:BurnOut"],"picked":"bronze:ThunderWave","floor":33.0},{"not_picked":["bronze:Separator","bronze:Overload"],"picked":"bronze:CloningBeam","floor":36.0},{"not_picked":["bronze:DelayedSlice","bronze:DarkDash+1"],"picked":"bronze:ItsAFeature","floor":37.0},{"not_picked":["bronze:DelayedSlice","bronze:WhirlingStrike+1","bronze:Separator+1"],"picked":"SKIP","floor":40.0},{"not_picked":["bronze:Invalidate+1","bronze:ChildClass","bronze:Safeguard+1"],"picked":"SKIP","floor":42.0},{"not_picked":["bronze:WildBeam","bronze:BugBarrage"],"picked":"bronze:Optimize+1","floor":44.0},{"not_picked":["bronze:ClassDefault+1","bronze:Overheat+1","bronze:DelayedSlice+1"],"picked":"SKIP","floor":45.0},{"not_picked":["bronze:Shell+1","bronze:ForceShield","bronze:BronzeOrb+1"],"picked":"SKIP","floor":47.0},{"not_picked":["bronze:WildBeam+1","bronze:Deprecate","bronze:ChildClass+1"],"picked":"SKIP","floor":49.0}],"player_experience":466873,"relics_obtained":[{"floor":7.0,"key":"Smiling Mask"},{"floor":13.0,"key":"Guardian:PocketSentry"},{"floor":26.0,"key":"Dream Catcher"},{"floor":38.0,"key":"Gambling Chip"},{"floor":39.0,"key":"Blue Candle"},{"floor":40.0,"key":"CaptainsWheel"},{"floor":41.0,"key":"Bag of Marbles"},{"floor":45.0,"key":"Molten Egg 2"}],"event_choices":[{"cards_removed":["bronze:ChosenStrike"],"damage_healed":0.0,"max_hp_gain":0.0,"max_hp_loss":0.0,"gold_gain":0.0,"event_name":"Bonfire Elementals","player_choice":"Offered Uncommon","floor":20.0,"gold_loss":0.0,"damage_taken":0.0},{"damage_healed":40.0,"max_hp_gain":0.0,"max_hp_loss":0.0,"gold_gain":0.0,"event_name":"Wheel of Change","player_choice":"Full Heal","floor":46.0,"gold_loss":0.0,"damage_taken":0.0}],"is_beta":false,"boss_relics":[{"not_picked":["Busted Crown","Tiny House"],"picked":"bronze:PlatinumCore"},{"not_picked":["Runic Dome","expansioncontent:StudyCardRelic"],"picked":"Cursed Key"}],"items_purged_floors":[],"is_endless":false,"potions_floor_spawned":[2,3,11,12,22,23,27,29,31,33,36,40,44,49],"killed_by":"downfall:CharBossMerchant","ascension_level":0}}