{"host":"tq99ucv8ezzqzioe","time":1612286088,"event":{"mods":["BaseMod","Colored Map","Downfall","Highlight Path","Minty Spire (QoL Compilation)","StSLib"],"gold_per_floor":[99,113,113,132,132,166,166,66,66,93,93,106,6,33,52,148,148,148,168,185,185,185,214,214,214,239,249,249,449,349,376,388,489,489,489,499,511,511,529,529,529,529,554,17,50,50,75,9,20,20,20,54,4,4,4,4],"floor_reached":57,"language":"ENG","playtime":9898,"items_purged":["downfall:Malfunctioning","Injury","Parasite"],"score":1764,"play_id":"797a9ad7-67a0-48e7-a46d-7f188cea465e","local_time":"20210202121448","is_ascension_mode":true,"campfire_choices":[{"floor":1,"key":"RECALL"},{"floor":8,"key":"REST"},{"floor":11,"key":"REST"},{"floor":13,"key":"REST"},{"floor":18,"key":"REST"},{"floor":30,"key":"REST"},{"floor":35,"key":"REST"},{"floor":40,"key":"REST"},{"floor":42,"key":"REST"},{"floor":46,"key":"REST"},{"floor":54,"key":"REST"}],"circlet_count":0,"master_deck":["sneckomod:TailWhip","sneckomod:SnekBite+1","sneckomod:Unknown","sneckomod:Unknown+1","sneckomod:UnknownClassTHE_BRONZE_AUTOMATON","sneckomod:UnknownBlock","sneckomod:UnknownVulnerable","sneckomod:ImprovisedAttack","sneckomod:DiceBlock","sneckomod:UnknownClassSLIMEBOUND","sneckomod:UnknownClassRED+1","sneckomod:UnknownColorless","sneckomod:UnendingSupply+1","sneckomod:MorePower","sneckomod:UnknownClassSLIMEBOUND+1","sneckomod:UnknownCommonSkill+1","sneckomod:UnknownRarePower+1","sneckomod:UnknownStrength+1","sneckomod:UnknownClassGREEN","sneckomod:UnknownBoss+1","sneckomod:UnknownClassHEXA_GHOST_PURPLE","sneckomod:UnknownDexterity+1","sneckomod:UnknownClassPURPLE+1","sneckomod:UnknownUncommonAttack","sneckomod:UnknownRarePower","sneckomod:Unknown","sneckomod:UnknownUncommonPower+1","sneckomod:UnknownCommonAttack","sneckomod:MasterEye","sneckomod:UnknownCommonAttack+1","sneckomod:UnknownClassSLIMEBOUND+1","Wraith Form v2+1","sneckomod:UnknownBoss+1","sneckomod:DiceBlock","sneckomod:UnknownClassGUARDIAN+1","sneckomod:UnendingSupply+1","sneckomod:UnknownCommonAttack+1","expansioncontent:AwakenDeath","sneckomod:SoulCleanse+1","sneckomod:UnknownRarePower+1","sneckomod:UnknownRareSkill+1","hexamod:SixthSeal","sneckomod:DiceBlock+1","sneckomod:UnknownClassBLUE+1","Echo Form+1","sneckomod:UnknownRareAttack+1","sneckomod:UnknownStrength+1","sneckomod:DiceCrush+1","sneckomod:UnknownUncommonPower+1","sneckomod:UnknownRareSkill+1","sneckomod:Nope+1","sneckomod:UnknownDraw","sneckomod:SoulCleanse","sneckomod:UnknownClassTHE_BRONZE_AUTOMATON+1","sneckomod:SoulDraw+1"],"relics":["Fusion Hammer","Sundial","Dream Catcher","downfall:HeartBlessingRed","Kunai","downfall:HeartBlessingGreen","Calipers","Black Star","Smiling Mask","Bottled Tornado","Potion Belt","The Courier","Strawberry","downfall:HeartBlessingBlue","StrikeDummy","Dead Branch","Cursed Key","Singing Bowl","Question Card","sneckomod:LoadedDie","Lizard Tail","Gremlin Horn","InkBottle","Omamori","HornCleat","Pantograph","Bag of Preparation","Nunchaku","Blue Candle","Shuriken"],"acts_visited":["Exordium","TheCity","TheBeyond","TheEnding"],"potions_floor_usage":[23,23,23,26,33,39,44,45,56,56,56,56],"damage_taken":[{"damage":3,"enemies":"2 Louse","floor":2,"turns":2},{"damage":0,"enemies":"Small Slimes","floor":4,"turns":2},{"damage":21,"enemies":"Gremlin Nob","floor":6,"turns":5},{"damage":0,"enemies":"Lagavulin","floor":10,"turns":3},{"damage":0,"enemies":"Jaw Worm","floor":12,"turns":2},{"damage":12,"enemies":"Gremlin Nob","floor":14,"turns":3},{"damage":9,"enemies":"Exordium Thugs","floor":15,"turns":3},{"damage":21,"enemies":"WA_ARCHETYPE_RETAIN","floor":16,"turns":5},{"damage":0,"enemies":"Spheric Guardian","floor":19,"turns":3},{"damage":2,"enemies":"Chosen","floor":20,"turns":4},{"damage":31,"enemies":"Slavers","floor":23,"turns":7},{"damage":22,"enemies":"Gremlin Leader","floor":26,"turns":7},{"damage":16,"enemies":"Centurion and Healer","floor":27,"turns":6},{"damage":34,"enemies":"Centurion and Healer","floor":29,"turns":7},{"damage":25,"enemies":"Slavers","floor":31,"turns":5},{"damage":21,"enemies":"3 Cultists","floor":32,"turns":4},{"damage":0,"enemies":"DF_ARCHETYPE_CLAW","floor":33,"turns":5},{"damage":32,"enemies":"Orb Walker","floor":36,"turns":5},{"damage":22,"enemies":"3 Darklings","floor":37,"turns":4},{"damage":49,"enemies":"Writhing Mass","floor":39,"turns":6},{"damage":0,"enemies":"Giant Head","floor":43,"turns":5},{"damage":5,"enemies":"downfall:FleeingMerchant","floor":44,"turns":4},{"damage":36,"enemies":"Reptomancer","floor":45,"turns":6},{"damage":38,"enemies":"Nemesis","floor":47,"turns":5},{"damage":0,"enemies":"downfall:FleeingMerchant","floor":48,"turns":2},{"damage":4,"enemies":"Spire Growth","floor":49,"turns":3},{"damage":59,"enemies":"IC_BLOCK_ARCHETYPE","floor":50,"turns":8},{"damage":4,"enemies":"downfall:CharBossMerchant","floor":52,"turns":5},{"damage":10,"enemies":"downfall:NeowBoss","floor":55,"turns":7},{"damage":29,"enemies":"downfall:NeowBossFinal","floor":56,"turns":7}],"seed_played":"5881745089615235184","potions_obtained":[{"floor":4,"key":"Regen Potion"},{"floor":12,"key":"LiquidBronze"},{"floor":16,"key":"sneckomod:DiceRollPotion"},{"floor":19,"key":"DuplicationPotion"},{"floor":23,"key":"Fruit Juice"},{"floor":26,"key":"Ancient Potion"},{"floor":32,"key":"hexamod:SoulburnPotion"},{"floor":33,"key":"hexamod:SoulburnPotion"},{"floor":37,"key":"Regen Potion"},{"floor":43,"key":"SmokeBomb"},{"floor":45,"key":"DuplicationPotion"},{"floor":52,"key":"FearPotion"}],"is_trial":false,"path_per_floor":["R","M","?","M","?","E","T","R","?","E","R","M","R","E","M","B",null,"R","M","M","?","?","E","T","?","E","M","?","?","R","E","M","B",null,"R","M","M","?","M","R","T","R","E","$","E","R","E","$","M","B",null,"E","$","R","B","B",null],"character_chosen":"THE_SNECKO","items_purchased":["Lizard Tail","Gremlin Horn","champ:CounterPotion","Bag of Preparation","Block Potion","Nunchaku","sneckomod:SoulCleanse"],"campfire_rested":10,"item_purchase_floors":[44,44,44,48,48,48,48],"current_hp_per_floor":[90,87,87,87,87,66,66,90,90,90,90,90,90,78,69,48,90,90,90,88,88,70,59,59,100,85,69,69,35,80,55,41,43,117,117,85,63,63,26,61,61,98,98,93,74,110,72,72,76,42,123,119,119,122,112,114],"gold":4,"neow_bonus":"BOSS_RELIC","is_daily":false,"chose_seed":false,"campfire_upgraded":0,"win_rate":0.0,"timestamp":1612286088,"path_taken":["R","M","?","M","?","E","T","R","?","E","R","?","R","E","M","BOSS","R","M","M","?","?","E","T","?","E","?","?","?","R","E","M","BOSS","R","M","M","?","M","R","T","R","E","?","E","R","E","$","M","BOSS","E","$","R","BOSS","BOSS"],"items_purchased_type":["Relic","Relic","Potion","Relic","Potion","Relic","Card"],"build_version":"2020-12-22","purchased_purges":3,"victory":true,"max_hp_per_floor":[90,90,90,90,90,90,90,90,90,90,90,90,90,90,90,90,90,90,90,90,90,95,100,100,100,107,107,107,107,117,117,117,117,117,117,117,117,117,117,117,117,119,119,119,121,121,121,121,123,123,123,123,120,122,122,122],"card_choices":[{"not_picked":["sneckomod:UnknownClassRED","sneckomod:RainOfDice"],"picked":"sneckomod:UnknownClassTHE_BRONZE_AUTOMATON","floor":2},{"not_picked":["sneckomod:DiceBoulder","sneckomod:CheapStock"],"picked":"sneckomod:UnknownBlock","floor":4},{"not_picked":["sneckomod:IronFang","sneckomod:UnknownUncommonSkill"],"picked":"sneckomod:UnknownVulnerable","floor":6},{"not_picked":["sneckomod:Memorize","sneckomod:SoulDraw"],"picked":"sneckomod:ImprovisedAttack","floor":8},{"not_picked":["sneckomod:CheapStock","sneckomod:Unknown0Cost"],"picked":"sneckomod:UnknownClassBLUE","floor":10},{"not_picked":["sneckomod:UnknownCommonAttack","sneckomod:UnknownBlock"],"picked":"sneckomod:DiceBlock","floor":11},{"not_picked":["sneckomod:UnknownClassHEXA_GHOST_PURPLE","sneckomod:QuickBite"],"picked":"sneckomod:UnknownClassSLIMEBOUND","floor":12},{"not_picked":["sneckomod:PureSnecko","sneckomod:UnknownExhaust"],"picked":"sneckomod:UnknownClassRED","floor":13},{"not_picked":["sneckomod:SnekBeam","sneckomod:SoulDraw"],"picked":"sneckomod:UnknownColorless","floor":14},{"not_picked":["sneckomod:SnekBeam","sneckomod:SnakeSap"],"picked":"sneckomod:UnendingSupply","floor":15},{"not_picked":["sneckomod:Restock","sneckomod:GlitteringGambit"],"picked":"sneckomod:MorePower","floor":16},{"not_picked":["sneckomod:UnknownClassHEXA_GHOST_PURPLE","sneckomod:Nope"],"picked":"sneckomod:UnknownClassSLIMEBOUND+1","floor":18},{"not_picked":["sneckomod:CheapStock+1","sneckomod:ImprovisedAttack"],"picked":"sneckomod:UnknownCommonSkill+1","floor":19},{"not_picked":["sneckomod:Unknown2Cost+1","sneckomod:UnknownClassPURPLE+1"],"picked":"sneckomod:UnknownRarePower+1","floor":20},{"not_picked":["sneckomod:Transmogrify","sneckomod:UnknownUncommonSkill"],"picked":"sneckomod:UnknownStrength+1","floor":20},{"not_picked":["sneckomod:UnknownClassTHE_BRONZE_AUTOMATON+1","sneckomod:UnknownRareSkill+1"],"picked":"sneckomod:UnknownRarePower+1","floor":23},{"not_picked":["sneckomod:ImprovisedGuard","sneckomod:SoulCleanse"],"picked":"sneckomod:UnknownClassGREEN","floor":23},{"not_picked":["sneckomod:UnknownClassBLUE+1","sneckomod:UnknownStrength+1"],"picked":"sneckomod:UnknownBoss+1","floor":26},{"not_picked":["sneckomod:SlitherStrike","sneckomod:DiceBoulder"],"picked":"sneckomod:UnknownClassHEXA_GHOST_PURPLE","floor":26},{"not_picked":["sneckomod:UnknownClassHEXA_GHOST_PURPLE+1","sneckomod:UnknownClassBLUE+1"],"picked":"sneckomod:UnknownDexterity+1","floor":27},{"not_picked":["sneckomod:SnakeSap","sneckomod:SoulExchange"],"picked":"sneckomod:UnknownClassPURPLE+1","floor":27},{"not_picked":["sneckomod:UnknownCommonSkill","sneckomod:UnknownDraw"],"picked":"sneckomod:MasterEye","floor":30},{"not_picked":["sneckomod:UnknownUncommonPower+1","sneckomod:UnknownVulnerable+1"],"picked":"sneckomod:UnknownCommonAttack+1","floor":31},{"not_picked":["sneckomod:Nope","sneckomod:UnknownClassTHE_CHAMP_GRAY+1"],"picked":"sneckomod:UnknownClassSLIMEBOUND+1","floor":31},{"not_picked":["sneckomod:UnknownUncommonSkill+1","sneckomod:Unknown3Cost+1"],"picked":"sneckomod:UnknownBoss+1","floor":32},{"not_picked":["sneckomod:UnknownCommonAttack","sneckomod:UnknownBlock"],"picked":"sneckomod:DiceBlock","floor":32},{"not_picked":["sneckomod:UnknownUncommonSkill+1","sneckomod:UnknownCommonAttack+1"],"picked":"sneckomod:UnknownClassGUARDIAN+1","floor":33},{"not_picked":["sneckomod:Transmogrify","sneckomod:Restock"],"picked":"sneckomod:UnknownBoss","floor":33},{"not_picked":["sneckomod:Nope","sneckomod:UnknownClassGREEN+1"],"picked":"sneckomod:UnendingSupply+1","floor":35},{"not_picked":["sneckomod:UnknownCommonSkill","sneckomod:UnknownClassRED"],"picked":"sneckomod:UnknownCommonAttack+1","floor":36},{"not_picked":["sneckomod:UnknownCommonAttack","sneckomod:DefensiveFlair"],"picked":"sneckomod:SoulCleanse+1","floor":37},{"not_picked":["sneckomod:UnknownWeak+1","sneckomod:UnknownClassPURPLE+1"],"picked":"sneckomod:UnknownRareSkill+1","floor":39},{"not_picked":["hexamod:ThirdSeal","hexamod:SecondSeal"],"picked":"hexamod:SixthSeal","floor":39},{"not_picked":["sneckomod:UnknownClassGUARDIAN+1","sneckomod:UnknownStrike+1"],"picked":"sneckomod:DiceBlock+1","floor":39},{"not_picked":["sneckomod:UnknownClassTHE_CHAMP_GRAY+1","sneckomod:UnknownUncommonAttack"],"picked":"sneckomod:UnknownClassBLUE+1","floor":40},{"not_picked":["sneckomod:UnknownClassHEXA_GHOST_PURPLE","sneckomod:SoulDraw","sneckomod:UnknownCommonSkill+1"],"picked":"Singing Bowl","floor":42},{"not_picked":["sneckomod:UnknownClassSLIMEBOUND+1","sneckomod:UnknownClassBLUE+1"],"picked":"sneckomod:UnknownRareAttack+1","floor":43},{"not_picked":["sneckomod:Transmogrify","sneckomod:CheapStock"],"picked":"sneckomod:UnknownStrength+1","floor":43},{"not_picked":["sneckomod:DiceBoulder+1","sneckomod:IronFang+1","sneckomod:UnknownStrength"],"picked":"sneckomod:DiceCrush+1","floor":44},{"not_picked":["sneckomod:SoulDraw+1","sneckomod:Memorize","sneckomod:UnknownClassSLIMEBOUND","sneckomod:WideSting+1"],"picked":"Singing Bowl","floor":45},{"not_picked":["sneckomod:UnknownUncommonSkill+1","sneckomod:QuickBite+1","sneckomod:Unknown1Cost+1"],"picked":"sneckomod:UnknownUncommonPower+1","floor":46},{"not_picked":["sneckomod:UnknownClassGUARDIAN+1","sneckomod:UnknownX+1"],"picked":"sneckomod:UnknownRareSkill+1","floor":47},{"not_picked":["sneckomod:DangerNoodle","sneckomod:UnknownClassGREEN+1","sneckomod:QuickBite+1"],"picked":"sneckomod:Nope+1","floor":47},{"not_picked":["sneckomod:SoulRoll+1","sneckomod:Nope","sneckomod:Unknown0Cost"],"picked":"sneckomod:UnknownDraw","floor":48},{"not_picked":["sneckomod:UnknownClassRED+1","sneckomod:UnknownClassTHE_CHAMP_GRAY","sneckomod:SoulRoll","sneckomod:Nope+1"],"picked":"Singing Bowl","floor":49},{"not_picked":["sneckomod:UnknownClassBLUE+1","sneckomod:UnknownStrike+1"],"picked":"sneckomod:UnknownClassTHE_BRONZE_AUTOMATON+1","floor":52},{"not_picked":["sneckomod:UnknownStrike+1","sneckomod:UnknownDraw","sneckomod:UnknownClassGREEN"],"picked":"sneckomod:SoulDraw+1","floor":52},{"not_picked":["sneckomod:QuickBite+1","sneckomod:RainOfDice+1","sneckomod:SnakeSap+1","sneckomod:UnknownClassHEXA_GHOST_PURPLE+1"],"picked":"Singing Bowl","floor":54}],"player_experience":856607,"relics_obtained":[{"floor":6,"key":"Sundial"},{"floor":7,"key":"Dream Catcher"},{"floor":10,"key":"Kunai"},{"floor":14,"key":"Calipers"},{"floor":23,"key":"Bottled Tornado"},{"floor":23,"key":"Potion Belt"},{"floor":26,"key":"The Courier"},{"floor":26,"key":"Strawberry"},{"floor":31,"key":"StrikeDummy"},{"floor":31,"key":"Dead Branch"},{"floor":41,"key":"Singing Bowl"},{"floor":43,"key":"Question Card"},{"floor":43,"key":"sneckomod:LoadedDie"},{"floor":45,"key":"InkBottle"},{"floor":45,"key":"Omamori"},{"floor":47,"key":"HornCleat"},{"floor":47,"key":"Pantograph"},{"floor":52,"key":"Blue Candle"},{"floor":52,"key":"Shuriken"}],"event_choices":[{"cards_removed":["sneckomod:Strike"],"damage_healed":0,"gold_gain":0,"player_choice":"Card Removal","damage_taken":0,"max_hp_gain":0,"max_hp_loss":0,"event_name":"The Cleric","floor":9,"gold_loss":0},{"damage_healed":41,"gold_gain":0,"player_choice":"Full Heal","damage_taken":0,"max_hp_gain":0,"max_hp_loss":0,"event_name":"Wheel of Change","floor":25,"gold_loss":0}],"is_beta":false,"boss_relics":[{"not_picked":["Runic Pyramid","Busted Crown"],"picked":"Black Star"},{"not_picked":["Pandora\u0027s Box","bronze:MakeshiftBattery"],"picked":"Cursed Key"}],"items_purged_floors":[44,48,53],"is_endless":false,"potions_floor_spawned":[4,12,16,19,23,26,32,33,37,43,45,52],"ascension_level":3}}