{"host":"49qg1vqziwkpu54d","time":1612299715,"event":{"mods":["AchievementEnabler","BaseMod","Colored Map","Minty Spire (QoL Compilation)","Relic Stats"],"gold_per_floor":[114,129,144,159,39,69,69,144,144,144,144,159,174,24,24,124,124,139,414,71,86,86,86,101,101,401,416,416,446,84,84,84,184,184,199,214,229,9,24,24,39,39,89,104,154,154,198,228,228,228,228],"floor_reached":50,"language":"ENG","playtime":1596,"items_purged":["Zap","Regret","Defend_G","Defend_P"],"score":644,"play_id":"fb70aebd-2cdd-4537-99a4-e4902c3e86e4","local_time":"20210202220155","daily_mods":["Chimera","Blue Cards","Binary"],"is_ascension_mode":false,"campfire_choices":[{"data":"Eruption","floor":7,"key":"SMITH"},{"data":"Uppercut","floor":15,"key":"SMITH"},{"data":"Bash","floor":23,"key":"SMITH"},{"data":"Double Tap","floor":28,"key":"SMITH"},{"data":"Sword Boomerang","floor":32,"key":"SMITH"},{"data":"Whirlwind","floor":40,"key":"SMITH"},{"data":"Cleave","floor":42,"key":"SMITH"},{"floor":49,"key":"DIG"}],"circlet_count":0,"master_deck":["Bash+1","Survivor","Eruption+1","Strike_R","Strike_G","Strike_B","Defend_R","Flame Barrier","Go for the Eyes","Iron Wave","Cold Snap","Cleave+1","Uppercut+1","Double Tap+1","Clash","Rip and Tear","Violence","Sword Boomerang+1","Thunderclap","Bludgeon","Flash of Steel","Reaper","Gash","Whirlwind+1","Doom and Gloom+1","Normality"],"relics":["Burning Blood","Kunai","Matryoshka","Pantograph","Pen Nib","Gambling Chip","Brimstone","SlaversCollar","Regal Pillow","Old Coin","Juzu Bracelet","Orichalcum","Calipers","Cursed Key","Red Skull","Shovel","Torii","Bag of Marbles","Mummified Hand"],"acts_visited":["Exordium","TheCity","TheBeyond"],"potions_floor_usage":[6,24,27,33,46,50,50,50],"damage_taken":[{"damage":12,"enemies":"Cultist","floor":1,"turns":3},{"damage":10,"enemies":"Small Slimes","floor":2,"turns":3},{"damage":0,"enemies":"2 Louse","floor":3,"turns":2},{"damage":5,"enemies":"Blue Slaver","floor":4,"turns":2},{"damage":32,"enemies":"Lagavulin","floor":6,"turns":6},{"damage":6,"enemies":"Looter","floor":12,"turns":2},{"damage":0,"enemies":"Exordium Thugs","floor":13,"turns":2},{"damage":0,"enemies":"Slime Boss","floor":16,"turns":2},{"damage":18,"enemies":"Chosen","floor":18,"turns":2},{"damage":18,"enemies":"Shell Parasite","floor":21,"turns":3},{"damage":6,"enemies":"Snake Plant","floor":24,"turns":2},{"damage":0,"enemies":"Snecko","floor":27,"turns":2},{"damage":0,"enemies":"Gremlin Leader","floor":29,"turns":3},{"damage":13,"enemies":"Automaton","floor":33,"turns":4},{"damage":4,"enemies":"Orb Walker","floor":35,"turns":2},{"damage":9,"enemies":"3 Shapes","floor":36,"turns":1},{"damage":11,"enemies":"Writhing Mass","floor":37,"turns":3},{"damage":21,"enemies":"Spire Growth","floor":39,"turns":3},{"damage":9,"enemies":"Jaw Worm Horde","floor":41,"turns":2},{"damage":12,"enemies":"4 Shapes","floor":44,"turns":1},{"damage":0,"enemies":"Mind Bloom Boss Battle","floor":45,"turns":2},{"damage":0,"enemies":"Writhing Mass","floor":46,"turns":1},{"damage":48,"enemies":"2 Orb Walkers","floor":47,"turns":2},{"damage":0,"enemies":"Giant Head","floor":48,"turns":3},{"damage":83,"enemies":"Donu and Deca","floor":50,"turns":3}],"seed_played":"-9070903199233054170","potions_obtained":[{"floor":1,"key":"GamblersBrew"},{"floor":2,"key":"SmokeBomb"},{"floor":4,"key":"FearPotion"},{"floor":13,"key":"SkillPotion"},{"floor":21,"key":"SteroidPotion"},{"floor":24,"key":"ColorlessPotion"},{"floor":39,"key":"FearPotion"},{"floor":41,"key":"Ancient Potion"},{"floor":48,"key":"Weak Potion"}],"is_trial":false,"path_per_floor":["M","M","M","M","$","E","R","?","T","?","T","M","M","$","R","B",null,"M","?","$","M","$","R","M","$","T","M","R","E","$","?","R","B",null,"M","M","M","$","M","R","M","R","T","M","?","M","?","E","R","B"],"character_chosen":"IRONCLAD","items_purchased":["Cleave","Brimstone","Rip and Tear","Violence","Orichalcum","Flash of Steel","Whirlwind"],"campfire_rested":0,"item_purchase_floors":[5,14,20,20,30,30,38],"current_hp_per_floor":[74,70,76,77,77,51,51,40,40,33,33,33,39,39,39,70,80,68,68,68,56,56,56,56,56,56,62,62,68,68,68,68,73,80,80,77,80,80,65,65,62,62,62,80,80,80,38,44,44,0,0],"gold":228,"neow_bonus":"","is_daily":true,"chose_seed":false,"campfire_upgraded":7,"win_rate":0.0,"timestamp":1612299715,"path_taken":["M","M","?","M","$","E","R","?","T","?","?","M","M","?","R","BOSS","M","?","$","M","?","R","M","?","T","M","R","E","$","?","R","BOSS","M","M","M","$","M","R","M","R","T","M","?","M","?","E","R","BOSS"],"items_purchased_type":["Card","Relic","Card","Card","Relic","Card","Card"],"build_version":"2020-12-22","purchased_purges":4,"victory":false,"max_hp_per_floor":[80,80,80,80,80,80,80,80,80,80,80,80,80,80,80,80,80,80,80,80,80,80,80,80,80,80,80,80,80,80,80,80,80,80,80,80,80,80,80,80,80,80,80,80,80,80,80,80,80,80,80],"relic_stats":{"Regal Pillow":0,"Torii":6,"counters":[25,61],"Pen Nib":[12],"Juzu Bracelet":0,"Orichalcum":[66],"Cursed Key":1,"Burning Blood":123,"Shovel":1,"Mummified Hand":[0],"Pantograph":62,"Gambling Chip":[39],"Kunai":[26],"obtain_stats":[{"Regal Pillow":26,"Calipers":31,"Torii":47,"Pen Nib":11,"Juzu Bracelet":29,"Orichalcum":30,"Cursed Key":34,"Burning Blood":0,"Old Coin":26,"SlaversCollar":17,"Matryoshka":9,"Shovel":45,"Brimstone":14,"Mummified Hand":49,"Pantograph":10,"Gambling Chip":11,"Bag of Marbles":48,"Kunai":6,"Red Skull":43},{"Regal Pillow":11,"Calipers":13,"Torii":23,"Pen Nib":5,"Juzu Bracelet":13,"Orichalcum":13,"Cursed Key":14,"Burning Blood":0,"Old Coin":11,"SlaversCollar":8,"Matryoshka":5,"Shovel":21,"Brimstone":7,"Mummified Hand":24,"Pantograph":5,"Gambling Chip":5,"Bag of Marbles":24,"Kunai":5,"Red Skull":19},{"Regal Pillow":29,"Calipers":34,"Torii":55,"Pen Nib":16,"Juzu Bracelet":34,"Orichalcum":34,"Cursed Key":38,"Burning Blood":0,"Old Coin":29,"SlaversCollar":22,"Matryoshka":16,"Shovel":52,"Brimstone":20,"Mummified Hand":58,"Pantograph":16,"Gambling Chip":16,"Bag of Marbles":58,"Kunai":16,"Red Skull":49}]},"card_choices":[{"not_picked":["Clothesline"],"picked":"Flame Barrier","floor":1},{"not_picked":["Redo"],"picked":"Go for the Eyes","floor":2},{"not_picked":["Coolheaded"],"picked":"Iron Wave","floor":3},{"not_picked":["Dual Wield"],"picked":"Cold Snap","floor":4},{"not_picked":["True Grit","Rebound"],"picked":"SKIP","floor":6},{"not_picked":["Seeing Red"],"picked":"Uppercut","floor":12},{"not_picked":["Reckless Charge","Fiend Fire"],"picked":"SKIP","floor":13},{"not_picked":["Core Surge"],"picked":"Double Tap","floor":16},{"not_picked":["Havoc"],"picked":"Clash","floor":18},{"not_picked":["Leap"],"picked":"Sword Boomerang","floor":21},{"not_picked":["Fusion","Barrage"],"picked":"SKIP","floor":24},{"not_picked":["Cold Snap"],"picked":"Thunderclap","floor":27},{"not_picked":["Rebound"],"picked":"Bludgeon","floor":29},{"not_picked":["Machine Learning"],"picked":"Reaper","floor":33},{"not_picked":["Coolheaded+1"],"picked":"Gash","floor":35},{"not_picked":["Bloodletting+1","Double Energy"],"picked":"SKIP","floor":36},{"not_picked":["Lockon+1","Cleave+1"],"picked":"SKIP","floor":37},{"not_picked":["Double Energy+1"],"picked":"Doom and Gloom+1","floor":39},{"not_picked":["Carnage+1","Havoc"],"picked":"SKIP","floor":41},{"not_picked":["Leap+1","Perfected Strike"],"picked":"SKIP","floor":44},{"not_picked":["Redo","Genetic Algorithm+1"],"picked":"SKIP","floor":48}],"player_experience":877068,"relics_obtained":[{"floor":6,"key":"Kunai"},{"floor":9,"key":"Matryoshka"},{"floor":11,"key":"Pen Nib"},{"floor":11,"key":"Gambling Chip"},{"floor":26,"key":"Regal Pillow"},{"floor":26,"key":"Old Coin"},{"floor":29,"key":"Juzu Bracelet"},{"floor":43,"key":"Red Skull"},{"floor":45,"key":"Shovel"},{"floor":47,"key":"Torii"},{"floor":48,"key":"Bag of Marbles"},{"floor":49,"key":"Mummified Hand"}],"event_choices":[{"damage_healed":0,"gold_gain":75,"player_choice":"Gather Gold","damage_taken":11,"max_hp_gain":0,"max_hp_loss":0,"event_name":"World of Goop","floor":8,"gold_loss":0},{"damage_healed":0,"gold_gain":0,"player_choice":"Success","damage_taken":7,"relics_obtained":["Pantograph"],"max_hp_gain":0,"max_hp_loss":0,"event_name":"Scrap Ooze","floor":10,"gold_loss":0},{"damage_healed":0,"gold_gain":275,"player_choice":"Desecrate","damage_taken":0,"max_hp_gain":0,"max_hp_loss":0,"event_name":"Golden Shrine","floor":19,"gold_loss":0,"cards_obtained":["Regret"]},{"damage_healed":0,"gold_gain":0,"player_choice":"Opened","damage_taken":0,"relics_obtained":["Calipers"],"max_hp_gain":0,"max_hp_loss":0,"event_name":"The Mausoleum","floor":31,"gold_loss":0},{"damage_healed":0,"gold_gain":0,"player_choice":"Fight","damage_taken":0,"max_hp_gain":0,"max_hp_loss":0,"event_name":"MindBloom","floor":45,"gold_loss":0},{"damage_healed":0,"gold_gain":0,"player_choice":"Fight","damage_taken":0,"max_hp_gain":0,"max_hp_loss":0,"event_name":"Mysterious Sphere","floor":47,"gold_loss":0}],"is_beta":false,"boss_relics":[{"not_picked":["Busted Crown","Black Star"],"picked":"SlaversCollar"},{"not_picked":["Calling Bell","Philosopher\u0027s Stone"],"picked":"Cursed Key"}],"items_purged_floors":[5,20,30,38],"is_endless":false,"potions_floor_spawned":[1,2,4,13,18,21,24,39,41,44,48],"killed_by":"Donu and Deca","ascension_level":0}}