{"host":"Qube","time":1612225784,"event":{"mods":["AchievementEnabler","BaseMod","Colored Map","Colored Powertips","Highlight Path","Minty Spire (QoL Compilation)","Permanent Neow","Quick Restart","Random Character Button","StSLib"],"gold_per_floor":[110,123,138,153,153,153,187,200,225,259,259,259,259],"floor_reached":12,"language":"ENG","playtime":370,"items_purged":[],"score":180,"play_id":"32dae52c-ee8f-4c62-8926-c139c76d7b9c","local_time":"20210201162944","is_ascension_mode":true,"campfire_choices":[{"data":"Searing Blow","floor":6,"key":"SMITH"},{"data":"Searing Blow+1","floor":11,"key":"SMITH"}],"circlet_count":0,"master_deck":["AscendersBane","Strike_R","Strike_R","Strike_R","Strike_R","Strike_R","Defend_R","Defend_R","Defend_R","Defend_R","Bash","Carnage","True Grit","Cleave","Searing Blow+2","Seeing Red","Shockwave"],"relics":["Philosopher\u0027s Stone","Peace Pipe","Akabeko","Nunchaku"],"acts_visited":["Exordium"],"potions_floor_usage":[7,10],"damage_taken":[{"damage":6.0,"enemies":"2 Louse","floor":1.0,"turns":2.0},{"damage":1.0,"enemies":"Jaw Worm","floor":2.0,"turns":2.0},{"damage":0.0,"enemies":"Cultist","floor":3.0,"turns":2.0},{"damage":6,"enemies":"Gremlin Gang","floor":4,"turns":4},{"damage":12,"enemies":"3 Sentries","floor":7,"turns":6},{"damage":15,"enemies":"3 Louse","floor":8,"turns":3},{"damage":31,"enemies":"Gremlin Nob","floor":10,"turns":4},{"damage":0,"enemies":"3 Sentries","floor":12,"turns":1}],"seed_played":"-7264621232927174261","potions_obtained":[{"floor":1.0,"key":"Block Potion"},{"floor":2.0,"key":"SkillPotion"},{"floor":8,"key":"BlessingOfTheForge"}],"is_trial":false,"path_per_floor":["M","M","M","M","?","R","E","M","T","E","R","E"],"character_chosen":"IRONCLAD","items_purchased":[],"campfire_rested":0,"item_purchase_floors":[],"current_hp_per_floor":[62,61,61,55,60,60,48,33,33,2,2,2,2],"gold":259,"neow_bonus":"BOSS_RELIC","is_daily":false,"chose_seed":false,"campfire_upgraded":2,"win_rate":0.0,"timestamp":1612225784,"path_taken":["M","M","M","M","?","R","E","M","T","E","R","E"],"items_purchased_type":[],"build_version":"2020-12-18","purchased_purges":0,"victory":false,"max_hp_per_floor":[75,75,75,75,80,80,80,80,80,80,80,80,80],"card_choices":[{"not_picked":["Sever Soul","Pommel Strike"],"picked":"Carnage","floor":1.0},{"not_picked":["Pommel Strike","Havoc"],"picked":"True Grit","floor":2.0},{"not_picked":["Sentinel","Evolve"],"picked":"Cleave","floor":3.0},{"not_picked":["Iron Wave","Disarm"],"picked":"Searing Blow","floor":4},{"not_picked":["Bloodletting","Dark Embrace"],"picked":"Seeing Red","floor":7},{"not_picked":["Heavy Blade","Clothesline"],"picked":"Shockwave","floor":8},{"not_picked":["Metallicize","Havoc","Juggernaut"],"picked":"SKIP","floor":10}],"player_experience":1037815,"relics_obtained":[{"floor":7,"key":"Peace Pipe"},{"floor":9,"key":"Akabeko"},{"floor":10,"key":"Nunchaku"}],"event_choices":[{"damage_healed":0,"gold_gain":0,"player_choice":"Donut","damage_taken":0,"max_hp_gain":5,"max_hp_loss":0,"event_name":"Big Fish","floor":5,"gold_loss":0}],"is_beta":true,"boss_relics":[],"items_purged_floors":[],"is_endless":false,"potions_floor_spawned":[1,2,8],"killed_by":"3 Sentries","ascension_level":20}}