{"host":"fuszjwm6fqgjjp4d","time":1612251891,"event":{"mods":["BaseMod","Bestiary","Colored Map","DeckTracker","Minty Spire (QoL Compilation)","Permanent Neow","Relic Sorter","Relic Stats","StSLib"],"gold_per_floor":[110,128,128,143,162,162,188,200,224,224,224],"floor_reached":10,"language":"ENG","playtime":328,"items_purged":[],"score":140,"play_id":"b4466493-70ad-4000-9d98-2162e47645bd","local_time":"20210202014451","is_ascension_mode":true,"campfire_choices":[{"data":"Turbo","floor":6,"key":"SMITH"}],"circlet_count":0,"master_deck":["AscendersBane","Strike_B","Strike_B","Strike_B","Strike_B","Defend_B","Defend_B","Defend_B","Defend_B","Zap","Dualcast","Meteor Strike","Conserve Battery","Cold Snap","Ball Lightning","Turbo+1","Turbo","Stack"],"relics":["Cracked Core","FaceOfCleric","Juzu Bracelet","Bronze Scales"],"acts_visited":["Exordium"],"potions_floor_usage":[5,7,7],"damage_taken":[{"damage":2,"enemies":"Jaw Worm","floor":1,"turns":4},{"damage":1,"enemies":"Cultist","floor":2,"turns":4},{"damage":0,"enemies":"2 Louse","floor":4,"turns":2},{"damage":2,"enemies":"Large Slime","floor":5,"turns":4},{"damage":11,"enemies":"3 Sentries","floor":7,"turns":7},{"damage":5,"enemies":"2 Fungi Beasts","floor":8,"turns":3},{"damage":53,"enemies":"Gremlin Nob","floor":10,"turns":4}],"seed_played":"-3583525421383718804","potions_obtained":[{"floor":1,"key":"Energy Potion"},{"floor":4,"key":"ColorlessPotion"},{"floor":5,"key":"AttackPotion"}],"is_trial":false,"path_per_floor":["M","M","?","M","M","R","E","M","T","E"],"character_chosen":"DEFECT","items_purchased":[],"campfire_rested":0,"item_purchase_floors":[],"current_hp_per_floor":[62,61,61,62,61,61,51,47,47,0,0],"gold":224,"neow_bonus":"ONE_RANDOM_RARE_CARD","is_daily":false,"chose_seed":false,"campfire_upgraded":1,"win_rate":0.0,"timestamp":1612251891,"path_taken":["M","M","?","M","M","R","E","M","T","E"],"items_purchased_type":[],"build_version":"2020-12-22","purchased_purges":0,"victory":false,"max_hp_per_floor":[71,71,71,72,73,73,74,75,75,75,75],"relic_stats":{"FaceOfCleric":4,"counters":[7,28],"Bronze Scales":[6],"Juzu Bracelet":0,"obtain_stats":[{"FaceOfCleric":3,"Bronze Scales":9,"Juzu Bracelet":7,"Cracked Core":0},{"FaceOfCleric":2,"Bronze Scales":6,"Juzu Bracelet":5,"Cracked Core":0},{"FaceOfCleric":8,"Bronze Scales":24,"Juzu Bracelet":21,"Cracked Core":0}]},"card_choices":[{"not_picked":["Doom and Gloom","Tempest"],"picked":"Conserve Battery","floor":1},{"not_picked":["Compile Driver","Streamline"],"picked":"Cold Snap","floor":2},{"not_picked":["Cold Snap","Streamline"],"picked":"Ball Lightning","floor":4},{"not_picked":["Chaos","Storm"],"picked":"Turbo","floor":5},{"not_picked":["Barrage","Beam Cell"],"picked":"Turbo","floor":7},{"not_picked":["White Noise","Rip and Tear"],"picked":"Stack","floor":8}],"player_experience":1422985,"relics_obtained":[{"floor":7,"key":"Juzu Bracelet"},{"floor":9,"key":"Bronze Scales"}],"event_choices":[{"damage_healed":0,"gold_gain":0,"player_choice":"Trade","damage_taken":0,"relics_obtained":["FaceOfCleric"],"max_hp_gain":0,"max_hp_loss":0,"event_name":"FaceTrader","floor":3,"gold_loss":0}],"is_beta":false,"boss_relics":[],"items_purged_floors":[],"is_endless":false,"potions_floor_spawned":[1,4,5],"killed_by":"Gremlin Nob","ascension_level":20}}