{"host":"Kitsune","time":1612228817,"event":{"mods":["AchievementEnabler","BaseMod","Bestiary","Better Altar","Better Match","Better Note","Better Sensory Stone","Better Skull","Better Third Choice","BetterRewards","Block Reminder","Colored Map","Colored Powertips","Downfall","Highlight Path","LagranYue(???·?)","Marisa????????","Minty Spire (QoL Compilation)","Remilia??????","Shop Mod","StSLib","The Cursed","The Necromancer","The Servant 0.9.4","Waifu the Spire"],"gold_per_floor":[117,117,42,0,17,47,57,57,57,57,90,100,100,120,120,250,250,264,264,278,278,298,298,329,345,372,372,372,117,117,141,141,269,269,284,298,298,298,323,357,357,398,398,419,419,419,419,432,432,432],"floor_reached":51,"language":"ENG","playtime":5191,"items_purged":["LagranYue:BaseDefendCard","Injury"],"score":758,"play_id":"78e06303-8d2e-434d-948a-d96b525d9f76","local_time":"20210201202017","is_ascension_mode":false,"campfire_choices":[{"floor":15,"key":"REST"},{"data":"LagranYue:AttackRavagedCard","floor":23,"key":"SMITH"},{"floor":28,"key":"REST"},{"data":"LagranYue:SkillBlazingSevenRingsCard","floor":32,"key":"SMITH"},{"data":"LagranYue:PowerTwelveTrialsCard","floor":41,"key":"SMITH"},{"floor":45,"key":"REST"},{"floor":49,"key":"REST"}],"circlet_count":0,"master_deck":["LagranYue:BaseAttackCard","LagranYue:BaseAttackCard","LagranYue:BaseAttackCard","LagranYue:BaseDefendCard","LagranYue:BaseDefendCard","LagranYue:BaseDefendCard","LagranYue:AttackTopazCard","LagranYue:SkillBrokenSwordCard+1","LagranYue:BaseAttackCard","LagranYue:AttackEngravingRoseCard","LagranYue:AttackRubyCard","LagranYue:AttackRubyCard","LagranYue:SkillBrokenSwordCard","LagranYue:SkillCocoonEvolutionCard","LagranYue:PowerTwelveTrialsCard+1","LagranYue:SkillVictorySwordCard","CurseOfTheBell","LagranYue:PowerTwelveTrialsCard+1","LagranYue:AttackRavagedCard+1","LagranYue:SkillBrokenSwordCard+1","LagranYue:SkillBlazingSevenRingsCard+1","LagranYue:SkillGanJiangMoYeSwordCard","LagranYue:PowerKingTreasureCard+1","Madness","Madness","LagranYue:SkillFalseAerialAceCard+1","LagranYue:PowerDarkTempleCard+1"],"relics":["LagranYue:ArmsProficiencyRelics","LagranYue:RandomDrawCardRelic","NeowsBlessing","Pocketwatch","betterThird:SlimedRelic","Mercury Hourglass","AntiCross","Bag of Preparation","Golden Idol","Calling Bell","Dream Catcher","Sundial","Calipers","MutagenicStrength","Blue Candle","Anchor","Ornamental Fan","Omamori","LagranYue:SoulBurningRelic","Art of War","LagranYue:MagicReflectiveArmorRelic","Mummified Hand","Bird Faced Urn"],"acts_visited":["Exordium","TheCity","TheBeyond"],"potions_floor_usage":[50,50],"damage_taken":[{"damage":0,"enemies":"2 Louse","floor":1,"turns":2},{"damage":0,"enemies":"Jaw Worm","floor":5,"turns":1},{"damage":0,"enemies":"Lagavulin","floor":6,"turns":1},{"damage":0,"enemies":"Small Slimes","floor":7,"turns":2},{"damage":14,"enemies":"Gremlin Nob","floor":11,"turns":3},{"damage":0,"enemies":"2 Fungi Beasts","floor":12,"turns":2},{"damage":0,"enemies":"Large Slime","floor":14,"turns":4},{"damage":18,"enemies":"Slime Boss","floor":16,"turns":7},{"damage":9,"enemies":"2 Thieves","floor":18,"turns":4},{"damage":0,"enemies":"Shell Parasite","floor":20,"turns":5},{"damage":17,"enemies":"Centurion and Healer","floor":22,"turns":4},{"damage":11,"enemies":"Gremlin Leader","floor":24,"turns":6},{"damage":1,"enemies":"Cultist and Chosen","floor":25,"turns":5},{"damage":21,"enemies":"Sentry and Sphere","floor":31,"turns":5},{"damage":4,"enemies":"Automaton","floor":33,"turns":8},{"damage":15,"enemies":"3 Shapes","floor":35,"turns":2},{"damage":1,"enemies":"Orb Walker","floor":36,"turns":2},{"damage":9,"enemies":"Nemesis","floor":40,"turns":7},{"damage":2,"enemies":"Giant Head","floor":42,"turns":8},{"damage":5,"enemies":"Writhing Mass","floor":44,"turns":5},{"damage":26,"enemies":"Spire Growth","floor":48,"turns":5},{"damage":39,"enemies":"Time Eater","floor":50,"turns":10}],"seed_played":"835498017731244161","potions_obtained":[{"floor":1,"key":"EntropicBrew"},{"floor":5,"key":"PowerPotion"},{"floor":7,"key":"FairyPotion"},{"floor":24,"key":"Regen Potion"},{"floor":48,"key":"Regen Potion"}],"is_trial":false,"path_per_floor":["M","?","$","?","M","E","M","$","T","?","E","M","?","M","R","B",null,"M","?","M","?","M","R","E","M","T","?","R","$","?","M","R","B",null,"M","M","?","?","T","E","R","E","T","M","R","?","?","M","R","B",null],"character_chosen":"LagranYueCharacter","items_purchased":["Omamori"],"campfire_rested":4,"item_purchase_floors":[29],"current_hp_per_floor":[75,63,63,52,52,52,52,52,52,52,38,38,38,38,60,42,75,66,66,66,66,49,49,38,38,38,38,60,60,60,40,40,36,77,62,61,61,51,51,42,42,40,40,38,60,60,60,38,60,50],"gold":432,"neow_bonus":"THREE_ENEMY_KILL","is_daily":false,"chose_seed":false,"campfire_upgraded":3,"win_rate":0.0,"timestamp":1612228817,"path_taken":["M","?","$","?","M","E","M","?","T","?","E","M","?","M","R","BOSS","M","?","M","?","M","R","E","M","T","?","R","?","?","M","R","BOSS","M","M","?","?","?","E","R","E","T","M","R","?","?","M","R","BOSS"],"items_purchased_type":["Relic"],"build_version":"2020-12-18","purchased_purges":2,"victory":true,"max_hp_per_floor":[75,75,75,75,75,75,75,75,75,75,75,75,75,75,75,75,75,75,75,75,75,75,75,75,76,76,76,76,76,76,77,77,77,77,77,77,77,77,77,77,77,77,77,77,77,77,77,77,77,77],"card_choices":[{"not_picked":["LagranYue:DefendBetterCard","LagranYue:SkillDistortionCard"],"picked":"LagranYue:AttackEngravingRoseCard","floor":1},{"not_picked":["LagranYue:SkillLiberationCard","LagranYue:SkillDeadlyBloomCard"],"picked":"LagranYue:AttackRubyCard","floor":5},{"not_picked":["LagranYue:SkillEightFeetJadeCard","LagranYue:PowerKingTreasureCard"],"picked":"LagranYue:AttackRubyCard","floor":6},{"not_picked":["LagranYue:DefendBetterCard","LagranYue:AttackTopazCard"],"picked":"LagranYue:SkillBrokenSwordCard","floor":7},{"not_picked":["LagranYue:AttackDivineGuidanceCard","LagranYue:AttackAerCard"],"picked":"LagranYue:SkillCocoonEvolutionCard","floor":11},{"not_picked":["LagranYue:AttackIceCard","LagranYue:AttackEngravingRoseCard"],"picked":"LagranYue:PowerTwelveTrialsCard","floor":12},{"not_picked":["LagranYue:AttackDevilCard","LagranYue:SkillIncompleteArchCard","LagranYue:AttackBetterCard"],"picked":"SKIP","floor":14},{"not_picked":["LagranYue:AttackEmeraldCard","LagranYue:SkillHeartWaterCard"],"picked":"LagranYue:SkillVictorySwordCard","floor":16},{"not_picked":["LagranYue:SkillGaeBolgCard","LagranYue:AttackCrowCrossbowCard"],"picked":"LagranYue:PowerTwelveTrialsCard+1","floor":18},{"not_picked":["LagranYue:SkillWoodSpearCard+1","LagranYue:SkillDeadlyBloomCard+1","LagranYue:PowerBloodyTempleCard"],"picked":"SKIP","floor":20},{"not_picked":["LagranYue:SkillDevilKissCard","LagranYue:AttackRubyCard"],"picked":"LagranYue:AttackRavagedCard","floor":22},{"not_picked":["LagranYue:SkillBrokenShieldCard+1","LagranYue:EatTigerCard","LagranYue:SkillWoodSpearCard"],"picked":"SKIP","floor":24},{"not_picked":["LagranYue:RubyDefendCard","LagranYue:AttackTopazCard","LagranYue:SkillDeadlyBloomCard"],"picked":"SKIP","floor":25},{"not_picked":["LagranYue:PowerBloodyTempleCard+1","LagranYue:BraveTemperamentCard"],"picked":"LagranYue:SkillBlazingSevenRingsCard","floor":31},{"not_picked":["LagranYue:AttackMagicSwordCard","LagranYue:PowerDoubleArmsCard"],"picked":"LagranYue:SkillGanJiangMoYeSwordCard","floor":33},{"not_picked":["LagranYue:EatTigerCard+1","LagranYue:AttackDevilCard","LagranYue:AttackCrowCrossbowCard"],"picked":"SKIP","floor":35},{"not_picked":["LagranYue:SkillDistortionCard","LagranYue:AttackRubyCard"],"picked":"LagranYue:PowerKingTreasureCard+1","floor":36},{"not_picked":["LagranYue:AttackMagicSwordCard","LagranYue:MultipleThornsCard"],"picked":"LagranYue:SapphirePrayerCard","floor":40},{"not_picked":["LagranYue:PhysicalFitnessCard+1","LagranYue:SkillDeadlyBloomCard+1"],"picked":"LagranYue:SkillFalseAerialAceCard+1","floor":42},{"not_picked":["LagranYue:SkillExplosiveArmorCard+1","LagranYue:AttackIceCard"],"picked":"LagranYue:PowerDarkTempleCard+1","floor":44},{"not_picked":["LagranYue:ForgingCard","LagranYue:AttackKillerCard","LagranYue:AttackPurpleCard"],"picked":"SKIP","floor":48}],"player_experience":135830,"relics_obtained":[{"floor":6,"key":"Mercury Hourglass"},{"floor":9,"key":"AntiCross"},{"floor":11,"key":"Bag of Preparation"},{"floor":17,"key":"Dream Catcher"},{"floor":17,"key":"Sundial"},{"floor":17,"key":"Calipers"},{"floor":24,"key":"Blue Candle"},{"floor":26,"key":"Anchor"},{"floor":39,"key":"Art of War"},{"floor":40,"key":"LagranYue:MagicReflectiveArmorRelic"},{"floor":42,"key":"Mummified Hand"},{"floor":43,"key":"Bird Faced Urn"}],"event_choices":[{"damage_healed":0,"gold_gain":0,"player_choice":"Relic ","damage_taken":12,"max_hp_gain":0,"max_hp_loss":0,"event_name":"betterThird:BetterScrap","floor":2,"gold_loss":0,"cards_obtained":["Crippling Poison"]},{"damage_healed":0,"gold_gain":0,"player_choice":"Slimed","damage_taken":11,"max_hp_gain":0,"max_hp_loss":0,"event_name":"betterThird:BetterGoop","floor":4,"gold_loss":42},{"damage_healed":0,"gold_gain":0,"player_choice":"Grow","damage_taken":0,"max_hp_gain":0,"max_hp_loss":0,"event_name":"Living Wall","floor":10,"gold_loss":0,"cards_upgraded":["LagranYue:SkillBrokenSwordCard"]},{"damage_healed":0,"gold_gain":0,"player_choice":"Take Wound","damage_taken":0,"relics_obtained":["Golden Idol"],"max_hp_gain":0,"max_hp_loss":0,"event_name":"Golden Idol","floor":13,"gold_loss":0,"cards_obtained":["Injury"]},{"cards_removed":["LagranYue:SkillBrokenSwordCard"],"damage_healed":0,"gold_gain":0,"player_choice":"Give","damage_taken":0,"max_hp_gain":0,"max_hp_loss":0,"event_name":"betterNote:BetterNote","floor":19,"gold_loss":0,"cards_obtained":["None"]},{"damage_healed":0,"gold_gain":0,"player_choice":"Inject Mutagens","damage_taken":0,"relics_obtained":["MutagenicStrength"],"max_hp_gain":0,"max_hp_loss":0,"event_name":"Drug Dealer","floor":21,"gold_loss":0},{"damage_healed":0,"gold_gain":0,"player_choice":"Opened","damage_taken":0,"relics_obtained":["Ornamental Fan"],"max_hp_gain":0,"max_hp_loss":0,"event_name":"The Mausoleum","floor":27,"gold_loss":0},{"damage_healed":0,"gold_gain":2,"player_choice":"4","damage_taken":0,"max_hp_gain":0,"max_hp_loss":0,"event_name":"betterStone:BetterStone","floor":30,"gold_loss":0,"cards_obtained":["LagranYue:SkillBrokenSwordCard"]},{"damage_healed":0,"gold_gain":0,"player_choice":"Ignored","damage_taken":0,"max_hp_gain":0,"max_hp_loss":0,"event_name":"Tomb of Lord Red Mask","floor":37,"gold_loss":0},{"damage_healed":0,"gold_gain":0,"player_choice":"Embrace Madness","damage_taken":10,"max_hp_gain":0,"max_hp_loss":0,"event_name":"Winding Halls","floor":38,"gold_loss":0,"cards_obtained":["Madness","Madness"]},{"cards_removed":["LagranYue:SapphirePrayerCard"],"damage_healed":0,"gold_gain":0,"player_choice":"Removed Skill","damage_taken":0,"max_hp_gain":0,"max_hp_loss":0,"event_name":"Falling","floor":46,"gold_loss":0},{"damage_healed":0,"gold_gain":0,"player_choice":"Ignored","damage_taken":0,"max_hp_gain":0,"max_hp_loss":0,"event_name":"Mysterious Sphere","floor":47,"gold_loss":0}],"is_beta":true,"boss_relics":[{"not_picked":["Velvet Choker","Sozu"],"picked":"Calling Bell"},{"not_picked":["Philosopher\u0027s Stone","Cursed Key"],"picked":"LagranYue:SoulBurningRelic"}],"items_purged_floors":[3,29],"is_endless":false,"potions_floor_spawned":[1,5,7,16,20,22,24,25,33,35,42,44,48],"ascension_level":0}}