{"host":"klqcd4cqxrk2p1u3","time":1612299199,"event":{"mods":["BaseMod","Downfall","Minty Spire (QoL Compilation)","StSLib"],"gold_per_floor":[99,118,136,151,163,163,245,15,15,33,50,63,81,110,127,226,226,26,44,58,58,77,97,120,134,15,15,15,15,15,34,46,146,146,46,62,85,17,117,117,117,117,132,132,25,37,53,103,117,117,117,117],"floor_reached":50,"language":"ENG","playtime":8550,"items_purged":[],"score":577,"play_id":"70a533e8-bfb3-4a8d-8d30-e6a60a3c480e","local_time":"20210202155319","is_ascension_mode":false,"campfire_choices":[{"floor":1.0,"key":"RECALL"},{"floor":9.0,"key":"REST"},{"data":"bronze:AlphaBuild","floor":18.0,"key":"SMITH"},{"floor":28.0,"key":"REST"},{"data":"bronze:Shell","floor":29.0,"key":"SMITH"},{"data":"bronze:Shell","floor":30.0,"key":"SMITH"},{"data":"bronze:Assembly","floor":35.0,"key":"SMITH"}],"circlet_count":0,"master_deck":["bronze:Strike","bronze:Strike","bronze:Strike","bronze:Defend","bronze:Defend","bronze:Defend","bronze:Defend","bronze:Replicate","bronze:Goto","bronze:FineTuning","bronze:InfiniteBeams","bronze:ChosenStrike","bronze:Constructor","bronze:Shell+1","bronze:ChosenStrike","bronze:TinkerersToolbox","bronze:ItsAFeature","bronze:Branch","bronze:Mutator","bronze:Return","bronze:Frontload","bronze:GetLatest","bronze:AlphaBuild+1","bronze:DelayedGuard","bronze:Turbo","bronze:Frontload","bronze:BuggyMess+1","bronze:BitShift","bronze:Shell+1","bronze:Constructor","bronze:Branch","bronze:BitShift+1","bronze:Terminator","bronze:Assembly+1","bronze:WhirlingStrike+1","bronze:Shell","bronze:BuggyMess","bronze:Goto","bronze:WildBeam","bronze:DigitalCarnage","bronze:HardenedForm","Finesse","bronze:Iterate+1","bronze:Separator","bronze:Boost","bronze:BugBarrage","bronze:Shield","expansioncontent:DashGenerateEvil","bronze:Optimize","bronze:Constructor+1","bronze:Repulsor+1","bronze:Fortify+1","bronze:GetLatest"],"relics":["bronze:BronzeCore","Happy Flower","bronze:MakeshiftBattery","downfall:HeartBlessingBlue","downfall:HeartBlessingRed","WingedGreaves","Juzu Bracelet","Sozu","downfall:HeartBlessingGreen","Dream Catcher","downfall:GremlinSack","Incense Burner","Blue Candle","Mercury Hourglass","Pocketwatch"],"acts_visited":["Exordium","TheCity","TheBeyond"],"potions_floor_usage":[],"damage_taken":[{"damage":6.0,"enemies":"Cultist","floor":2.0,"turns":4.0},{"damage":1.0,"enemies":"Jaw Worm","floor":3.0,"turns":4.0},{"damage":12.0,"enemies":"Small Slimes","floor":4.0,"turns":5.0},{"damage":9.0,"enemies":"Blue Slaver","floor":5.0,"turns":5.0},{"damage":0.0,"enemies":"downfall:FleeingMerchant","floor":8.0,"turns":4.0},{"damage":1.0,"enemies":"2 Fungi Beasts","floor":10.0,"turns":3.0},{"damage":6.0,"enemies":"Exordium Thugs","floor":11.0,"turns":5.0},{"damage":8.0,"enemies":"Gremlin Gang","floor":12.0,"turns":6.0},{"damage":0.0,"enemies":"2 Fungi Beasts","floor":13.0,"turns":2.0},{"damage":0.0,"enemies":"Lagavulin","floor":14.0,"turns":6.0},{"damage":8.0,"enemies":"3 Louse","floor":15.0,"turns":3.0},{"damage":6.0,"enemies":"DF_ARCHETYPE_STREAMLINE","floor":16.0,"turns":14.0},{"damage":3.0,"enemies":"3 Byrds","floor":19.0,"turns":6.0},{"damage":5.0,"enemies":"Cultist and Chosen","floor":20.0,"turns":4.0},{"damage":7.0,"enemies":"Centurion and Healer","floor":22.0,"turns":5.0},{"damage":16.0,"enemies":"Snake Plant","floor":23.0,"turns":2.0},{"damage":5.0,"enemies":"Shelled Parasite and Fungi","floor":25.0,"turns":8.0},{"damage":0.0,"enemies":"downfall:FleeingMerchant","floor":26.0,"turns":4.0},{"damage":10.0,"enemies":"Snecko","floor":31.0,"turns":6.0},{"damage":18.0,"enemies":"Centurion and Healer","floor":32.0,"turns":7.0},{"damage":31.0,"enemies":"WA_ARCHETYPE_CALM","floor":33.0,"turns":11.0},{"damage":0.0,"enemies":"3 Shapes","floor":36.0,"turns":3.0},{"damage":0.0,"enemies":"downfall:FleeingMerchant","floor":38.0,"turns":4.0},{"damage":0.0,"enemies":"downfall:FleeingMerchant","floor":39.0,"turns":3.0},{"damage":15.0,"enemies":"3 Darklings","floor":43.0,"turns":9.0},{"damage":4,"enemies":"downfall:FleeingMerchant","floor":45,"turns":4},{"damage":0,"enemies":"4 Shapes","floor":46,"turns":3},{"damage":8,"enemies":"Writhing Mass","floor":47,"turns":5},{"damage":0,"enemies":"Writhing Mass","floor":48,"turns":3},{"damage":34,"enemies":"Transient","floor":49,"turns":5},{"damage":29,"enemies":"SI_POISON_ARCHETYPE","floor":50,"turns":3}],"seed_played":"-7099052682859841327","potions_obtained":[{"floor":4.0,"key":"SteroidPotion"},{"floor":11.0,"key":"SkillPotion"},{"floor":12.0,"key":"LiquidBronze"},{"floor":13.0,"key":"EssenceOfSteel"},{"floor":14.0,"key":"SteroidPotion"},{"floor":23.0,"key":"SteroidPotion"},{"floor":25.0,"key":"LiquidBronze"},{"floor":31.0,"key":"sneckomod:MuddlingPotion"},{"floor":32.0,"key":"hexamod:SoulburnPotion"}],"is_trial":false,"path_per_floor":["R","M","M","M","M","?","T","$","R","M","M","M","M","E","M","B",null,"R","M","M","?","M","M","T","M","$","?","R","R","R","M","M","B",null,"R","M","?","$","?","?","T","?","M","?","$","M","M","?","M","B"],"character_chosen":"THE_AUTOMATON","items_purchased":["bronze:ChosenStrike","bronze:TinkerersToolbox","bronze:Constructor","bronze:Branch","bronze:BuggyMess","expansioncontent:DashGenerateEvil","Mercury Hourglass","bronze:Optimize"],"campfire_rested":2,"item_purchase_floors":[8,8,26,26,38,45,45,45],"current_hp_per_floor":[77,71,70,58,49,49,49,49,72,71,65,57,57,57,49,43,77,87,84,79,79,72,56,56,51,51,51,77,77,77,67,49,18,87,87,87,87,87,87,87,87,87,72,67,63,63,55,55,21,0,0,0],"gold":117,"neow_bonus":"TEN_PERCENT_HP_BONUS","is_daily":false,"chose_seed":false,"campfire_upgraded":4,"win_rate":0.0,"timestamp":1612299199,"path_taken":["R","M","M","M","M","?","T","?","R","M","M","M","?","E","M","BOSS","R","M","M","?","M","M","T","M","$","?","R","R","R","M","M","BOSS","R","M","?","$","?","?","T","?","M","?","$","M","M","?","M","BOSS"],"items_purchased_type":["Card","Card","Card","Card","Card","Card","Relic","Card"],"build_version":"2020-12-22","purchased_purges":0,"victory":false,"max_hp_per_floor":[77,77,77,77,77,77,77,77,77,77,77,77,77,77,77,77,77,87,87,87,87,87,87,87,87,87,87,87,87,87,87,87,87,87,87,87,87,87,87,87,87,87,87,87,87,87,87,87,87,87,87,87],"card_choices":[{"not_picked":["bronze:Iterate","bronze:ForLoop"],"picked":"bronze:FineTuning","floor":2.0},{"not_picked":["bronze:BitShift","bronze:ClassDefault"],"picked":"bronze:InfiniteBeams","floor":3.0},{"not_picked":["bronze:Optimize","bronze:DelayedGuard"],"picked":"bronze:ChosenStrike","floor":4.0},{"not_picked":["bronze:BuggyMess","bronze:Deprecate"],"picked":"bronze:Constructor","floor":5.0},{"not_picked":["bronze:Philosophize","bronze:Overheat"],"picked":"bronze:Shell","floor":8.0},{"not_picked":["bronze:BitShift","bronze:Safeguard"],"picked":"bronze:ItsAFeature","floor":10.0},{"not_picked":["bronze:BugBarrage","bronze:WildBeam"],"picked":"bronze:Branch","floor":11.0},{"not_picked":["bronze:Deprecate","bronze:ItsAFeature"],"picked":"bronze:Mutator","floor":12.0},{"not_picked":["bronze:Overheat","bronze:ChildClass"],"picked":"bronze:Return","floor":13.0},{"not_picked":["bronze:BurnOut","bronze:Fortify"],"picked":"bronze:Frontload","floor":14.0},{"not_picked":["bronze:WildBeam","bronze:Iterate"],"picked":"bronze:GetLatest","floor":15.0},{"not_picked":["bronze:ShipIt","bronze:Mutator"],"picked":"bronze:AlphaBuild","floor":16.0},{"not_picked":["bronze:Iterate","bronze:Overheat"],"picked":"bronze:DelayedGuard","floor":19.0},{"not_picked":["bronze:BronzeArmor+1","bronze:BitShift"],"picked":"bronze:Turbo","floor":20.0},{"not_picked":["bronze:Deprecate+1","bronze:BitShift"],"picked":"bronze:Frontload","floor":22.0},{"not_picked":["bronze:Return","bronze:Deprecate"],"picked":"bronze:BuggyMess+1","floor":23.0},{"not_picked":["bronze:Shield","bronze:Invalidate+1"],"picked":"bronze:BitShift","floor":25.0},{"not_picked":["bronze:DelayedSlice","bronze:BuggyMess+1"],"picked":"bronze:Shell","floor":26.0},{"not_picked":["bronze:DelayedSlice","bronze:WildBeam"],"picked":"bronze:BitShift+1","floor":31.0},{"not_picked":["bronze:DarkDash+1","bronze:Frontload"],"picked":"bronze:Terminator","floor":32.0},{"not_picked":["bronze:CleanCode","bronze:HardenedForm"],"picked":"bronze:Assembly","floor":33.0},{"not_picked":["bronze:ChildClass","bronze:Iterate"],"picked":"bronze:WhirlingStrike+1","floor":36.0},{"not_picked":["bronze:OilSpill","bronze:DarkDash"],"picked":"bronze:Shell","floor":38.0},{"not_picked":["bronze:DigitalCarnage+1","bronze:OilSpill+1"],"picked":"bronze:Iterate+1","floor":39.0},{"not_picked":["bronze:Philosophize+1","bronze:DelayedSlice"],"picked":"bronze:BugBarrage","floor":43},{"not_picked":["bronze:ForceShield","bronze:BugBarrage"],"picked":"bronze:Shield","floor":45},{"not_picked":["bronze:BuggyMess+1","bronze:SpaghettiCode"],"picked":"bronze:Constructor+1","floor":46},{"not_picked":["bronze:BugBarrage","bronze:Optimize+1"],"picked":"bronze:Repulsor+1","floor":47},{"not_picked":["bronze:CutThrough","bronze:Repulsor"],"picked":"bronze:Fortify+1","floor":48},{"not_picked":["bronze:MaxOutput+1","bronze:CutThrough"],"picked":"bronze:GetLatest","floor":49}],"player_experience":1401427,"relics_obtained":[{"floor":14.0,"key":"Happy Flower"},{"floor":24.0,"key":"Juzu Bracelet"},{"floor":37.0,"key":"Dream Catcher"},{"floor":39.0,"key":"downfall:GremlinSack"},{"floor":41.0,"key":"Incense Burner"},{"floor":48,"key":"Pocketwatch"}],"event_choices":[],"is_beta":false,"boss_relics":[{"not_picked":["Runic Pyramid","Snecko Eye"],"picked":"bronze:MakeshiftBattery"},{"not_picked":["Astrolabe","SacredBark"],"picked":"Sozu"}],"items_purged_floors":[],"is_endless":false,"potions_floor_spawned":[4,11,12,13,14,23,25,31,32,36,39,46,48],"killed_by":"SI_POISON_ARCHETYPE","ascension_level":0}}