{"host":"7w1f7px7r26mario","time":1612265264,"event":{"mods":["Act Like it!","BaseMod","Conspire","Energized Spire","Gensokyo","Lobotomy","LobotomyExtend","Minty Spire (QoL Compilation)","Pale of the Ancients","Quick Restart","Relic Stats","Replay The Spire","Robot Space Explorer","StSLib","TestMod","[IsaacMod]ÒÔÈö¼âËþ","¡¾ÒÅÎï¿¨ÅÆ¡¿REMEMod"],"gold_per_floor":[115,127,144,155,155,155,555,574,574,617,617,617,468,489,489,619,619,650,690,690,690,716,748,748,774,774,805,840,840,854,884,884,958,958,988,1022,468,493,493,530,589,589,589,635,659,705,705,765,818,869,869,903,944,964,964],"floor_reached":54,"language":"ZHS","playtime":4633,"items_purged":["RobotSpaceExplorer:Strike"],"score":1486,"play_id":"b23e851a-430b-4413-8555-60e5e9f0a249","local_time":"20210202192744","is_ascension_mode":false,"campfire_choices":[{"data":"RobotSpaceExplorer:Pulsar","floor":6.0,"key":"SMITH"},{"floor":15.0,"key":"REST"},{"floor":24,"key":"REST"},{"floor":32,"key":"DIG"},{"floor":47,"key":"RECALL"},{"floor":51,"key":"DIG"}],"circlet_count":0,"master_deck":["RobotSpaceExplorer:Strike","RobotSpaceExplorer:Strike","RobotSpaceExplorer:Strike","RobotSpaceExplorer:Defend","RobotSpaceExplorer:Defend","RobotSpaceExplorer:Defend","RobotSpaceExplorer:Defend","RobotSpaceExplorer:Scan","RobotSpaceExplorer:MiniLasers","RobotSpaceExplorer:ScrapToss","RobotSpaceExplorer:ScrapMissile","RobotSpaceExplorer:Pulsar+1","RobotSpaceExplorer:SurgingShield","RobotSpaceExplorer:ScrapMissile","QueenOfHatred","Recycle","Magnetism","RobotSpaceExplorer:ImprovisedAttack","Wellcheers","Prepared","Weave","Calculated Gamble","Offering","LaLuna","Sword Boomerang","testmod-Recap","REME_Flogging","Dramatic Entrance+1","JustLucky+1","Writhe","JustLucky","SomewhereSpear+1","Wish","RedEyes"],"relics":["RobotSpaceExplorer:RoboCore","HushsDoor","HowToJump","testmod-PortableAltar","CogitoBucket","LetterFromLob","Bloody Idol","Matryoshka","Torii","PrismaticShard","ResearcherNote","ChampionBelt","Gremlin Food","RedMistMask","Unceasing Top","Potion Belt","testmod-CrystalShield","testmod-OneHitWonder","InkBottle","Kunai","Mercury Hourglass","BackwardClock","Replay:Wax Seal","Orichalcum","conspire:SpecialSausage","Blue Doll","Strawberry","Vajra","Toolbox","Ancient Tea Set","Replay:Bandana","testmod-IndustrialRevolution","PillsDrop","ReplayTheSpireMod:TigerMarble","Simple Rune","PreservedInsect","Bird Faced Urn","ChangeAnything","Eternal Feather","ReplayTheSpireMod:Shallot","Mirror","paleoftheancients:Timepiece","paleoftheancients:KeyRelic","CultistMask","paleoftheancients:SoulOfTheThorton","Golden Egg"],"acts_visited":["Exordium","TheCity","TheBeyond","paleoftheancients:PaleOfTheAncients"],"potions_floor_usage":[19,22,23,28,52,52,54,54],"damage_taken":[{"damage":3.0,"enemies":"Cultist","floor":1.0,"turns":3.0},{"damage":8.0,"enemies":"Small Slimes","floor":2.0,"turns":3.0},{"damage":2.0,"enemies":"2 Louse","floor":3.0,"turns":2.0},{"damage":5.0,"enemies":"Blue Slaver","floor":4.0,"turns":3.0},{"damage":2.0,"enemies":"3 Louse","floor":8.0,"turns":3.0},{"damage":1.0,"enemies":"Gremlin Nob","floor":10.0,"turns":3.0},{"damage":29.0,"enemies":"Red Slaver","floor":14.0,"turns":7.0},{"damage":21.0,"enemies":"Fading Forest","floor":16.0,"turns":11.0},{"damage":0,"enemies":"Replay:Snechameleon","floor":18,"turns":4},{"damage":22,"enemies":"Gremlin Leader","floor":19,"turns":5},{"damage":6,"enemies":"REME_1_Revenger","floor":22,"turns":3},{"damage":10,"enemies":"Replay:Snechameleon","floor":23,"turns":3},{"damage":1,"enemies":"Gremlin Leader","floor":25,"turns":5},{"damage":1,"enemies":"Replay:Snechameleon","floor":27,"turns":4},{"damage":15,"enemies":"Slavers","floor":28,"turns":4},{"damage":7,"enemies":"2 Thieves","floor":30,"turns":5},{"damage":0,"enemies":"conspire:SneckoGhost","floor":31,"turns":4},{"damage":6,"enemies":"Automaton","floor":33,"turns":4},{"damage":41,"enemies":"Nemesis","floor":35,"turns":5},{"damage":16,"enemies":"conspire:MimicChest","floor":36,"turns":4},{"damage":0,"enemies":"Giant Head","floor":38,"turns":5},{"damage":0,"enemies":"Nemesis","floor":40,"turns":3},{"damage":0,"enemies":"Reptomancer","floor":41,"turns":3},{"damage":0,"enemies":"R_Hoarder","floor":44,"turns":5},{"damage":2,"enemies":"Nemesis","floor":46,"turns":1},{"damage":0,"enemies":"3 Darklings","floor":48,"turns":3},{"damage":0,"enemies":"Reptomancer","floor":49,"turns":3},{"damage":0,"enemies":"R_Hoarder","floor":50,"turns":2},{"damage":0,"enemies":"FixerMidnight","floor":52,"turns":9},{"damage":0,"enemies":"paleoftheancients:Thorton3","floor":53,"turns":1},{"damage":29,"enemies":"paleoftheancients:Thorton3","floor":54,"turns":10}],"seed_played":"-791443828755961575","potions_obtained":[{"floor":1.0,"key":"Dexterity Potion"},{"floor":3.0,"key":"Fruit Juice"},{"floor":4.0,"key":"RobotSpaceExplorer:PlasmaFlask"},{"floor":10.0,"key":"DuplicationPotion"},{"floor":18,"key":"Fire Potion"},{"floor":19,"key":"Block Potion"},{"floor":22,"key":"LiquidMemories"},{"floor":30,"key":"EssenceOfSteel"},{"floor":36,"key":"Strength Potion"},{"floor":38,"key":"Energy Potion"},{"floor":40,"key":"GamblersBrew"},{"floor":44,"key":"Elixir"},{"floor":46,"key":"AttackPotion"}],"is_trial":false,"path_per_floor":["M","M","M","M","?","R","?","M","T","E","M","?","$","M","R","B",null,"M","M","?","?","M","E","R","E","T","M","E","?","M","E","R","B",null,"M","?","$","M","?","E","M","PTL","PTL","E","T","M","R","M","E","M","R","B","M","M"],"character_chosen":"RobotSpaceExplorer","items_purchased":["PrismaticShard","Vajra","Toolbox","Ancient Tea Set"],"campfire_rested":2,"item_purchase_floors":[13,37,37,37],"current_hp_per_floor":[71,63,66,61,43,43,43,41,41,40,40,25,25,8,27,33,56,62,40,40,40,39,37,53,55,54,53,48,48,50,49,48,46,46,15,27,27,32,42,47,46,45,44,43,42,41,40,36,35,34,33,32,31,1,1],"gold":964,"neow_bonus":"","is_daily":false,"chose_seed":false,"campfire_upgraded":1,"win_rate":0.0,"timestamp":1612265264,"path_taken":["M","M","?","?","?","R","?","M","T","E","M","?","$","M","R","BOSS","M","M","?","?","M","E","R","E","T","?","E","?","M","E","R","BOSS","M","?","$","M","?","E","M","PTL","PTL","E","T","M","R","?","E","M","R","BOSS","M","M"],"items_purchased_type":["Relic","Relic","Relic","Relic"],"build_version":"2020-12-22","purchased_purges":1,"victory":false,"max_hp_per_floor":[74,73,77,76,75,74,73,72,71,70,69,68,67,66,65,64,63,62,61,60,59,58,57,56,55,54,53,52,51,50,49,48,47,46,45,51,50,49,48,47,46,45,44,43,42,41,40,36,35,34,33,32,31,30,30],"relic_stats":{"Torii":11,"counters":[34,132],"Bloody Idol":53,"Bird Faced Urn":[0],"Eternal Feather":0,"PreservedInsect":227,"Kunai":[56],"Orichalcum":[42],"obtain_stats":[{"Golden Egg":53,"Vajra":37,"testmod-PortableAltar":0,"Strawberry":36,"Kunai":27,"Replay:Wax Seal":31,"KeepersGift":0,"BackwardClock":30,"paleoftheancients:KeyRelic":52,"testmod-TestBox":0,"Eternal Feather":49,"paleoftheancients:Timepiece":52,"ReplayTheSpireMod:Shallot":50,"Bird Faced Urn":46,"Simple Rune":45,"CultistMask":52,"ReplayTheSpireMod:TigerMarble":44,"HushsDoor":0,"Mirror":51,"Unceasing Top":19,"testmod-OneHitWonder":25,"Torii":10,"ResearcherNote":14,"conspire:SpecialSausage":34,"Blue Doll":35,"PrismaticShard":13,"Ancient Tea Set":37,"CogitoBucket":0,"testmod-CrystalShield":23,"Replay:Bandana":38,"Matryoshka":9,"ChampionBelt":17,"PillsDrop":41,"Toolbox":37,"InkBottle":26,"Gremlin Food":18,"Potion Belt":22,"HowToJump":0,"Golden Idol":5,"RobotSpaceExplorer:RoboCore":0,"PreservedInsect":45,"Orichalcum":32,"testmod-IndustrialRevolution":40,"Mercury Hourglass":28,"Bloody Idol":21,"RedMistMask":18,"LetterFromLob":1,"paleoftheancients:SoulOfTheThorton":53,"ChangeAnything":48},{"Golden Egg":33,"Vajra":22,"testmod-PortableAltar":0,"Strawberry":22,"Kunai":15,"Replay:Wax Seal":19,"KeepersGift":0,"BackwardClock":18,"paleoftheancients:KeyRelic":32,"testmod-TestBox":0,"Eternal Feather":30,"paleoftheancients:Timepiece":32,"ReplayTheSpireMod:Shallot":31,"Bird Faced Urn":27,"Simple Rune":26,"CultistMask":32,"ReplayTheSpireMod:TigerMarble":26,"HushsDoor":0,"Mirror":31,"Unceasing Top":11,"testmod-OneHitWonder":14,"Torii":6,"ResearcherNote":8,"conspire:SpecialSausage":20,"Blue Doll":21,"PrismaticShard":6,"Ancient Tea Set":22,"CogitoBucket":0,"testmod-CrystalShield":13,"Replay:Bandana":23,"Matryoshka":5,"ChampionBelt":9,"PillsDrop":25,"Toolbox":22,"InkBottle":14,"Gremlin Food":10,"Potion Belt":12,"HowToJump":0,"Golden Idol":4,"RobotSpaceExplorer:RoboCore":0,"PreservedInsect":26,"Orichalcum":19,"testmod-IndustrialRevolution":24,"Mercury Hourglass":16,"Bloody Idol":11,"RedMistMask":10,"LetterFromLob":1,"paleoftheancients:SoulOfTheThorton":33,"ChangeAnything":29},{"Golden Egg":122,"Vajra":87,"testmod-PortableAltar":0,"Strawberry":87,"Kunai":60,"Replay:Wax Seal":74,"KeepersGift":0,"BackwardClock":70,"paleoftheancients:KeyRelic":121,"testmod-TestBox":0,"Eternal Feather":110,"paleoftheancients:Timepiece":121,"ReplayTheSpireMod:Shallot":112,"Bird Faced Urn":104,"Simple Rune":103,"CultistMask":121,"ReplayTheSpireMod:TigerMarble":103,"HushsDoor":0,"Mirror":112,"Unceasing Top":45,"testmod-OneHitWonder":56,"Torii":17,"ResearcherNote":25,"conspire:SpecialSausage":78,"Blue Doll":83,"PrismaticShard":17,"Ancient Tea Set":87,"CogitoBucket":0,"testmod-CrystalShield":51,"Replay:Bandana":92,"Matryoshka":14,"ChampionBelt":36,"PillsDrop":98,"Toolbox":87,"InkBottle":56,"Gremlin Food":40,"Potion Belt":48,"HowToJump":0,"Golden Idol":11,"RobotSpaceExplorer:RoboCore":0,"PreservedInsect":103,"Orichalcum":74,"testmod-IndustrialRevolution":95,"Mercury Hourglass":64,"Bloody Idol":45,"RedMistMask":40,"LetterFromLob":3,"paleoftheancients:SoulOfTheThorton":122,"ChangeAnything":108}],"Unceasing Top":[23],"InkBottle":[47],"Mercury Hourglass":[216]},"card_choices":[{"not_picked":[],"picked":"Bomb","floor":0.0},{"not_picked":["RobotSpaceExplorer:ShockKick","RobotSpaceExplorer:MakeshiftVolley"],"picked":"RobotSpaceExplorer:ScrapToss","floor":1.0},{"not_picked":["RobotSpaceExplorer:SurgingShield","RobotSpaceExplorer:Electroshield"],"picked":"RobotSpaceExplorer:ScrapMissile","floor":2.0},{"not_picked":["RobotSpaceExplorer:Ammunition","RobotSpaceExplorer:StunGrenade"],"picked":"RobotSpaceExplorer:Pulsar","floor":3.0},{"not_picked":["RobotSpaceExplorer:Fix","RobotSpaceExplorer:Probe"],"picked":"RobotSpaceExplorer:SurgingShield","floor":4.0},{"not_picked":["DreamingCurrent","DespairKnight","CherryBlossoms"],"picked":"Singing Bowl","floor":8.0},{"not_picked":["RobotSpaceExplorer:ToxicBomb","RobotSpaceExplorer:StunGrenade"],"picked":"RobotSpaceExplorer:ScrapMissile","floor":8.0},{"not_picked":["BigBird","CrumblingArmor"],"picked":"QueenOfHatred","floor":10.0},{"not_picked":["RobotSpaceExplorer:MakeshiftVolley","RobotSpaceExplorer:Reload","RobotSpaceExplorer:LaserBurst"],"picked":"SKIP","floor":10.0},{"not_picked":["Steam Power","Armaments"],"picked":"Recycle","floor":14.0},{"not_picked":["Corpse Explosion","testmod-PowerStrike"],"picked":"Magnetism","floor":16.0},{"not_picked":["Penitence","Whirlwind","Havoc+1"],"picked":"SKIP","floor":18},{"not_picked":["Barrage","Consecrate"],"picked":"RobotSpaceExplorer:ImprovisedAttack","floor":19},{"not_picked":["VoidDream","MHz","BeautyBeast"],"picked":"Singing Bowl","floor":22},{"not_picked":["Funeral","OSAHOGD"],"picked":"Wellcheers","floor":22},{"not_picked":["Noise","Pulse"],"picked":"Prepared","floor":22},{"not_picked":["RobotSpaceExplorer:SlimeMissile","Enlightenment","Clothesline"],"picked":"SKIP","floor":23},{"not_picked":["Pray","Entrench"],"picked":"Weave","floor":25},{"not_picked":["testmod-Recap","Poisoned Stab"],"picked":"Calculated Gamble","floor":27},{"not_picked":["RobotSpaceExplorer:SurgingShield+1","JustLucky"],"picked":"Offering","floor":28},{"not_picked":["Impatience","EmptyBody","Sweeping Beam"],"picked":"SKIP","floor":30},{"not_picked":["UniverseFragment","FairyFestival"],"picked":"LaLuna","floor":31},{"not_picked":["Sentinel","Steam+1"],"picked":"Sword Boomerang","floor":31},{"not_picked":["Seek","RobotSpaceExplorer:Wormhole"],"picked":"testmod-Recap","floor":33},{"not_picked":["Replay:AtTheReady+1","Eviscerate"],"picked":"REME_Flogging","floor":35},{"not_picked":["Force Field+1","RobotSpaceExplorer:Counterblock"],"picked":"Dramatic Entrance+1","floor":36},{"not_picked":["Bane","Run Through"],"picked":"JustLucky+1","floor":38},{"not_picked":["Crystallizer","Draining Mist","Ghostly Armor"],"picked":"SKIP","floor":40},{"not_picked":["FourthMatchFlame","ReplayTheSpireMod:GoodbyeWorld","RobotSpaceExplorer:GearShield"],"picked":"SKIP","floor":41},{"not_picked":["Beak","Harmony","conspire:HitWhereItHurts"],"picked":"SKIP","floor":44},{"not_picked":["Sever Soul","Dagger Spray"],"picked":"JustLucky","floor":46},{"not_picked":["RobotSpaceExplorer:ShockKick+1","CarveReality"],"picked":"SomewhereSpear+1","floor":48},{"not_picked":["Tempest","Dash"],"picked":"Wish","floor":49},{"not_picked":["Ball Lightning","Accuracy","Sucker Punch"],"picked":"SKIP","floor":50},{"not_picked":["Sword Boomerang","Horn"],"picked":"RedEyes","floor":53}],"player_experience":252210,"relics_obtained":[{"floor":1.0,"key":"LetterFromLob"},{"floor":9.0,"key":"Matryoshka"},{"floor":10.0,"key":"Torii"},{"floor":18,"key":"Gremlin Food"},{"floor":18,"key":"RedMistMask"},{"floor":19,"key":"Unceasing Top"},{"floor":22,"key":"Potion Belt"},{"floor":23,"key":"testmod-CrystalShield"},{"floor":25,"key":"testmod-OneHitWonder"},{"floor":26,"key":"InkBottle"},{"floor":27,"key":"Kunai"},{"floor":28,"key":"Mercury Hourglass"},{"floor":31,"key":"Replay:Wax Seal"},{"floor":32,"key":"Orichalcum"},{"floor":35,"key":"Blue Doll"},{"floor":36,"key":"Strawberry"},{"floor":38,"key":"Replay:Bandana"},{"floor":40,"key":"testmod-IndustrialRevolution"},{"floor":41,"key":"PillsDrop"},{"floor":44,"key":"ReplayTheSpireMod:TigerMarble"},{"floor":45,"key":"Simple Rune"},{"floor":45,"key":"PreservedInsect"},{"floor":46,"key":"Bird Faced Urn"},{"floor":49,"key":"Eternal Feather"},{"floor":50,"key":"ReplayTheSpireMod:Shallot"},{"floor":51,"key":"Mirror"},{"floor":53,"key":"paleoftheancients:SoulOfTheThorton"},{"floor":53,"key":"Golden Egg"}],"event_choices":[{"damage_healed":0.0,"max_hp_gain":0.0,"max_hp_loss":0.0,"gold_gain":0.0,"event_name":"Golden Idol","player_choice":"Take Damage","floor":5.0,"gold_loss":0.0,"damage_taken":18.0,"relics_obtained":["Golden Idol"]},{"damage_healed":0.0,"max_hp_gain":0.0,"max_hp_loss":0.0,"gold_gain":400.0,"event_name":"¶÷ÂåË¹µÄÅÌ×Ó","player_choice":"Sell","floor":7.0,"relics_lost":["testmod-TestBox"],"gold_loss":0.0,"damage_taken":0.0},{"damage_healed":0,"gold_gain":0,"player_choice":"Gave Idol","damage_taken":0,"relics_obtained":["Bloody Idol"],"max_hp_gain":0,"max_hp_loss":0,"event_name":"Forgotten Altar","floor":21,"relics_lost":["Golden Idol"],"gold_loss":0},{"damage_healed":0,"gold_gain":0,"player_choice":"Ignored","damage_taken":0,"max_hp_gain":0,"max_hp_loss":0,"event_name":"Vampires","floor":29,"gold_loss":0},{"damage_healed":10,"gold_gain":0,"player_choice":"Writhe","damage_taken":0,"max_hp_gain":0,"max_hp_loss":0,"event_name":"Winding Halls","floor":39,"gold_loss":0,"cards_obtained":["Writhe"]}],"is_beta":false,"boss_relics":[{"not_picked":["Cursed Key","energizedSpire:OgreHead"],"picked":"ChampionBelt"},{"not_picked":[]},{"not_picked":["Painkiller Herb","Philosopher\u0027s Stone"],"picked":"conspire:SpecialSausage"},{"not_picked":[]}],"items_purged_floors":[37],"is_endless":false,"potions_floor_spawned":[1,3,4,10,18,19,22,30,36,38,40,44,46,49],"killed_by":"paleoftheancients:Thorton3","ascension_level":20}}