{"host":"3vgzk5mhz751jdrj","time":1612308650,"event":{"mods":["2.2 Compatiblity","AchievementEnabler","Act Like it!","Aspiration","BaseMod","Better Altar","Better Match","Better Note","Better Sensory Stone","Better Skull","Better Third Choice","Block Reminder","Colored Map","Conspire","Curses Come First","Dark Map","Displayed Cursed Tome","Downfall","Friendly Minions","GifTheSpireLib","Halation","Hubris","Ironclad Rager","Marked Mod","Mimic Mod","Minty Spire (QoL Compilation)","Quick Restart","Rare Cards Sparkle","Replay The Spire","Reworked Bosses","Shop Mod","Smile Girya","Spicy Shops","Spikes Relics","Spire Arcade","StSLib","Stuff the Spire","Trackpad"],"gold_per_floor":[99,274,274,374,385,395,448,480,498,518,551,209,9,25,38,138,138,138,156,156,169,79,79,125,144,144,144,144],"floor_reached":26,"language":"ENG","playtime":1815,"items_purged":["Doubt"],"score":243,"play_id":"88edbc19-3575-4cf5-8bee-3253864101ab","local_time":"20210202183050","is_ascension_mode":false,"campfire_choices":[{"data":"bronze:AlphaBuild","floor":1.0,"key":"SMITH"},{"floor":13.0,"key":"REST"},{"data":"bronze:Mutator","floor":18.0,"key":"SMITH"},{"floor":23,"key":"REST"}],"circlet_count":0,"master_deck":["bronze:Strike","bronze:Strike","bronze:Strike","bronze:Strike","bronze:Defend","bronze:Defend","bronze:Defend","bronze:Defend","bronze:Replicate","bronze:Goto","bronze:AlphaBuild+1","bronze:BugBarrage","bronze:DelayedGuard","bronze:ChosenStrike","bronze:AlphaBuild","bronze:CleanCode","expansioncontent:QuickStudy","bronze:Optimize","bronze:DelayedSlice","bronze:Mutator+1","bronze:BuggyMess+1","bronze:CleanCode","bronze:DelayedGuard"],"relics":["bronze:BronzeCore","halation:EternalFortune","Gambling Chip","StuffTheSpire:NeowsTribute","HandDrill","downfall:HeartBlessingBlue","downfall:HeartBlessingGreen","trackpad:AdjectivePendant"],"acts_visited":["Exordium","TheCity"],"potions_floor_usage":[21,21,22],"damage_taken":[{"damage":5.0,"enemies":"Small Slimes","floor":5.0,"turns":3.0},{"damage":6.0,"enemies":"Jaw Worm","floor":6.0,"turns":2.0},{"damage":34.0,"enemies":"Lagavulin","floor":8.0,"turns":7.0},{"damage":1.0,"enemies":"2 Louse","floor":9.0,"turns":3.0},{"damage":8.0,"enemies":"Lots of Slimes","floor":10.0,"turns":4.0},{"damage":20.0,"enemies":"Gremlin Nob","floor":11.0,"turns":5.0},{"damage":0.0,"enemies":"downfall:FleeingMerchant","floor":12.0,"turns":4.0},{"damage":5.0,"enemies":"3 Louse","floor":14.0,"turns":3.0},{"damage":0.0,"enemies":"Large Slime","floor":15.0,"turns":4.0},{"damage":15.0,"enemies":"SI_SHIV_ARCHETYPE","floor":16.0,"turns":6.0},{"damage":10.0,"enemies":"Chosen","floor":19.0,"turns":3.0},{"damage":49,"enemies":"Snecko","floor":21,"turns":9},{"damage":9,"enemies":"downfall:FleeingMerchant","floor":22,"turns":4},{"damage":14,"enemies":"Chosen and Byrds","floor":25,"turns":6},{"damage":42,"enemies":"Cultist and Chosen","floor":26,"turns":8}],"seed_played":"-3863797387030554408","potions_obtained":[{"floor":5.0,"key":"Fruit Juice"},{"floor":14.0,"key":"Energy Potion"},{"floor":15.0,"key":"PowerPotion"},{"floor":19.0,"key":"ColorlessPotion"},{"floor":21,"key":"Adrenaline Potion"}],"is_trial":false,"path_per_floor":["R","?","?","?","M","M","T","E","M","M","E","$","R","M","M","B",null,"R","M","?","M","$","R","T","M","M"],"character_chosen":"THE_AUTOMATON","items_purchased":["expansioncontent:QuickStudy","HandDrill"],"campfire_rested":2,"item_purchase_floors":[12,12],"current_hp_per_floor":[70,70,73,73,73,67,67,33,32,24,7,7,44,39,39,24,91,91,81,81,32,26,54,54,40,0,0,0],"gold":144,"neow_bonus":"ONE_RANDOM_RARE_CARD","is_daily":false,"chose_seed":false,"campfire_upgraded":2,"win_rate":0.0,"timestamp":1612308650,"path_taken":["R","?","?","?","?","M","T","E","M","M","E","$","R","M","M","BOSS","R","M","?","?","$","R","T","M","M"],"items_purchased_type":["Card","Relic"],"build_version":"2020-12-22","purchased_purges":1,"victory":false,"max_hp_per_floor":[70,70,73,73,78,78,78,78,78,78,81,81,91,91,91,91,91,91,91,91,91,94,94,94,94,94,94,94],"card_choices":[{"not_picked":["bronze:Philosophize","bronze:Overheat","bronze:Iterate"],"picked":"SKIP","floor":5.0},{"not_picked":["bronze:Deprecate","bronze:Iterate"],"picked":"bronze:BugBarrage","floor":6.0},{"not_picked":["bronze:ForceShield","bronze:OilSpill"],"picked":"bronze:DelayedGuard","floor":8.0},{"not_picked":["bronze:BitShift","bronze:FineTuning"],"picked":"bronze:ChosenStrike","floor":9.0},{"not_picked":["bronze:DelayedGuard","bronze:BitShift"],"picked":"bronze:AlphaBuild","floor":10.0},{"not_picked":["bronze:CloningBeam","bronze:ForLoop"],"picked":"bronze:CleanCode","floor":11.0},{"not_picked":["bronze:BronzeArmor","bronze:ForceShield","bronze:Philosophize"],"picked":"SKIP","floor":12.0},{"not_picked":["bronze:Turbo","bronze:BitShift"],"picked":"bronze:Optimize","floor":14.0},{"not_picked":["bronze:FollowUp","bronze:DigitalCarnage"],"picked":"bronze:DelayedSlice","floor":15.0},{"not_picked":["bronze:Format","bronze:HyperBeam"],"picked":"bronze:Mutator","floor":16.0},{"not_picked":["bronze:Invalidate+1","bronze:Deprecate"],"picked":"bronze:BuggyMess+1","floor":19.0},{"not_picked":["bronze:Branch","bronze:GetLatest"],"picked":"bronze:CleanCode","floor":21},{"not_picked":["bronze:BitShift","bronze:Invalidate","bronze:Overheat+1"],"picked":"SKIP","floor":22},{"not_picked":["bronze:Frontload+1","bronze:FineTuning"],"picked":"bronze:DelayedGuard","floor":25}],"player_experience":427334,"relics_obtained":[{"floor":8.0,"key":"Gambling Chip"},{"floor":11.0,"key":"halation:EternalFortune"},{"floor":11.0,"key":"StuffTheSpire:NeowsTribute"},{"floor":22,"key":"halation:EternalFortune"},{"floor":24,"key":"trackpad:AdjectivePendant"}],"event_choices":[{"cards_removed":["bronze:Mutator"],"damage_healed":0.0,"max_hp_gain":0.0,"max_hp_loss":0.0,"gold_gain":0.0,"event_name":"betterNote:BetterNote","player_choice":"Give","floor":20.0,"gold_loss":0.0,"damage_taken":0.0,"cards_obtained":["None"]}],"is_beta":false,"boss_relics":[{"not_picked":["Snecko Eye","Replay:Ancient Bell","Runic Dome"]}],"items_purged_floors":[22],"is_endless":false,"potions_floor_spawned":[5,14,15,19,21],"killed_by":"Cultist and Chosen","ascension_level":0}}