{"host":"rspt8ghchagqewrq","time":1612301611,"event":{"mods":["AchievementEnabler","BaseMod","Colored Map","Colored Powertips","Minty Spire (QoL Compilation)","Quick Restart"],"gold_per_floor":[119,119,194,209,209,209,236,236,236,236,246,262,276,293,293,395,395,410,410,410,422,440,440,440,440],"floor_reached":24,"language":"FRA","playtime":805,"items_purged":[],"score":198,"play_id":"31a2c2fb-17e0-4e67-80ce-cfb8ba62356a","local_time":"20210202223331","is_ascension_mode":false,"campfire_choices":[{"data":"Deadly Poison","floor":6,"key":"SMITH"},{"data":"Poisoned Stab","floor":8,"key":"SMITH"},{"data":"Survivor","floor":10,"key":"SMITH"},{"floor":15,"key":"REST"},{"floor":23,"key":"REST"}],"circlet_count":0,"master_deck":["Strike_G","Strike_G","Strike_G","Strike_G","Strike_G","Defend_G","Defend_G","Defend_G","Defend_G","Defend_G","Survivor+1","Neutralize+1","Flying Knee","Regret","Deadly Poison+1","Good Instincts","Neutralize","Poisoned Stab+1","Slice","Dagger Spray","Slice","Bane","A Thousand Cuts","Bouncing Flask","PiercingWail","Poisoned Stab+1","Outmaneuver","Deadly Poison"],"relics":["Sozu","Darkstone Periapt","Smiling Mask","Bronze Scales","Tiny House"],"acts_visited":["Exordium","TheCity"],"potions_floor_usage":[],"damage_taken":[{"damage":0,"enemies":"Jaw Worm","floor":1,"turns":4},{"damage":1,"enemies":"Small Slimes","floor":4,"turns":3},{"damage":28,"enemies":"Gremlin Nob","floor":7,"turns":5},{"damage":0,"enemies":"Cultist","floor":11,"turns":3},{"damage":7,"enemies":"3 Louse","floor":12,"turns":2},{"damage":2,"enemies":"Blue Slaver","floor":13,"turns":2},{"damage":3,"enemies":"Exordium Thugs","floor":14,"turns":4},{"damage":31,"enemies":"The Guardian","floor":16,"turns":11},{"damage":25,"enemies":"2 Thieves","floor":18,"turns":4},{"damage":1,"enemies":"3 Byrds","floor":21,"turns":5},{"damage":25,"enemies":"Cultist and Chosen","floor":22,"turns":5},{"damage":55,"enemies":"Slavers","floor":24,"turns":3}],"seed_played":"-1054358809053373816","potions_obtained":[],"is_trial":false,"path_per_floor":["M","?","?","M","?","R","E","R","T","R","M","M","M","M","R","B",null,"M","?","?","M","M","R","E"],"character_chosen":"THE_SILENT","items_purchased":[],"campfire_rested":2,"item_purchase_floors":[],"current_hp_per_floor":[70,76,65,64,64,64,36,36,36,36,36,29,27,24,46,15,81,56,56,56,55,30,54,0,0],"gold":440,"neow_bonus":"BOSS_RELIC","is_daily":false,"chose_seed":false,"campfire_upgraded":3,"win_rate":0.0,"timestamp":1612301611,"path_taken":["M","?","?","M","?","R","E","R","T","R","M","M","M","?","R","BOSS","M","?","?","M","M","R","E"],"items_purchased_type":[],"build_version":"2020-12-22","purchased_purges":0,"victory":false,"max_hp_per_floor":[70,76,76,76,76,76,76,76,76,76,76,76,76,76,76,76,81,81,81,81,81,81,81,81,81],"card_choices":[{"not_picked":["Outmaneuver","Prepared"],"picked":"Flying Knee","floor":1},{"not_picked":["Escape Plan","Flechettes"],"picked":"Deadly Poison","floor":4},{"not_picked":["Flying Knee","Skewer"],"picked":"Poisoned Stab","floor":7},{"not_picked":["Choke","Flechettes"],"picked":"Slice","floor":11},{"not_picked":["Deflect","Dash"],"picked":"Dagger Spray","floor":12},{"not_picked":["Skewer","Dagger Throw"],"picked":"Slice","floor":13},{"not_picked":["Dagger Throw","Poisoned Stab"],"picked":"Bane","floor":14},{"not_picked":["Venomology","Wraith Form v2"],"picked":"A Thousand Cuts","floor":16},{"not_picked":["Caltrops","Poisoned Stab"],"picked":"Bouncing Flask","floor":17},{"not_picked":["Underhanded Strike","Flying Knee"],"picked":"PiercingWail","floor":18},{"not_picked":["Underhanded Strike","Backflip+1"],"picked":"Outmaneuver","floor":21},{"not_picked":["Flying Knee+1","Infinite Blades"],"picked":"Deadly Poison","floor":22}],"player_experience":78611,"relics_obtained":[{"floor":7,"key":"Smiling Mask"},{"floor":9,"key":"Bronze Scales"}],"event_choices":[{"damage_healed":0,"gold_gain":0,"player_choice":"Box","damage_taken":0,"relics_obtained":["Darkstone Periapt"],"max_hp_gain":0,"max_hp_loss":0,"event_name":"Big Fish","floor":2,"gold_loss":0,"cards_obtained":["Regret"]},{"damage_healed":0,"gold_gain":75,"player_choice":"Gather Gold","damage_taken":11,"max_hp_gain":0,"max_hp_loss":0,"event_name":"World of Goop","floor":3,"gold_loss":0},{"damage_healed":0,"gold_gain":0,"player_choice":"2 cards matched","damage_taken":0,"max_hp_gain":0,"max_hp_loss":0,"event_name":"Match and Keep!","floor":5,"gold_loss":0,"cards_obtained":["Good Instincts","Neutralize"]},{"damage_healed":0,"gold_gain":0,"player_choice":"Ignored","damage_taken":0,"max_hp_gain":0,"max_hp_loss":0,"event_name":"Vampires","floor":19,"gold_loss":0},{"damage_healed":0,"gold_gain":0,"player_choice":"Copied","damage_taken":0,"max_hp_gain":0,"max_hp_loss":0,"event_name":"Duplicator","floor":20,"gold_loss":0,"cards_obtained":["Poisoned Stab"]}],"is_beta":false,"boss_relics":[{"not_picked":["SlaversCollar","Runic Pyramid"],"picked":"Tiny House"}],"items_purged_floors":[],"is_endless":false,"potions_floor_spawned":[4,11,13,16,22],"killed_by":"Slavers","ascension_level":0}}