{"host":"mhk64yc8b8cafbgt","time":1612240408,"event":{"mods":["Act Like it!","Aspiration","BaseMod","BetterRewards","CapriCore","Downfall","Energized Spire","Friendly Minions","GifTheSpireLib","Gold Saver","Marked Mod","Minty Spire (QoL Compilation)","MostiFishMod","Quick Restart","Robot Space Explorer","RumiaBox-露米娅的神秘盒子","Ryuuou龙王","Shop Mod","Spicy Shops","StSLib","TestMod","Uncapped","[IsaacMod]以撒尖塔","noobMod","【功能Mod】混沌之环修复补丁","【遗物卡牌】REMEMod","残留之物"],"gold_per_floor":[99,114,124,34,434,434,434,461,461,477,11,25,51,63,74,170,170,170,170,270,270,280,-1250,-1250,-1234,-1220,-1187,-1170,-1170,-1150,-1121,-1121,-1121,-1121],"floor_reached":32,"language":"ZHS","playtime":4029,"items_purged":["bronze:Strike","bronze:Strike","Pride"],"score":442,"play_id":"f06344c8-9baa-4f6a-82a3-4710de8ca87e","local_time":"20210202123328","is_ascension_mode":false,"campfire_choices":[{"floor":1,"key":"RECALL"},{"data":"testmod-AssimilatedRune","floor":18,"key":"SMITH"},{"data":"bronze:ClassDefault","floor":29,"key":"SMITH"}],"circlet_count":0,"master_deck":["bronze:Strike","bronze:Strike","bronze:Defend","bronze:Defend","bronze:Defend","bronze:Defend","bronze:Replicate","bronze:Goto","EpicFetus","testmod-AssimilatedRune+1","Bomb","bronze:GetLatest","bronze:Spike","bronze:ClassDefault+1","bronze:ThunderWave","bronze:Shell","bronze:ChosenStrike","Bomb","bronze:Mutator+1","bronze:Deprecate+1","bronze:SpaghettiCode+1","bronze:BuggyMess+1","bronze:BronzeOrb+1","bronze:ForceShield+1","bronze:Return+1","bronze:BronzeArmor+1"],"relics":["bronze:BronzeCore","REME_ComplimentaryCards","DaveBox","testmod-TestBox","KeepersGift","ice","MerchantsRug","SynthV","testmod-AssaultLearning","Frozen Egg 2","EasyGame_NEW","YumHeart","Toxic Egg 2","aspiration:HiddenCompartment","Blood Vial","GodSword5","SynthV:MejaisSoulstealer","Letter Opener","Omamori","Bottled Tornado"],"acts_visited":["Exordium","TheCity"],"potions_floor_usage":[8,13,16,32,32,32],"damage_taken":[{"damage":5,"enemies":"2 Louse","floor":2,"turns":3},{"damage":15,"enemies":"Small Slimes","floor":3,"turns":2},{"damage":5,"enemies":"downfall:FleeingMerchant","floor":4,"turns":4},{"damage":32,"enemies":"downfall:FleeingMerchant","floor":6,"turns":4},{"damage":14,"enemies":"Gremlin Nob","floor":8,"turns":3},{"damage":7,"enemies":"Jaw Worm","floor":10,"turns":3},{"damage":1,"enemies":"downfall:FleeingMerchant","floor":11,"turns":4},{"damage":1,"enemies":"Blue Slaver","floor":12,"turns":2},{"damage":4,"enemies":"Lagavulin","floor":13,"turns":4},{"damage":0,"enemies":"Large Slime","floor":14,"turns":3},{"damage":6,"enemies":"2 Fungi Beasts","floor":15,"turns":4},{"damage":13,"enemies":"WA_ARCHETYPE_RETAIN","floor":16,"turns":5},{"damage":0,"enemies":"DF_ARCHETYPE_STREAMLINE","floor":20,"turns":4},{"damage":0,"enemies":"Spheric Guardian","floor":22,"turns":2},{"damage":0,"enemies":"downfall:FleeingMerchant","floor":23,"turns":1},{"damage":0,"enemies":"Shell Parasite","floor":25,"turns":2},{"damage":0,"enemies":"Sentry and Sphere","floor":26,"turns":3},{"damage":0,"enemies":"Book of Stabbing","floor":27,"turns":3},{"damage":0,"enemies":"3 Cultists","floor":28,"turns":2},{"damage":0,"enemies":"Centurion and Healer","floor":30,"turns":2},{"damage":0,"enemies":"Slavers","floor":31,"turns":2},{"damage":0,"enemies":"Cultist and Chosen","floor":32,"turns":3}],"seed_played":"485295187055740247","potions_obtained":[{"floor":3,"key":"Swift Potion"},{"floor":10,"key":"Guardian:BlockOnCardUsePotion"},{"floor":12,"key":"Block Potion"},{"floor":14,"key":"champ:CounterPotion"},{"floor":16,"key":"Fire Potion"},{"floor":22,"key":"Explosive Potion"},{"floor":27,"key":"PowerPotion"}],"is_trial":false,"path_per_floor":["R","M","M","$","?","?","T","E","T","M","$","M","E","M","M","B",null,"R","?","?","?","M","$","T","M","M","E","M","R","M","E","M"],"character_chosen":"THE_AUTOMATON","items_purchased":["MerchantsRug","SynthV","testmod-AssaultLearning","Blood Vial","GodSword5","SynthV:MejaisSoulstealer"],"campfire_rested":0,"item_purchase_floors":[11,11,11,23,23,23],"current_hp_per_floor":[77,72,57,52,52,20,20,6,6,70,69,68,64,64,58,45,93,93,93,93,93,93,93,93,94,96,97,100,100,100,102,-999867,-999867,-999867],"gold":-1121,"neow_bonus":"TEN_PERCENT_HP_BONUS","is_daily":false,"chose_seed":false,"campfire_upgraded":2,"win_rate":0.0,"timestamp":1612240408,"path_taken":["R","M","M","$","?","?","T","E","?","M","?","M","E","?","M","BOSS","R","?","?","?","M","$","T","M","?","E","M","R","M","E","M"],"items_purchased_type":["Relic","Relic","Relic","Relic","Relic","Relic"],"build_version":"2020-12-22","purchased_purges":3,"victory":false,"max_hp_per_floor":[77,77,77,77,77,77,77,77,77,78,83,84,86,86,89,93,93,93,93,94,94,94,94,94,96,97,100,100,100,102,104,106,106,106],"card_choices":[{"not_picked":[],"picked":"EpicFetus","floor":0},{"not_picked":["bronze:MaxOutput","bronze:DelayedGuard"],"picked":"Bomb","floor":2},{"not_picked":["bronze:BuggyMess","bronze:Shield"],"picked":"bronze:GetLatest","floor":3},{"not_picked":["bronze:FineTuning","bronze:Invalidate","bronze:Fortify"],"picked":"SKIP","floor":4},{"not_picked":[],"picked":"bronze:Spike","floor":6},{"not_picked":["bronze:CutThrough","bronze:BuggyMess"],"picked":"bronze:ClassDefault","floor":6},{"not_picked":["bronze:DelayedGuard","bronze:DarkDash"],"picked":"bronze:ThunderWave","floor":8},{"not_picked":["bronze:Overheat","bronze:Repulsor"],"picked":"bronze:Shell","floor":10},{"not_picked":["bronze:WhirlingStrike","bronze:Invalidate"],"picked":"bronze:ChosenStrike","floor":11},{"not_picked":["bronze:OilSpill","bronze:CutThrough","bronze:Return"],"picked":"SKIP","floor":12},{"not_picked":["bronze:Deprecate","bronze:Shell","bronze:Overheat"],"picked":"SKIP","floor":13},{"not_picked":["bronze:DelayedGuard","bronze:BitShift","bronze:Frontload"],"picked":"SKIP","floor":14},{"not_picked":["bronze:Iterate","bronze:WildBeam"],"picked":"Bomb","floor":15},{"not_picked":["bronze:Assembly","bronze:ThunderWave"],"picked":"bronze:Mutator+1","floor":16},{"not_picked":["bronze:DigitalCarnage","bronze:Invalidate+1"],"picked":"bronze:Deprecate+1","floor":22},{"not_picked":["bronze:Invalidate+1","bronze:WildBeam"],"picked":"bronze:SpaghettiCode+1","floor":23},{"not_picked":["bronze:Frontload+1","bronze:CutThrough"],"picked":"bronze:BuggyMess+1","floor":25},{"not_picked":["bronze:Shield+1","bronze:Invalidate+1"],"picked":"bronze:BronzeOrb+1","floor":26},{"not_picked":["bronze:Shield+1","bronze:DelayedGuard+1"],"picked":"bronze:ForceShield+1","floor":27},{"not_picked":["bronze:BronzeArmor+1","bronze:Overheat","bronze:OilSpill"],"picked":"SKIP","floor":28},{"not_picked":["bronze:Allocate+1","bronze:Deprecate+1"],"picked":"bronze:Return+1","floor":30},{"not_picked":["bronze:Shield+1","bronze:Shell+1"],"picked":"bronze:BronzeArmor+1","floor":31}],"player_experience":363696,"relics_obtained":[{"floor":8,"key":"TheBean"},{"floor":9,"key":"Vajra"},{"floor":13,"key":"Frozen Egg 2"},{"floor":20,"key":"YumHeart"},{"floor":20,"key":"Toxic Egg 2"},{"floor":24,"key":"Letter Opener"},{"floor":27,"key":"Omamori"},{"floor":31,"key":"Bottled Tornado"}],"event_choices":[{"damage_healed":0,"gold_gain":400,"player_choice":"Sell","damage_taken":0,"max_hp_gain":0,"max_hp_loss":0,"event_name":"恩洛斯的盘子","floor":5,"relics_lost":["HushsDoor"],"gold_loss":0},{"damage_healed":0,"gold_gain":0,"player_choice":"Stole Relic","damage_taken":0,"relics_obtained":["aspiration:HiddenCompartment"],"max_hp_gain":0,"max_hp_loss":0,"event_name":"Addict","floor":21,"gold_loss":0,"cards_obtained":["Pride"]}],"is_beta":false,"boss_relics":[{"not_picked":["JellyFishMachine","testmod-KeyOfTheVoid"],"picked":"EasyGame_NEW"}],"items_purged_floors":[4,11,23],"is_endless":false,"potions_floor_spawned":[3,10,12,14,16,22,27,30,31],"killed_by":"Cultist and Chosen","ascension_level":0}}