{"host":"8is2j71l4wmybkoi","time":1612259853,"event":{"mods":["AchievementEnabler","BaseMod","Colored Map","Minty Spire (QoL Compilation)","Rare Cards Sparkle","StSLib","SuperFastMode"],"gold_per_floor":[112,130,130,178,4,39,39,51,51,51,76,76,96,11,11,82,82,102,84,84,84,84],"floor_reached":21,"language":"KOR","playtime":512,"items_purged":[],"score":396,"play_id":"d1df4d21-6b43-4259-97d0-86aeb2373888","local_time":"20210202185733","is_ascension_mode":true,"campfire_choices":[{"data":"Zap","floor":7,"key":"SMITH"},{"floor":12,"key":"REST"},{"data":"Streamline","floor":15,"key":"SMITH"}],"circlet_count":0,"master_deck":["AscendersBane","Defend_B","Defend_B","Defend_B","Zap+1","Dualcast","Conserve Battery","Capacitor","Lockon+1","Genetic Algorithm","Sweeping Beam","Aggregate","Ball Lightning","Streamline+1","Fission","Coolheaded","Sweeping Beam+1","Bite","Bite","Bite","Bite","Bite"],"relics":["Cracked Core","NeowsBlessing","Pen Nib","Membership Card","Question Card","Juzu Bracelet","Bottled Lightning","Runic Capacitor","Black Star"],"acts_visited":["Exordium","TheCity"],"potions_floor_usage":[11,16,16],"damage_taken":[{"damage":0,"enemies":"Cultist","floor":1,"turns":1},{"damage":0,"enemies":"Small Slimes","floor":2,"turns":1},{"damage":0,"enemies":"3 Sentries","floor":6,"turns":1},{"damage":12,"enemies":"Jaw Worm","floor":8,"turns":2},{"damage":16,"enemies":"Gremlin Nob","floor":11,"turns":3},{"damage":8,"enemies":"Blue Slaver","floor":13,"turns":2},{"damage":19,"enemies":"Hexaghost","floor":16,"turns":8},{"damage":5,"enemies":"Chosen","floor":18,"turns":4},{"damage":27,"enemies":"2 Thieves","floor":19,"turns":4},{"damage":22,"enemies":"Masked Bandits","floor":21,"turns":3}],"seed_played":"-6643993636678838662","potions_obtained":[{"floor":2,"key":"FocusPotion"},{"floor":11,"key":"Energy Potion"},{"floor":13,"key":"Swift Potion"},{"floor":18,"key":"PotionOfCapacity"}],"is_trial":false,"path_per_floor":["M","M","?","T","$","E","R","M","T","?","E","R","M","$","R","B",null,"M","M","?","?"],"character_chosen":"DEFECT","items_purchased":["Membership Card","Lockon","Runic Capacitor","Streamline"],"campfire_rested":1,"item_purchase_floors":[5,5,14,14],"current_hp_per_floor":[64,64,57,57,57,57,57,45,45,24,8,29,21,21,21,2,54,49,22,22,2,2],"gold":84,"neow_bonus":"THREE_ENEMY_KILL","is_daily":false,"chose_seed":false,"campfire_upgraded":2,"win_rate":0.0,"timestamp":1612259853,"path_taken":["M","?","?","?","?","E","R","M","T","?","E","R","M","$","R","BOSS","M","M","?","?"],"items_purchased_type":["Relic","Card","Relic","Card"],"build_version":"2020-12-22","purchased_purges":0,"victory":false,"max_hp_per_floor":[71,71,71,71,71,71,71,71,71,71,71,71,71,71,71,71,71,71,71,49,49,49],"card_choices":[{"not_picked":["Cold Snap","Coolheaded"],"picked":"Conserve Battery","floor":1},{"not_picked":["Loop","Reprogram"],"picked":"Capacitor","floor":2},{"not_picked":["Reinforced Body","Hologram"],"picked":"Genetic Algorithm","floor":6},{"not_picked":["Undo","Steam","Go for the Eyes"],"picked":"Sweeping Beam","floor":8},{"not_picked":["Doom and Gloom","Barrage","Cold Snap"],"picked":"Aggregate","floor":11},{"not_picked":["Stack","Streamline","Cold Snap"],"picked":"Ball Lightning","floor":13},{"not_picked":["Reboot","Machine Learning","All For One"],"picked":"Fission","floor":16},{"not_picked":["Cold Snap","Storm","Sunder"],"picked":"Coolheaded","floor":18},{"not_picked":["Gash+1","Stack","Rebound"],"picked":"Sweeping Beam+1","floor":19}],"player_experience":929560,"relics_obtained":[{"floor":4,"key":"Pen Nib"},{"floor":6,"key":"Question Card"},{"floor":9,"key":"Juzu Bracelet"},{"floor":11,"key":"Bottled Lightning"}],"event_choices":[{"cards_removed":["Defend_B"],"damage_healed":0,"gold_gain":0,"player_choice":"Card Removal","damage_taken":7,"max_hp_gain":0,"max_hp_loss":0,"event_name":"Golden Wing","floor":3,"gold_loss":0},{"damage_healed":0,"gold_gain":0,"player_choice":"Entered Light","damage_taken":21,"max_hp_gain":0,"max_hp_loss":0,"event_name":"Shining Light","floor":10,"gold_loss":0,"cards_upgraded":["Strike_B","Lockon"]},{"damage_healed":0,"gold_gain":0,"player_choice":"Became a vampire","damage_taken":0,"max_hp_gain":0,"max_hp_loss":22,"event_name":"Vampires","floor":20,"gold_loss":0,"cards_obtained":["Bite","Bite","Bite","Bite","Bite"]},{"damage_healed":0,"gold_gain":0,"player_choice":"Fought Bandits","damage_taken":0,"max_hp_gain":0,"max_hp_loss":0,"event_name":"Masked Bandits","floor":21,"gold_loss":0}],"is_beta":false,"boss_relics":[{"not_picked":["SlaversCollar","Inserter"],"picked":"Black Star"}],"items_purged_floors":[],"is_endless":false,"potions_floor_spawned":[2,11,13,18],"killed_by":"Masked Bandits","ascension_level":15}}