{"host":"gsef4mntx4mq50d0","time":1612248169,"event":{"mods":["Act Like it!","Arknights","Aspiration","BaseMod","Colored Map","Downfall","GifTheSpireLib","Hallownest","HololiveMod","Hubris","Infinite Spire","MarisaÅiñ∂âJÅ@ñÇóùçπÅj","Minty Spire (QoL Compilation)","SIMod","StSLib","The Alterego","The Animator","The Bug Knight","The Exalted","The Forsaken","The Servant 0.9.4","TheSwordswoman"],"gold_per_floor":[86,86,100,100,100,100,135,147,147,172,188,213,213,17,17,144,144,157,157,171,86,105,105,105,148,148,178,184,184],"floor_reached":28,"language":"ENG","playtime":1675,"items_purged":[],"score":373,"play_id":"0bc2ce60-94f5-4354-a218-8437fca13528","local_time":"20210202164249","is_ascension_mode":false,"campfire_choices":[{"data":"Hololive_CallDoris","floor":6,"key":"SMITH"},{"floor":15,"key":"REST"}],"circlet_count":0,"master_deck":["Hololive_Strike+1","Hololive_Strike+1","Hololive_Defend+1","Hololive_Defend+1","Hololive_Breathe","Hololive_CallInugamiKorone","Hololive_CallDoris+1","Hololive_CallRosalyn","Hololive_CallNatsuiroMatsuri","Hololive_CallOkamiMio","Hololive_DurableLive","Hololive_Psychosis","Hololive_CallMinatoAqua","Hololive_CallTsunomakiWatame","Hololive_Rebound","Hololive_LuckPotion","Hololive_RevenueBasedLive","Hololive_Breathe","Sadistic Nature","Hololive_DiamondStrike","Hololive_FlyingPonyTail","Hololive_CallOmaruPolka","Hololive_CallAkaiHaato+1","theForsaken:PlagueCurse","Hololive_StarCraft","Hololive_FlyingPonyTail+1"],"relics":["Hololive_TheStar","Pyrelight","hubris:FunFungus","infinitespire:CheckeredPen","Bromod:ArcaneVictory","Golden Idol","Frozen Egg 2","theForsaken:PlagueMask","Bromod:ArcaneMomentum","hubris:MysteriousPyramids"],"acts_visited":["Exordium","TheCity"],"potions_floor_usage":[],"damage_taken":[{"damage":0,"enemies":"Cultist","floor":1,"turns":3},{"damage":8,"enemies":"2 Louse","floor":3,"turns":3},{"damage":0,"enemies":"Lagavulin","floor":7,"turns":6},{"damage":0,"enemies":"Jaw Worm","floor":8,"turns":3},{"damage":0,"enemies":"3 Sentries","floor":10,"turns":7},{"damage":0,"enemies":"Red Slaver","floor":11,"turns":3},{"damage":0,"enemies":"Exordium Wildlife","floor":12,"turns":4},{"damage":0,"enemies":"Hexaghost","floor":16,"turns":7},{"damage":2,"enemies":"2 Thieves","floor":18,"turns":4},{"damage":0,"enemies":"Shell Parasite","floor":20,"turns":3},{"damage":0,"enemies":"Snake Plant","floor":22,"turns":4},{"damage":0,"enemies":"Book of Stabbing","floor":25,"turns":5},{"damage":0,"enemies":"Centurion and Healer","floor":27,"turns":5},{"damage":22,"enemies":"Gremlin Leader","floor":28,"turns":5}],"seed_played":"-1147307768643714670","potions_obtained":[{"floor":1,"key":"bronze:BurnAndBuffPotion"},{"floor":8,"key":"Guardian:BlockOnCardUsePotion"},{"floor":18,"key":"SpeedPotion"},{"floor":25,"key":"champ:CounterPotion"}],"is_trial":false,"path_per_floor":["M","?","M","?","?","R","E","M","T","E","M","M","?","$","R","B",null,"M","?","M","?","M","?","?","E","T","M","E"],"character_chosen":"Hololive_HololiveCharacter","items_purchased":["Sadistic Nature"],"campfire_rested":1,"item_purchase_floors":[14],"current_hp_per_floor":[35,35,27,27,27,27,27,27,27,28,30,33,25,25,35,35,35,35,35,35,35,35,9,9,11,11,13,0,0],"gold":184,"neow_bonus":"ONE_RANDOM_RARE_CARD","is_daily":false,"chose_seed":false,"campfire_upgraded":1,"win_rate":0.0,"timestamp":1612248169,"path_taken":["M","?","M","?","?","R","E","M","T","E","M","?","?","$","R","BOSS","M","?","M","?","M","?","?","E","T","M","E"],"items_purchased_type":["Card"],"build_version":"2020-12-22","purchased_purges":0,"victory":false,"max_hp_per_floor":[35,35,35,35,35,35,35,35,35,35,35,35,35,35,35,35,35,35,35,35,35,35,35,35,35,35,35,35,35],"card_choices":[{"not_picked":["Hololive_HuntDinosaur","Hololive_StrengthChampion","Hololive_OvertimeWork"],"picked":"Hololive_Psychosis","floor":1},{"not_picked":["Hololive_CocoNews","Hololive_Watashimo","Hololive_CallFriendA"],"picked":"Hololive_CallMinatoAqua","floor":3},{"not_picked":["Hololive_Trident","Hololive_OvertimeWork","Hololive_LuckPotion"],"picked":"Hololive_CallTsunomakiWatame","floor":7},{"not_picked":["Hololive_Drill","Hololive_CallRosalyn","Hololive_Nanodesu"],"picked":"Hololive_Rebound","floor":8},{"not_picked":["Hololive_HuntDinosaur","Hololive_FlareMind","Hololive_Sequa"],"picked":"Hololive_LuckPotion","floor":10},{"not_picked":["Hololive_Trident","Hololive_Breathe","Hololive_BringToTrial"],"picked":"Hololive_RevenueBasedLive","floor":11},{"not_picked":["Hololive_CallYukihanaLamy","Hololive_HighAtkLowDef","Hololive_SummonFox"],"picked":"Hololive_Breathe","floor":12},{"not_picked":["Hololive_OpenUp","Hololive_Thief","Hololive_IdolExercise"],"picked":"Hololive_DiamondStrike","floor":16},{"not_picked":["Hololive_HuntDinosaur","Hololive_CallYozoraMel","Hololive_Psychosis+1"],"picked":"Hololive_FlyingPonyTail","floor":18},{"not_picked":["Hololive_Drill","Hololive_CallAZKi","Hololive_ManjiGathering"],"picked":"Hololive_CallOmaruPolka","floor":20},{"not_picked":["Hololive_Breathe","Hololive_Trident","Hololive_Psychosis"],"picked":"Hololive_CallAkaiHaato+1","floor":22},{"not_picked":["Hololive_CallOkamiMio+1","Hololive_Sequa","Hololive_Psychosis"],"picked":"Hololive_StarCraft","floor":25},{"not_picked":["Hololive_LuckPotion","Hololive_CallNatsuiroMatsuri+1","Hololive_StrengthChampion"],"picked":"Hololive_FlyingPonyTail+1","floor":27}],"player_experience":177159,"relics_obtained":[{"floor":7,"key":"hubris:FunFungus"},{"floor":9,"key":"infinitespire:CheckeredPen"},{"floor":10,"key":"Bromod:ArcaneVictory"},{"floor":25,"key":"Bromod:ArcaneMomentum"},{"floor":26,"key":"hubris:MysteriousPyramids"}],"event_choices":[{"damage_healed":0,"gold_gain":0,"player_choice":"Ignored","damage_taken":0,"max_hp_gain":0,"max_hp_loss":0,"event_name":"Golden Wing","floor":2,"gold_loss":0},{"damage_healed":0,"gold_gain":0,"player_choice":"Ignored","damage_taken":0,"max_hp_gain":0,"max_hp_loss":0,"event_name":"Purifier","floor":5,"gold_loss":0},{"damage_healed":0,"gold_gain":0,"player_choice":"Take Damage","damage_taken":8,"relics_obtained":["Golden Idol"],"max_hp_gain":0,"max_hp_loss":0,"event_name":"Golden Idol","floor":13,"gold_loss":0},{"damage_healed":0,"gold_gain":0,"player_choice":"Simplicity","damage_taken":0,"max_hp_gain":0,"max_hp_loss":0,"event_name":"Back to Basics","floor":19,"gold_loss":0,"cards_upgraded":["Hololive_Strike","Hololive_Strike","Hololive_Defend","Hololive_Defend"]},{"damage_healed":0,"gold_gain":0,"player_choice":"Obtained Relic","damage_taken":0,"relics_obtained":["Frozen Egg 2"],"max_hp_gain":0,"max_hp_loss":0,"event_name":"Addict","floor":21,"gold_loss":85},{"damage_healed":0,"gold_gain":0,"player_choice":"Obtain Plague Curse","damage_taken":0,"max_hp_gain":0,"max_hp_loss":0,"event_name":"Plague Doctor","floor":24,"gold_loss":0,"cards_obtained":["theForsaken:PlagueCurse"]}],"is_beta":false,"boss_relics":[{"not_picked":["infinitespire:Cupcake","aspiration:DefectSkillbook","hubris:RunicObelisk"]}],"items_purged_floors":[],"is_endless":false,"potions_floor_spawned":[1,8,18,25,27],"killed_by":"Gremlin Leader","ascension_level":0}}