{"host":"yvb207ks1sg3cxef","time":1612282413,"event":{"mods":["2.2 Compatiblity","BaseMod","Bestiary","Colored Powertips","Minty Spire (QoL Compilation)","Permanent Neow","Quick Restart","Relic Stats","StSLib"],"gold_per_floor":[116,291,291,310,310,342,361,396,419,419,419],"floor_reached":10,"language":"ENG","playtime":321,"items_purged":[],"score":95,"play_id":"5824ddc6-8d21-4d7d-b14b-9210b5242c1b","local_time":"20210202214333","is_ascension_mode":true,"campfire_choices":[],"circlet_count":0,"master_deck":["Strike_B","Strike_B+1","Strike_B","Strike_B","Defend_B","Defend_B","Defend_B+1","Defend_B","Zap+1","Dualcast","Recycle","Doubt","BootSequence","Ball Lightning","Undo","Auto Shields"],"relics":["Cracked Core","Potion Belt","Pantograph","Strawberry","MealTicket"],"acts_visited":["Exordium"],"potions_floor_usage":[10,10],"damage_taken":[{"damage":7,"enemies":"Jaw Worm","floor":1,"turns":3},{"damage":0,"enemies":"Cultist","floor":4,"turns":3},{"damage":37,"enemies":"3 Sentries","floor":6,"turns":9},{"damage":0,"enemies":"2 Louse","floor":7,"turns":2},{"damage":13,"enemies":"Gremlin Nob","floor":8,"turns":4},{"damage":12,"enemies":"3 Sentries","floor":10,"turns":4}],"seed_played":"4836555107625992599","potions_obtained":[{"floor":1,"key":"LiquidBronze"},{"floor":8,"key":"PotionOfCapacity"}],"is_trial":false,"path_per_floor":["M","?","?","M","T","E","M","E","T","E"],"character_chosen":"DEFECT","items_purchased":[],"campfire_rested":0,"item_purchase_floors":[],"current_hp_per_floor":[68,68,53,53,53,16,16,10,10,0,0],"gold":419,"neow_bonus":"UPGRADE_CARD","is_daily":false,"chose_seed":false,"campfire_upgraded":0,"win_rate":0.0,"timestamp":1612282413,"path_taken":["M","?","?","M","?","E","M","E","T","E"],"items_purchased_type":[],"build_version":"2020-12-22","purchased_purges":0,"victory":false,"max_hp_per_floor":[75,75,75,75,75,75,75,82,82,82,82],"relic_stats":{"counters":[6,25],"Pantograph":0,"MealTicket":0,"obtain_stats":[{"Potion Belt":5,"Pantograph":6,"Strawberry":8,"MealTicket":9,"Cracked Core":0},{"Potion Belt":2,"Pantograph":3,"Strawberry":5,"MealTicket":5,"Cracked Core":0},{"Potion Belt":6,"Pantograph":15,"Strawberry":21,"MealTicket":21,"Cracked Core":0}]},"card_choices":[{"not_picked":["Reinforced Body","Darkness"],"picked":"Recycle","floor":1},{"not_picked":["Hologram","Recycle"],"picked":"BootSequence","floor":4},{"not_picked":["Stack","Static Discharge"],"picked":"Ball Lightning","floor":6},{"not_picked":["Hologram","Compile Driver"],"picked":"Undo","floor":7},{"not_picked":["Rebound","Barrage"],"picked":"Auto Shields","floor":8}],"player_experience":516301,"relics_obtained":[{"floor":5,"key":"Potion Belt"},{"floor":6,"key":"Pantograph"},{"floor":8,"key":"Strawberry"},{"floor":9,"key":"MealTicket"}],"event_choices":[{"damage_healed":0,"gold_gain":175,"player_choice":"AGREE","damage_taken":0,"max_hp_gain":0,"max_hp_loss":0,"event_name":"Liars Game","floor":2,"gold_loss":0,"cards_obtained":["Doubt"]},{"damage_healed":0,"gold_gain":0,"player_choice":"Entered Light","damage_taken":15,"max_hp_gain":0,"max_hp_loss":0,"event_name":"Shining Light","floor":3,"gold_loss":0,"cards_upgraded":["Defend_B","Strike_B"]}],"is_beta":false,"boss_relics":[],"items_purged_floors":[],"is_endless":false,"potions_floor_spawned":[1,8],"killed_by":"3 Sentries","ascension_level":5}}