{"host":"d52brwsy6af8zvaq","time":1612292032,"event":{"mods":["AchievementEnabler","BaseMod","Bestiary","Highlight Path","Minty Spire (QoL Compilation)","Quick Restart","Relic Stats","ojb\u0027s Better Paths Mod"],"gold_per_floor":[115,34,34,109,122,153,19,44,44,63,63,78,109,109,109,109,109],"floor_reached":16,"language":"ENG","playtime":514,"items_purged":[],"score":286,"play_id":"ce5e9214-7e37-447e-a5e3-f4001ea19f84","local_time":"20210202115352","is_ascension_mode":true,"campfire_choices":[{"floor":11.0,"key":"DIG"},{"floor":15,"key":"REST"}],"circlet_count":0,"master_deck":["AscendersBane","Strike_G","Strike_G","Strike_G","Strike_G","Strike_G","Defend_G","Defend_G","Defend_G","Defend_G","Defend_G","Survivor","Neutralize","Sucker Punch","Masterful Stab","Underhanded Strike","PiercingWail","Trip","Backstab","Dagger Spray","Blade Dance","Backflip"],"relics":["Ring of the Snake","NeowsBlessing","The Specimen","Gremlin Horn","Shovel","Toy Ornithopter","Bottled Flame"],"acts_visited":["Exordium"],"potions_floor_usage":[],"damage_taken":[{"damage":0.0,"enemies":"Jaw Worm","floor":1.0,"turns":1.0},{"damage":0.0,"enemies":"Small Slimes","floor":5.0,"turns":1.0},{"damage":0.0,"enemies":"Gremlin Nob","floor":6.0,"turns":1.0},{"damage":16.0,"enemies":"3 Sentries","floor":8.0,"turns":9.0},{"damage":6.0,"enemies":"Cultist","floor":10.0,"turns":3.0},{"damage":0.0,"enemies":"Large Slime","floor":12.0,"turns":3.0},{"damage":45.0,"enemies":"Lagavulin","floor":13.0,"turns":6.0},{"damage":44,"enemies":"Slime Boss","floor":16,"turns":6}],"seed_played":"1564517194989216947","potions_obtained":[{"floor":1.0,"key":"FearPotion"},{"floor":8.0,"key":"GamblersBrew"},{"floor":12.0,"key":"FairyPotion"}],"is_trial":false,"path_per_floor":["M","$","?","?","M","E","$","E","T","M","R","M","E","?","R","B"],"character_chosen":"THE_SILENT","items_purchased":["Masterful Stab","Trip","Backstab"],"campfire_rested":1,"item_purchase_floors":[2,7,7],"current_hp_per_floor":[59,59,64,53,53,53,53,37,37,31,31,36,21,21,42,0,0],"gold":109,"neow_bonus":"THREE_ENEMY_KILL","is_daily":false,"chose_seed":false,"campfire_upgraded":0,"win_rate":0.0,"timestamp":1612292032,"path_taken":["M","$","?","?","M","E","?","E","T","M","R","M","E","?","R","BOSS"],"items_purchased_type":["Card","Card","Card"],"build_version":"2020-12-22","purchased_purges":0,"victory":false,"max_hp_per_floor":[66,66,71,71,71,71,71,71,71,71,71,71,71,71,71,71,71],"relic_stats":{"Shovel":1,"Gremlin Horn":[1,1],"counters":[8,30],"obtain_stats":[{"Bottled Flame":13,"Shovel":9,"NeowsBlessing":0,"The Specimen":6,"Gremlin Horn":8,"Toy Ornithopter":11,"Ring of the Snake":0},{"Bottled Flame":7,"Shovel":4,"NeowsBlessing":0,"The Specimen":3,"Gremlin Horn":4,"Toy Ornithopter":5,"Ring of the Snake":0},{"Bottled Flame":24,"Shovel":12,"NeowsBlessing":0,"The Specimen":3,"Gremlin Horn":12,"Toy Ornithopter":15,"Ring of the Snake":0}],"Toy Ornithopter":10,"Ring of the Snake":[16]},"card_choices":[{"not_picked":["Finisher","Dodge and Roll"],"picked":"Sucker Punch","floor":1.0},{"not_picked":["Accuracy","Eviscerate"],"picked":"Underhanded Strike","floor":5.0},{"not_picked":["Expertise","Quick Slash"],"picked":"PiercingWail","floor":6.0},{"not_picked":["Slice","PiercingWail"],"picked":"Dagger Spray","floor":8.0},{"not_picked":["Setup","Dagger Spray"],"picked":"Blade Dance","floor":10.0},{"not_picked":["Infinite Blades","Quick Slash","Underhanded Strike"],"picked":"SKIP","floor":12.0},{"not_picked":["Skewer","Underhanded Strike"],"picked":"Backflip","floor":13.0}],"player_experience":2126917,"relics_obtained":[{"floor":6.0,"key":"The Specimen"},{"floor":8.0,"key":"Gremlin Horn"},{"floor":9.0,"key":"Shovel"},{"floor":11.0,"key":"Toy Ornithopter"},{"floor":13.0,"key":"Bottled Flame"}],"event_choices":[{"damage_healed":0.0,"max_hp_gain":5.0,"max_hp_loss":0.0,"gold_gain":0.0,"event_name":"Big Fish","player_choice":"Donut","floor":3.0,"gold_loss":0.0,"damage_taken":0.0},{"damage_healed":0.0,"max_hp_gain":0.0,"max_hp_loss":0.0,"gold_gain":75.0,"event_name":"World of Goop","player_choice":"Gather Gold","floor":4.0,"gold_loss":0.0,"damage_taken":11.0},{"damage_healed":0.0,"max_hp_gain":0.0,"max_hp_loss":0.0,"gold_gain":0.0,"event_name":"FaceTrader","player_choice":"Leave","floor":14.0,"gold_loss":0.0,"damage_taken":0.0}],"is_beta":false,"boss_relics":[],"items_purged_floors":[],"is_endless":false,"potions_floor_spawned":[1,8,12],"killed_by":"Slime Boss","ascension_level":20}}