{"host":"wuernuywc9gl215o","time":1612272572,"event":{"mods":["AchievementEnabler","BaseMod","Block Reminder","Highlight Path","Key Reminder","Minty Spire (QoL Compilation)","Permanent Neow","Potion Indicator Mod","Quick Restart","Relic Stats"],"gold_per_floor":[112,131,145,145,295,313,10,28,28,28,28,47,47,47,47,126,126,142,142,142,42,58,58,77,110,135,153,153,173,173,208,220,306,318,350,374,386,416,428,428],"floor_reached":39,"language":"ENG","playtime":2250,"items_purged":["Doubt","Writhe"],"score":926,"play_id":"90561d2c-b1f7-4763-b8c1-54b2ac176e68","local_time":"20210202132932","is_ascension_mode":true,"campfire_choices":[{"floor":10.0,"key":"REST"},{"floor":15.0,"key":"REST"},{"floor":28.0,"key":"REST"},{"floor":30.0,"key":"REST"},{"floor":32.0,"key":"REST"}],"circlet_count":0,"master_deck":["AscendersBane","Strike_R","Strike_R+1","Strike_R","Strike_R","Strike_R","Defend_R","Defend_R","Defend_R","Defend_R","Bash","Cleave+1","Armaments","Flex","Bloodletting","Apotheosis+1","Iron Wave","Entrench","Feed","Searing Blow","RitualDagger","Iron Wave+1","Headbutt","Body Slam","Feel No Pain+1","Shrug It Off","Barricade","Havoc","Disarm","Entrench","Bloodletting+1"],"relics":["Runic Pyramid","Blood Vial","Pantograph","Philosopher\u0027s Stone","Lantern","Pear","Strawberry","MawBank","Fusion Hammer"],"acts_visited":["Exordium","TheCity","TheBeyond"],"potions_floor_usage":[],"damage_taken":[{"damage":7.0,"enemies":"Cultist","floor":1.0,"turns":4.0},{"damage":9.0,"enemies":"Jaw Worm","floor":2.0,"turns":4.0},{"damage":8.0,"enemies":"2 Louse","floor":3.0,"turns":4.0},{"damage":2.0,"enemies":"Blue Slaver","floor":6.0,"turns":6.0},{"damage":6.0,"enemies":"2 Fungi Beasts","floor":8.0,"turns":3.0},{"damage":27.0,"enemies":"Exordium Thugs","floor":12.0,"turns":4.0},{"damage":48.0,"enemies":"Slime Boss","floor":16.0,"turns":12.0},{"damage":0.0,"enemies":"Chosen","floor":18.0,"turns":5.0},{"damage":41.0,"enemies":"Shell Parasite","floor":22.0,"turns":4.0},{"damage":24.0,"enemies":"Snake Plant","floor":24.0,"turns":4.0},{"damage":55.0,"enemies":"Book of Stabbing","floor":25.0,"turns":6.0},{"damage":32.0,"enemies":"Centurion and Healer","floor":27.0,"turns":6.0},{"damage":9.0,"enemies":"Sentry and Sphere","floor":29.0,"turns":5.0},{"damage":65.0,"enemies":"Slavers","floor":31.0,"turns":4.0},{"damage":50.0,"enemies":"Automaton","floor":33.0,"turns":13.0},{"damage":18.0,"enemies":"3 Darklings","floor":35.0,"turns":7.0},{"damage":1.0,"enemies":"3 Shapes","floor":36.0,"turns":7.0},{"damage":89,"enemies":"Spire Growth","floor":38,"turns":7},{"damage":19,"enemies":"Writhing Mass","floor":39,"turns":2}],"seed_played":"5410036944507644620","potions_obtained":[{"floor":1.0,"key":"LiquidMemories"},{"floor":3.0,"key":"Dexterity Potion"},{"floor":24.0,"key":"SkillPotion"},{"floor":27.0,"key":"Swift Potion"},{"floor":29.0,"key":"EntropicBrew"},{"floor":31.0,"key":"EntropicBrew"},{"floor":33.0,"key":"DuplicationPotion"},{"floor":36.0,"key":"Fire Potion"},{"floor":38,"key":"Strength Potion"}],"is_trial":false,"path_per_floor":["M","M","M","?","?","M","$","M","T","R","T","M","$","?","R","B",null,"M","?","?","$","M","?","M","E","T","M","R","M","R","E","R","B",null,"M","M","?","M","M"],"character_chosen":"IRONCLAD","items_purchased":["Bloodletting","Apotheosis"],"campfire_rested":5,"item_purchase_floors":[7,7],"current_hp_per_floor":[61,52,44,21,21,19,19,13,13,35,35,10,10,10,32,11,59,65,59,59,59,24,83,62,23,30,3,36,33,67,7,42,23,97,85,89,89,6,0,0],"gold":428,"neow_bonus":"BOSS_RELIC","is_daily":false,"chose_seed":false,"campfire_upgraded":0,"win_rate":0.0,"timestamp":1612272572,"path_taken":["M","?","M","?","?","M","$","M","T","R","?","M","?","?","R","BOSS","M","?","?","$","M","?","?","E","T","M","R","?","R","E","R","BOSS","M","M","?","?","M"],"items_purchased_type":["Card","Card"],"build_version":"2020-12-22","purchased_purges":2,"victory":false,"max_hp_per_floor":[75,75,75,75,75,75,75,75,75,75,75,75,75,75,75,75,75,79,79,79,79,83,83,86,100,107,110,110,114,114,117,117,121,121,125,128,128,132,132,132],"relic_stats":{"Blood Vial":26,"counters":[19,107],"Pantograph":50,"MawBank":96,"obtain_stats":[{"Blood Vial":9,"Lantern":20,"Pear":25,"Pantograph":11,"Strawberry":26,"Philosopher\u0027s Stone":17,"Fusion Hammer":34,"MawBank":31,"Burning Blood":0,"Runic Pyramid":0},{"Blood Vial":5,"Lantern":8,"Pear":11,"Pantograph":5,"Strawberry":11,"Philosopher\u0027s Stone":7,"Fusion Hammer":15,"MawBank":14,"Burning Blood":0,"Runic Pyramid":0},{"Blood Vial":21,"Lantern":42,"Pear":56,"Pantograph":21,"Strawberry":56,"Philosopher\u0027s Stone":37,"Fusion Hammer":84,"MawBank":71,"Burning Blood":0,"Runic Pyramid":0}]},"card_choices":[{"not_picked":["Bloodletting","Metallicize"],"picked":"Cleave","floor":1.0},{"not_picked":["Ghostly Armor","Shrug It Off"],"picked":"Armaments","floor":2.0},{"not_picked":["Sword Boomerang","Anger","Warcry"],"picked":"SKIP","floor":3.0},{"not_picked":["Intimidate","Clash"],"picked":"Flex","floor":6.0},{"not_picked":["Armaments","Dual Wield"],"picked":"Iron Wave","floor":8.0},{"not_picked":["Rampage","Flex"],"picked":"Entrench","floor":12.0},{"not_picked":["Fiend Fire","Impervious"],"picked":"Feed","floor":16.0},{"not_picked":["Uppercut","Thunderclap"],"picked":"Searing Blow","floor":18.0},{"not_picked":["Warcry","Perfected Strike"],"picked":"Iron Wave+1","floor":22.0},{"not_picked":["Bloodletting","Fire Breathing","Armaments"],"picked":"SKIP","floor":24.0},{"not_picked":["Sword Boomerang","Uppercut"],"picked":"Headbutt","floor":25.0},{"not_picked":["Twin Strike","Havoc"],"picked":"Body Slam","floor":27.0},{"not_picked":["Shrug It Off","Rupture"],"picked":"Feel No Pain+1","floor":29.0},{"not_picked":["Armaments","Sentinel"],"picked":"Shrug It Off","floor":31.0},{"not_picked":["Brutality","Fiend Fire"],"picked":"Barricade","floor":33.0},{"not_picked":["Pommel Strike","Flex"],"picked":"Havoc","floor":35.0},{"not_picked":["Clothesline","Armaments"],"picked":"Disarm","floor":36.0},{"not_picked":["Heavy Blade","Shrug It Off"],"picked":"Bloodletting+1","floor":38}],"player_experience":767849,"relics_obtained":[{"floor":9.0,"key":"Blood Vial"},{"floor":11.0,"key":"Pantograph"},{"floor":25.0,"key":"Pear"},{"floor":26.0,"key":"Strawberry"},{"floor":31.0,"key":"MawBank"}],"event_choices":[{"damage_healed":0.0,"max_hp_gain":0.0,"max_hp_loss":0.0,"gold_gain":0.0,"event_name":"Shining Light","player_choice":"Entered Light","floor":4.0,"gold_loss":0.0,"damage_taken":23.0,"cards_upgraded":["Strike_R","Cleave"]},{"damage_healed":0.0,"max_hp_gain":0.0,"max_hp_loss":0.0,"gold_gain":150.0,"event_name":"Liars Game","player_choice":"AGREE","floor":5.0,"gold_loss":0.0,"damage_taken":0.0,"cards_obtained":["Doubt"]},{"damage_healed":0.0,"max_hp_gain":0.0,"max_hp_loss":0.0,"gold_gain":0.0,"event_name":"Upgrade Shrine","player_choice":"Upgraded","floor":14.0,"gold_loss":0.0,"damage_taken":0.0,"cards_upgraded":["Apotheosis"]},{"damage_healed":0.0,"max_hp_gain":0.0,"max_hp_loss":0.0,"gold_gain":0.0,"event_name":"Nest","player_choice":"Joined the Cult","floor":19.0,"gold_loss":0.0,"damage_taken":6.0,"cards_obtained":["RitualDagger"]},{"damage_healed":0.0,"max_hp_gain":0.0,"max_hp_loss":0.0,"gold_gain":0.0,"event_name":"The Mausoleum","player_choice":"Opened","floor":20.0,"gold_loss":0.0,"damage_taken":0.0,"relics_obtained":["Lantern"],"cards_obtained":["Writhe"]},{"damage_healed":59.0,"max_hp_gain":0.0,"max_hp_loss":0.0,"gold_gain":0.0,"event_name":"Wheel of Change","player_choice":"Full Heal","floor":23.0,"gold_loss":0.0,"damage_taken":0.0},{"damage_healed":0.0,"max_hp_gain":0.0,"max_hp_loss":0.0,"gold_gain":0.0,"event_name":"Duplicator","player_choice":"Copied","floor":37.0,"gold_loss":0.0,"damage_taken":0.0,"cards_obtained":["Entrench"]}],"is_beta":false,"boss_relics":[{"not_picked":["Empty Cage","Snecko Eye"],"picked":"Philosopher\u0027s Stone"},{"not_picked":["Runic Dome","Sozu"],"picked":"Fusion Hammer"}],"items_purged_floors":[7,21],"is_endless":false,"potions_floor_spawned":[1,3,24,27,29,31,33,36,38],"killed_by":"Writhing Mass","ascension_level":20}}