{"host":"c2vrdknshfutmcsq","time":1612262881,"event":{"mods":["BaseMod","Minty Spire (QoL Compilation)"],"gold_per_floor":[118,118,75,85,35,35,62,62,62,93,115,142,217,217,217,294,294,312,330,330,343,357,357,386,386,386,386,412,462,472,490,490,490,490],"floor_reached":33,"language":"ENG","playtime":1990,"items_purged":[],"score":597,"play_id":"d169206a-6fb0-44c2-ade3-6af1a535a42a","local_time":"20210202114801","is_ascension_mode":true,"campfire_choices":[{"data":"Dualcast","floor":6.0,"key":"SMITH"},{"data":"Zap","floor":8.0,"key":"SMITH"},{"floor":15.0,"key":"REST"},{"floor":23.0,"key":"REST"},{"floor":25.0,"key":"REST"},{"floor":32,"key":"REST"}],"circlet_count":0,"master_deck":["AscendersBane","Strike_B","Strike_B","Strike_B","Strike_B","Defend_B","Defend_B","Defend_B","Defend_B","Zap+1","Dualcast+1","Beam Cell+1","FTL","Compile Driver","Rebound","Melter","Beam Cell","Conserve Battery","Glacier","Fission","Leap","Gash","Buffer","Capacitor","Leap","Fission","Blizzard","Electrodynamics"],"relics":["FrozenCore","NeowsBlessing","StrikeDummy","Anchor","Blue Candle","Question Card","Odd Mushroom","Unceasing Top","Dream Catcher","StoneCalendar","Art of War"],"acts_visited":["Exordium","TheCity"],"potions_floor_usage":[31,33],"damage_taken":[{"damage":0.0,"enemies":"Small Slimes","floor":1.0,"turns":1.0},{"damage":0.0,"enemies":"Jaw Worm","floor":4.0,"turns":1.0},{"damage":0.0,"enemies":"Lagavulin","floor":7.0,"turns":1.0},{"damage":3.0,"enemies":"3 Sentries","floor":10.0,"turns":4.0},{"damage":4.0,"enemies":"The Mushroom Lair","floor":11.0,"turns":3.0},{"damage":15.0,"enemies":"Lagavulin","floor":12.0,"turns":3.0},{"damage":30.0,"enemies":"Slime Boss","floor":16.0,"turns":11.0},{"damage":12.0,"enemies":"Shell Parasite","floor":18.0,"turns":4.0},{"damage":0.0,"enemies":"Spheric Guardian","floor":19.0,"turns":3.0},{"damage":26.0,"enemies":"Snake Plant","floor":21.0,"turns":5.0},{"damage":7.0,"enemies":"Shelled Parasite and Fungi","floor":22.0,"turns":4.0},{"damage":28.0,"enemies":"Book of Stabbing","floor":24.0,"turns":5.0},{"damage":4.0,"enemies":"Colosseum Slavers","floor":27.0,"turns":7.0},{"damage":5.0,"enemies":"Centurion and Healer","floor":30.0,"turns":7.0},{"damage":6,"enemies":"Snake Plant","floor":31,"turns":4},{"damage":9,"enemies":"Collector","floor":33,"turns":8}],"seed_played":"3516594013791461654","potions_obtained":[{"floor":1.0,"key":"SkillPotion"},{"floor":4.0,"key":"EssenceOfSteel"},{"floor":12.0,"key":"Weak Potion"},{"floor":16.0,"key":"FocusPotion"},{"floor":19.0,"key":"CultistPotion"},{"floor":20.0,"key":"Dexterity Potion"},{"floor":30.0,"key":"AttackPotion"},{"floor":31,"key":"Swift Potion"}],"is_trial":false,"path_per_floor":["M","?","$","M","$","R","E","R","T","E","?","E","?","?","R","B",null,"M","M","?","M","M","R","E","R","T","?","T","?","M","M","R","B"],"character_chosen":"DEFECT","items_purchased":["FTL","Rebound"],"campfire_rested":4,"item_purchase_floors":[3,5],"current_hp_per_floor":[64,53,53,53,53,53,53,53,53,50,46,31,20,20,41,11,56,44,44,44,18,11,32,4,25,25,21,21,21,16,10,31,22,22],"gold":490,"neow_bonus":"THREE_ENEMY_KILL","is_daily":false,"chose_seed":false,"campfire_upgraded":2,"win_rate":0.0,"timestamp":1612262881,"path_taken":["M","?","$","M","$","R","E","R","T","E","?","E","?","?","R","BOSS","M","M","?","M","?","R","E","R","T","?","?","?","M","M","R","BOSS"],"items_purchased_type":["Card","Card"],"build_version":"2020-12-22","purchased_purges":0,"victory":false,"max_hp_per_floor":[71,71,71,71,71,71,71,71,71,71,71,71,71,71,71,71,71,71,71,71,71,71,71,71,71,71,71,71,71,71,71,71,71,71],"card_choices":[{"not_picked":["Storm","Gash"],"picked":"Beam Cell","floor":1.0},{"not_picked":["Reprogram","Redo"],"picked":"Compile Driver","floor":4.0},{"not_picked":["Capacitor","Leap"],"picked":"Melter","floor":7.0},{"not_picked":["Hologram","Static Discharge"],"picked":"Beam Cell","floor":10.0},{"not_picked":["Barrage","Leap","Heatsinks"],"picked":"Conserve Battery","floor":11.0},{"not_picked":["FTL","Capacitor","Stack"],"picked":"Glacier","floor":12.0},{"not_picked":["Amplify","Reboot","Multi-Cast"],"picked":"Fission","floor":16.0},{"not_picked":["Recycle","Gash+1","Steam"],"picked":"Leap","floor":18.0},{"not_picked":["Scrape","Consume","Coolheaded"],"picked":"Gash","floor":19.0},{"not_picked":["Gash","Go for the Eyes","Turbo"],"picked":"Buffer","floor":21.0},{"not_picked":["Steam","Compile Driver+1","Redo"],"picked":"Capacitor","floor":22.0},{"not_picked":["Consume","Steam","Go for the Eyes","Hologram"],"picked":"SKIP","floor":24.0},{"not_picked":["Go for the Eyes","Gash","Tempest"],"picked":"Leap","floor":25.0},{"not_picked":["Sweeping Beam","Steam","Conserve Battery"],"picked":"Fission","floor":30.0},{"not_picked":["Compile Driver","Turbo","Force Field"],"picked":"Blizzard","floor":31},{"not_picked":["Cold Snap","Defragment","Steam"],"picked":"Electrodynamics","floor":32}],"player_experience":1332447,"relics_obtained":[{"floor":7.0,"key":"Anchor"},{"floor":9.0,"key":"Blue Candle"},{"floor":10.0,"key":"Question Card"},{"floor":11.0,"key":"Odd Mushroom"},{"floor":12.0,"key":"Unceasing Top"},{"floor":24.0,"key":"Dream Catcher"},{"floor":26.0,"key":"StoneCalendar"},{"floor":28.0,"key":"Art of War"}],"event_choices":[{"damage_healed":0.0,"max_hp_gain":0.0,"max_hp_loss":0.0,"gold_gain":0.0,"event_name":"Scrap Ooze","player_choice":"Success","floor":2.0,"gold_loss":0.0,"damage_taken":11.0,"relics_obtained":["StrikeDummy"]},{"damage_healed":0.0,"max_hp_gain":0.0,"max_hp_loss":0.0,"gold_gain":0.0,"event_name":"Mushrooms","player_choice":"Fought Mushrooms","floor":11.0,"gold_loss":0.0,"damage_taken":0.0},{"damage_healed":0.0,"max_hp_gain":0.0,"max_hp_loss":0.0,"gold_gain":75.0,"event_name":"World of Goop","player_choice":"Gather Gold","floor":13.0,"gold_loss":0.0,"damage_taken":11.0},{"damage_healed":0.0,"max_hp_gain":0.0,"max_hp_loss":0.0,"gold_gain":0.0,"event_name":"Living Wall","player_choice":"Grow","floor":14.0,"gold_loss":0.0,"damage_taken":0.0,"cards_upgraded":["Beam Cell"]},{"damage_healed":0.0,"max_hp_gain":0.0,"max_hp_loss":0.0,"gold_gain":0.0,"event_name":"Lab","player_choice":"Got Potions","floor":20.0,"gold_loss":0.0,"damage_taken":0.0},{"damage_healed":0.0,"max_hp_gain":0.0,"max_hp_loss":0.0,"gold_gain":0.0,"event_name":"Colosseum","player_choice":"Fight","floor":27.0,"gold_loss":0.0,"damage_taken":0.0},{"damage_healed":0.0,"max_hp_gain":0.0,"max_hp_loss":0.0,"gold_gain":0.0,"event_name":"Colosseum","player_choice":"Fled From Nobs","floor":27.0,"gold_loss":0.0,"damage_taken":0.0},{"damage_healed":0.0,"max_hp_gain":0.0,"max_hp_loss":0.0,"gold_gain":50.0,"event_name":"Golden Shrine","player_choice":"Pray","floor":29.0,"gold_loss":0.0,"damage_taken":0.0}],"is_beta":false,"boss_relics":[{"not_picked":["Empty Cage","Astrolabe"],"picked":"FrozenCore"}],"items_purged_floors":[],"is_endless":false,"potions_floor_spawned":[1,4,12,16,19,21,22,30,31],"killed_by":"Collector","ascension_level":19}}