{"host":"lnrxyx1mebyhalma","time":1612231504,"event":{"mods":["2.2 Compatiblity","BaseMod","Best Route Mod","Block Reminder","Colored Powertips","Downfall","Minty Spire (QoL Compilation)","Rare Cards Sparkle","Smile Girya","StSLib"],"gold_per_floor":[99,112,287,212,222,222,222,240,270,220,245,264,214,224,240,338,338,188,198,216,231,242,257,335,335,349,349,349,349,349],"floor_reached":28,"language":"PTB","playtime":1534,"items_purged":[],"score":234,"play_id":"cd2da1de-dc18-473e-9281-af6fee684078","local_time":"20210202000504","is_ascension_mode":false,"campfire_choices":[{"data":"Slimebound:CorrosiveSpit","floor":1,"key":"SMITH"},{"floor":10,"key":"REST"},{"data":"1","floor":13,"key":"LIFT"},{"data":"2","floor":18,"key":"LIFT"}],"circlet_count":0,"master_deck":["Slimebound:Strike_Slimebound","Slimebound:Strike_Slimebound","Slimebound:Tackle","Slimebound:Defend_Slimebound","Slimebound:Defend_Slimebound","Slimebound:Split","Slimebound:CorrosiveSpit+1","Slimebound:LivingWall","Doubt","Slimebound:Schlurp","Slimebound:Repurpose","Slimebound:Equalize","Slimebound:SplitBruiser","Slimebound:SlimeSpikes","Slimebound:Grow+1","Slimebound:LeechEnergy","Slimebound:Overexert+1","CurseOfTheBell","Slimebound:LeadByExample+1","Slimebound:SlimeBrawl","Slimebound:Prepare+1","Slimebound:Schlurp+1","Slimebound:TongueLash","Slimebound:AcidTongue+1","downfall:Bewildered"],"relics":["Slimebound:AbsorbEndCombat","Slimebound:GreedOozeRelic","Girya","Frozen Egg 2","Calling Bell","Boot","InkBottle","Pocketwatch","downfall:HeartBlessingBlue","Gremlin Horn","sneckomod:BabySnecko"],"acts_visited":["Exordium","TheCity"],"potions_floor_usage":[16,16,28],"damage_taken":[{"damage":3,"enemies":"Small Slimes","floor":2,"turns":3},{"damage":0,"enemies":"2 Louse","floor":5,"turns":2},{"damage":1,"enemies":"Jaw Worm","floor":8,"turns":3},{"damage":32,"enemies":"3 Sentries","floor":9,"turns":8},{"damage":27,"enemies":"Gremlin Nob","floor":11,"turns":4},{"damage":7,"enemies":"3 Louse","floor":12,"turns":2},{"damage":3,"enemies":"Blue Slaver","floor":14,"turns":4},{"damage":4,"enemies":"2 Fungi Beasts","floor":15,"turns":4},{"damage":29,"enemies":"SI_SHIV_ARCHETYPE","floor":16,"turns":6},{"damage":10,"enemies":"Shell Parasite","floor":19,"turns":4},{"damage":4,"enemies":"Spheric Guardian","floor":20,"turns":3},{"damage":20,"enemies":"Chosen and Byrds","floor":21,"turns":4},{"damage":15,"enemies":"Snake Plant","floor":22,"turns":4},{"damage":3,"enemies":"Snecko","floor":23,"turns":3},{"damage":10,"enemies":"Chosen and Byrds","floor":26,"turns":4},{"damage":47,"enemies":"Slavers","floor":28,"turns":3}],"seed_played":"-4603186148162727736","potions_obtained":[{"floor":8,"key":"Swift Potion"},{"floor":12,"key":"hexamod:SoulburnPotion"},{"floor":14,"key":"PowerPotion"},{"floor":16,"key":"Slimebound:SpawnSlimePotion"},{"floor":19,"key":"SkillPotion"}],"is_trial":false,"path_per_floor":["R","M","?","?","M","?","T","M","E","R","E","M","R","M","M","B",null,"R","M","M","M","M","M","T","?","M","?","E"],"character_chosen":"SLIMEBOUND","items_purchased":[],"campfire_rested":1,"item_purchase_floors":[],"current_hp_per_floor":[59,58,58,58,59,59,59,59,35,52,36,37,37,42,40,27,59,69,67,65,51,36,43,43,43,41,41,0,0,0],"gold":349,"neow_bonus":"REMOVE_TWO","is_daily":false,"chose_seed":false,"campfire_upgraded":1,"win_rate":0.0,"timestamp":1612231504,"path_taken":["R","M","?","?","M","?","T","M","E","R","E","M","R","M","M","BOSS","R","M","M","M","M","M","T","?","M","?","E"],"items_purchased_type":[],"build_version":"2020-12-22","purchased_purges":0,"victory":false,"max_hp_per_floor":[59,59,59,59,59,59,59,59,59,59,59,59,59,59,59,59,59,69,69,69,69,69,69,69,69,69,69,69,69,69],"card_choices":[{"not_picked":["Slimebound:LeechEnergy","Slimebound:RainOfGoop"],"picked":"Slimebound:LivingWall","floor":2},{"not_picked":["Slimebound:HauntingLick","Slimebound:Prepare"],"picked":"Slimebound:Schlurp","floor":5},{"not_picked":["Slimebound:Dissolve","Slimebound:SlimeBrawl"],"picked":"Slimebound:Repurpose","floor":8},{"not_picked":["Slimebound:Grow","Slimebound:RollThrough"],"picked":"Slimebound:Equalize","floor":9},{"not_picked":["Slimebound:GoopTackle","Slimebound:FormOfPuddle"],"picked":"Slimebound:SplitBruiser","floor":11},{"not_picked":["Slimebound:DisruptingSlam","Slimebound:LeechEnergy"],"picked":"Slimebound:SlimeSpikes","floor":12},{"not_picked":["Slimebound:SplitMire","Slimebound:ItLooksTasty"],"picked":"Slimebound:Grow+1","floor":14},{"not_picked":["Slimebound:DivideAndConquer","Slimebound:HauntingLick"],"picked":"Slimebound:LeechEnergy","floor":15},{"not_picked":["Slimebound:MassFeed","Slimebound:OneTwoCombo"],"picked":"Slimebound:Overexert+1","floor":16},{"not_picked":["Slimebound:DisruptingSlam+1","Slimebound:RollThrough"],"picked":"Slimebound:LeadByExample+1","floor":19},{"not_picked":["Slimebound:RollThrough+1","Slimebound:FlameTackle"],"picked":"Slimebound:SlimeBrawl","floor":20},{"not_picked":["Slimebound:SamplingLick","Slimebound:ItLooksTasty"],"picked":"Slimebound:Prepare+1","floor":21},{"not_picked":["Slimebound:SplitAcid","Slimebound:SplitLeeching"],"picked":"Slimebound:Schlurp+1","floor":22},{"not_picked":["Slimebound:LeechEnergy","Slimebound:ComboTackle"],"picked":"Slimebound:TongueLash","floor":23},{"not_picked":["Slimebound:Prepare","Slimebound:Schlurp"],"picked":"Slimebound:AcidTongue+1","floor":26}],"player_experience":105246,"relics_obtained":[{"floor":9,"key":"Girya"},{"floor":11,"key":"Frozen Egg 2"},{"floor":17,"key":"Boot"},{"floor":17,"key":"InkBottle"},{"floor":17,"key":"Pocketwatch"},{"floor":24,"key":"Gremlin Horn"}],"event_choices":[{"cards_removed":["Slimebound:Defend_Slimebound"],"damage_healed":0,"gold_gain":0,"player_choice":"Card Removal","damage_taken":0,"max_hp_gain":0,"max_hp_loss":0,"event_name":"The Cleric","floor":6,"gold_loss":0}],"is_beta":false,"boss_relics":[{"not_picked":["Runic Dome","Fusion Hammer"],"picked":"Calling Bell"}],"items_purged_floors":[],"is_endless":false,"potions_floor_spawned":[8,12,14,16,19,21,22,23],"killed_by":"Slavers","ascension_level":0}}