{"host":"sp1f3sybb350mzsh","time":1612300069,"event":{"mods":["AchievementEnabler","BaseMod","Bestiary","Colored Map","Colored Powertips","Filter the Spire","Minty Spire (QoL Compilation)","Puzzle Mod","Relic Stats","StSLib"],"gold_per_floor":[113,38,50,64,14,44,44,72,72,97,97,97,197,231,231,231,231],"floor_reached":16,"language":"ENG","playtime":751,"items_purged":["Pain"],"score":124,"play_id":"ac973dda-1690-4914-be47-d5af0c0b3fb6","local_time":"20210202150749","is_ascension_mode":true,"campfire_choices":[{"data":"Iron Wave","floor":7.0,"key":"SMITH"},{"data":"Rage","floor":12.0,"key":"SMITH"},{"data":"Fiend Fire","floor":15.0,"key":"SMITH"}],"circlet_count":0,"master_deck":["Strike_R","Strike_R","Strike_R","Strike_R","Defend_R","Defend_R","Defend_R","Defend_R","Bash","Transmutation","Cleave","Headbutt","Iron Wave+1","Burning Pact","Rage+1","Dark Embrace","Fiend Fire+1"],"relics":["Burning Blood","Ginger","Sundial","Du-Vu Doll","Regal Pillow","Golden Idol"],"acts_visited":["Exordium"],"potions_floor_usage":[16],"damage_taken":[{"damage":19.0,"enemies":"2 Louse","floor":1.0,"turns":5.0},{"damage":3.0,"enemies":"Small Slimes","floor":3.0,"turns":3.0},{"damage":9.0,"enemies":"Cultist","floor":4.0,"turns":4.0},{"damage":17.0,"enemies":"3 Sentries","floor":6.0,"turns":6.0},{"damage":13.0,"enemies":"Gremlin Nob","floor":8.0,"turns":5.0},{"damage":18.0,"enemies":"Lagavulin","floor":10.0,"turns":6.0},{"damage":2.0,"enemies":"Gremlin Gang","floor":14.0,"turns":3.0},{"damage":44,"enemies":"Hexaghost","floor":16,"turns":9}],"seed_played":"-3509105711097930529","potions_obtained":[{"floor":3.0,"key":"Explosive Potion"},{"floor":4.0,"key":"Weak Potion"},{"floor":10.0,"key":"DuplicationPotion"},{"floor":14.0,"key":"HeartOfIron"}],"is_trial":false,"path_per_floor":["M","$","M","M","?","E","R","E","T","E","?","R","?","M","R","B"],"character_chosen":"IRONCLAD","items_purchased":[],"campfire_rested":0,"item_purchase_floors":[],"current_hp_per_floor":[67,67,70,67,67,56,56,49,49,37,37,37,37,41,41,0,0],"gold":231,"neow_bonus":"RANDOM_COLORLESS_2","is_daily":false,"chose_seed":false,"campfire_upgraded":3,"win_rate":0.0,"timestamp":1612300069,"path_taken":["M","$","M","M","?","E","R","E","T","E","?","R","?","?","R","BOSS"],"items_purchased_type":[],"build_version":"2020-12-22","purchased_purges":1,"victory":false,"max_hp_per_floor":[80,80,80,80,80,80,80,80,80,80,74,74,74,74,74,74,74],"relic_stats":{"Regal Pillow":0,"counters":[8,41],"Sundial":[4],"Golden Idol":3,"Ginger":[2],"obtain_stats":[{"Du-Vu Doll":9,"Regal Pillow":10,"Sundial":8,"Golden Idol":11,"Ginger":6,"Burning Blood":0},{"Du-Vu Doll":5,"Regal Pillow":6,"Sundial":5,"Golden Idol":6,"Ginger":4,"Burning Blood":0},{"Du-Vu Doll":23,"Regal Pillow":29,"Sundial":23,"Golden Idol":29,"Ginger":18,"Burning Blood":0}],"Burning Blood":42},"card_choices":[{"not_picked":["Panache","Thinking Ahead"],"picked":"Transmutation","floor":0.0},{"not_picked":["Burning Pact","Clash"],"picked":"Cleave","floor":1.0},{"not_picked":["Rage","Warcry"],"picked":"Headbutt","floor":3.0},{"not_picked":["Heavy Blade","Sword Boomerang"],"picked":"Iron Wave","floor":4.0},{"not_picked":["Perfected Strike","True Grit"],"picked":"Burning Pact","floor":6.0},{"not_picked":["Carnage","Searing Blow"],"picked":"Rage","floor":8.0},{"not_picked":["Sword Boomerang","Clash"],"picked":"Dark Embrace","floor":10.0},{"not_picked":["Reckless Charge","Thunderclap"],"picked":"Fiend Fire","floor":14.0}],"player_experience":163147,"relics_obtained":[{"floor":6.0,"key":"Ginger"},{"floor":8.0,"key":"Sundial"},{"floor":9.0,"key":"Du-Vu Doll"},{"floor":10.0,"key":"Regal Pillow"}],"event_choices":[{"cards_removed":["Strike_R"],"damage_healed":0.0,"max_hp_gain":0.0,"max_hp_loss":0.0,"gold_gain":0.0,"event_name":"The Cleric","player_choice":"Card Removal","floor":5.0,"gold_loss":50.0,"damage_taken":0.0},{"damage_healed":0.0,"max_hp_gain":0.0,"max_hp_loss":6.0,"gold_gain":0.0,"event_name":"Golden Idol","player_choice":"Lose Max HP","floor":11.0,"gold_loss":0.0,"damage_taken":0.0,"relics_obtained":["Golden Idol"]},{"damage_healed":0.0,"max_hp_gain":0.0,"max_hp_loss":0.0,"gold_gain":100.0,"event_name":"Wheel of Change","player_choice":"Gold","floor":13.0,"gold_loss":0.0,"damage_taken":0.0}],"is_beta":false,"boss_relics":[],"items_purged_floors":[2],"is_endless":false,"potions_floor_spawned":[3,4,10,14],"killed_by":"Hexaghost","ascension_level":1}}