{"host":"l9d4bclu8pwa3q15","time":1612263075,"event":{"mods":["Act Like it!","BaseMod","Better Altar","Better Match","Better Note","Better Sensory Stone","Better Skull","BetterRewards","Colored Map","Colored Powertips","Downfall","Emptier Cage","Gensokyo","GifTheSpireLib","Keyboard Shortcuts","Koishi","KomeijiMod","Lobotomy","LobotomyExtend","Minty Spire (QoL Compilation)","Quick Restart","Rare Cards Sparkle","Relic Sorter","Remilia_Scarlet Moed（蕾米莉亚・斯卡雷特）3.3.5","Replay The Spire","Spicy Shops","StSLib","The Alterego","UnlockEverythingMod","Waifu the Spire","WarShipGirlsR/战舰少女R mod","Yakumo Yukari mod","Youmu（魂魄妖梦）","Yuyuko"],"gold_per_floor":[115,133,145,162,172,172,220,220,296,296,316,336,364,378,378,478,478,478,478],"floor_reached":1,"language":"ZHS","playtime":2246,"items_purged":[],"score":108,"play_id":"d74b203d-94bf-41c2-83b5-661f7e7453fb","local_time":"20210202185115","is_ascension_mode":false,"campfire_choices":[],"circlet_count":0,"master_deck":["SpecialBullet","SpecialBullet","SpecialBullet","SpecialBullet","SpecialBullet","SpecialBullet","SpecialBullet","SpecialBullet","CentralCode","SecurityCode","ControlCode","ParadiseLost","Lantern","PunishingBird","BearPaw","HappyTeddy","MHz","ScreamingWedge","SpiderBud","SwordSharpenedByTears+1","QueenBee","Hypocrisy","Beak","RedShoes","ExtractionCode","Lamp+1","Woodsman","Moonlight","Murderer","NakedNest","Bloodbath","DaCapo","CENSORED_ego+1","Pinks+1","SpecialBullet","Variant","Parasite","Parasite","Parasite","Parasite"],"relics":["CogitoBucket","SkinProphecy","Singing Bowl","Strawberry","Coffee Dripper","Moonlight_r","ShedSkin_r"],"acts_visited":["Exordium","TheCity"],"potions_floor_usage":[7,7,16],"damage_taken":[{"damage":6,"enemies":"Cultist","floor":1,"turns":3},{"damage":12,"enemies":"Jaw Worm","floor":2,"turns":3},{"damage":13,"enemies":"Small Slimes","floor":3,"turns":2},{"damage":28,"enemies":"Exordium Wildlife","floor":4,"turns":5},{"damage":17,"enemies":"Large Slime","floor":5,"turns":3},{"damage":10,"enemies":"Looter","floor":7,"turns":12},{"damage":7,"enemies":"Blue Slaver","floor":11,"turns":2},{"damage":36,"enemies":"Large Slime","floor":12,"turns":5},{"damage":30,"enemies":"3 Sentries","floor":13,"turns":3},{"damage":8,"enemies":"3 Louse","floor":14,"turns":2},{"damage":28,"enemies":"Slime Boss","floor":16,"turns":9},{"damage":90,"enemies":"2 Louse","floor":1,"turns":3}],"seed_played":"-462866085384200903","potions_obtained":[{"floor":1,"key":"Reflective Coating"},{"floor":3,"key":"SpeedPotion"},{"floor":4,"key":"SkillPotion"},{"floor":13,"key":"Adrenaline Potion"}],"is_trial":false,"path_per_floor":["M","M","M","M","M","?","M","R","T","?","M","M","E","M","R_BF","B",null,"M","M"],"character_chosen":"Angela","items_purchased":[],"campfire_rested":0,"item_purchase_floors":[],"current_hp_per_floor":[70,66,66,58,57,57,70,70,70,70,72,70,79,93,93,95,95,0,0],"gold":478,"neow_bonus":"ONE_RANDOM_RARE_CARD","is_daily":false,"chose_seed":false,"campfire_upgraded":0,"win_rate":0.0,"timestamp":1612263075,"path_taken":["M","M","M","M","M","?","?","R","T","?","M","M","E","M","R_BF","BOSS","M","M"],"items_purchased_type":[],"build_version":"2020-12-22","purchased_purges":0,"victory":false,"max_hp_per_floor":[70,70,70,70,70,70,70,70,70,70,72,76,89,93,93,95,95,99,99],"card_choices":[{"not_picked":["BearPaw"],"picked":"Lantern","floor":1},{"not_picked":["MHz","UniverseFragment"],"picked":"PunishingBird","floor":1},{"not_picked":["Wingbeat"],"picked":"BearPaw","floor":2},{"not_picked":["SpiderBud","QueenOfHatred"],"picked":"HappyTeddy","floor":2},{"not_picked":["Hornet"],"picked":"Horn","floor":3},{"not_picked":["Scorched","OSAHOGD"],"picked":"MHz","floor":3},{"not_picked":["InTheNameOfLoveAndHate"],"picked":"ScreamingWedge","floor":4},{"not_picked":["MeatLantern","CherryBlossoms"],"picked":"SpiderBud","floor":4},{"not_picked":["RedEyes"],"picked":"SwordSharpenedByTears","floor":5},{"not_picked":["WallGazer","SnowQueen"],"picked":"QueenBee","floor":5},{"not_picked":["SomewhereSpear"],"picked":"Beak","floor":7},{"not_picked":["Mercenary","Alriune"],"picked":"RedShoes","floor":7},{"not_picked":["Reverberation"],"picked":"Lamp","floor":11},{"not_picked":["DespairKnight","CherryBlossoms"],"picked":"Woodsman","floor":11},{"not_picked":["BloodyDesire","Penitence"],"picked":"Singing Bowl","floor":12},{"not_picked":["BearPaw"],"picked":"Moonlight","floor":12},{"not_picked":["UniverseFragment","MeatLantern"],"picked":"Murderer","floor":12},{"not_picked":["Lamp","SomewhereSpear"],"picked":"Singing Bowl","floor":13},{"not_picked":["SnowQueen","BigBird"],"picked":"NakedNest","floor":13},{"not_picked":["Lantern","Reverberation"],"picked":"Singing Bowl","floor":13},{"not_picked":["FourthMatchFlame","SolemnVow"],"picked":"Singing Bowl","floor":14},{"not_picked":["FairyFestival","WhitesApple"],"picked":"Bloodbath","floor":14},{"not_picked":["Wingbeat"],"picked":"DaCapo","floor":14},{"not_picked":["DaCapo"],"picked":"CENSORED_ego","floor":16},{"not_picked":["DaCapo"],"picked":"Pinks","floor":16},{"not_picked":["Mercenary","BeautyBeast"],"picked":"Variant","floor":16}],"player_experience":122829,"relics_obtained":[{"floor":1,"key":"LetterFromLob"},{"floor":9,"key":"Singing Bowl"},{"floor":13,"key":"Strawberry"}],"event_choices":[{"damage_healed":0,"gold_gain":0,"cards_transformed":["Horn"],"player_choice":"Transformed","damage_taken":0,"max_hp_gain":0,"max_hp_loss":0,"event_name":"Transmorgrifier","floor":6,"gold_loss":0,"cards_obtained":["Hypocrisy"]}],"is_beta":false,"boss_relics":[{"not_picked":["Replay:Grab Bag","ReplayTheSpireMod:DimensionalGlitch"],"picked":"Coffee Dripper"}],"items_purged_floors":[],"is_endless":false,"potions_floor_spawned":[1,3,4,13],"killed_by":"2 Louse","ascension_level":0}}