{"host":"8abfg9qscoja4hwf","time":1612278512,"event":{"mods":["AchievementEnabler","BaseMod","Colored Powertips","Googly Eyes","Highlight Path","Minty Spire (QoL Compilation)","Quick Restart","Relic Stats","Slay-I","slay the spire mod where everything is the same but ironclad has a cowboy hat"],"gold_per_floor":[119,47,59,59,134,159,169,202,226,226,255,275,304,304,304,408,408,422,347,314,325,325,325,325,352,352,53,53,83,33,50,50,151,151,171,171,217,64,78,78,78,120,143,143,143,143],"floor_reached":45,"language":"ENG","playtime":3550,"items_purged":["Decay"],"score":661,"play_id":"984b2e95-800e-4336-880a-f2102e566392","local_time":"20210202150832","is_ascension_mode":true,"campfire_choices":[{"floor":10,"key":"REST"},{"floor":15,"key":"REST"},{"floor":23,"key":"REST"},{"floor":28,"key":"REST"},{"floor":32,"key":"REST"},{"floor":40,"key":"RECALL"},{"floor":44,"key":"REST"}],"circlet_count":0,"master_deck":["Strike_B","Strike_B","Strike_B","Strike_B","Defend_B","Defend_B","Defend_B","Defend_B","Zap","Dualcast","Melter","Self Repair","Conserve Battery","Undo+1","Conserve Battery","Streamline","Conserve Battery","Capacitor","Echo Form","Buffer","Chill","Cold Snap+1","Loop","Defragment","Buffer","Metallicize","Protect+1","Panache","CurseOfTheBell","Headbutt+1","Dark Shackles","Apotheosis","Predator+1","Noxious Fumes+1"],"relics":["Cracked Core","NeowsBlessing","Regal Pillow","Anchor","Darkstone Periapt","Lizard Tail","Letter Opener","Inserter","Pear","Bag of Marbles","PrismaticShard","Bronze Scales","Calling Bell","War Paint","Question Card","WingedGreaves","Blood Vial","DataDisk","CeramicFish","Vajra"],"acts_visited":["Exordium","TheCity","TheBeyond"],"potions_floor_usage":[16,20,21,25,29,31],"damage_taken":[{"damage":0,"enemies":"Jaw Worm","floor":1,"turns":1},{"damage":0,"enemies":"Small Slimes","floor":3,"turns":1},{"damage":0,"enemies":"Lagavulin","floor":6,"turns":2},{"damage":0,"enemies":"2 Louse","floor":7,"turns":2},{"damage":26,"enemies":"3 Sentries","floor":8,"turns":10},{"damage":19,"enemies":"Gremlin Nob","floor":11,"turns":4},{"damage":0,"enemies":"Exordium Wildlife","floor":12,"turns":5},{"damage":15,"enemies":"Lagavulin","floor":13,"turns":7},{"damage":31,"enemies":"The Guardian","floor":16,"turns":11},{"damage":12,"enemies":"Chosen","floor":18,"turns":6},{"damage":22,"enemies":"2 Thieves","floor":20,"turns":5},{"damage":34,"enemies":"Snake Plant","floor":21,"turns":6},{"damage":44,"enemies":"Slavers","floor":25,"turns":8},{"damage":64,"enemies":"Gremlin Leader","floor":29,"turns":13},{"damage":21,"enemies":"Sentry and Sphere","floor":31,"turns":4},{"damage":73,"enemies":"Collector","floor":33,"turns":20},{"damage":14,"enemies":"Orb Walker","floor":35,"turns":6},{"damage":3,"enemies":"3 Shapes","floor":39,"turns":9},{"damage":29,"enemies":"Nemesis","floor":42,"turns":9},{"damage":126,"enemies":"Reptomancer","floor":45,"turns":6}],"seed_played":"-2837563394694840495","potions_obtained":[{"floor":6,"key":"Ancient Potion"},{"floor":7,"key":"SteroidPotion"},{"floor":8,"key":"Strength Potion"},{"floor":13,"key":"LiquidMemories"},{"floor":16,"key":"DistilledChaos"},{"floor":18,"key":"LiquidBronze"},{"floor":21,"key":"FearPotion"}],"is_trial":false,"path_per_floor":["M","$","M","$","?","E","M","E","T","R","E","M","E","?","R","B",null,"M","?","M","M","?","R","$","E","T","$","R","E","$","M","R","B",null,"M","?","T","$","M","R","$","E","T","R","E"],"character_chosen":"DEFECT","items_purchased":["Self Repair","PrismaticShard","Buffer","PowerPotion","DataDisk"],"campfire_rested":6,"item_purchase_floors":[2,27,27,30,38],"current_hp_per_floor":[75,75,75,75,64,71,75,56,56,75,56,56,48,54,81,57,81,69,69,47,20,26,67,67,40,40,40,84,27,27,13,57,32,103,96,91,91,91,97,97,97,77,77,103,0,0],"gold":143,"neow_bonus":"THREE_ENEMY_KILL","is_daily":false,"chose_seed":false,"campfire_upgraded":0,"win_rate":0.0,"timestamp":1612278512,"path_taken":["M","$","M","$","?","E","M","E","T","R","E","M","E","?","R","BOSS","M","?","M","M","?","R","$","E","T","$","R","E","$","M","R","BOSS","M","?","?","$","M","R","$","E","T","R","E"],"items_purchased_type":["Card","Relic","Card","Potion","Relic"],"build_version":"2020-12-22","purchased_purges":1,"victory":false,"max_hp_per_floor":[75,75,75,75,75,75,75,75,75,75,75,75,75,81,81,81,81,81,81,81,81,87,87,87,97,97,97,97,97,97,97,97,97,103,103,103,103,103,103,103,103,103,103,103,103,103],"relic_stats":{"Darkstone Periapt":18,"Blood Vial":4,"Regal Pillow":48,"Lizard Tail":48,"Inserter":[38],"counters":[20,135],"Bronze Scales":[158],"CeramicFish":9,"Letter Opener":[136],"War Paint":["Protect","Undo"],"Question Card":5,"obtain_stats":[{"Darkstone Periapt":11,"Regal Pillow":6,"Inserter":17,"Pear":25,"NeowsBlessing":0,"CeramicFish":42,"Vajra":43,"Letter Opener":14,"War Paint":34,"PrismaticShard":27,"Question Card":34,"Calling Bell":34,"Blood Vial":37,"Anchor":8,"Lizard Tail":13,"DataDisk":38,"Bronze Scales":29,"WingedGreaves":34,"Bag of Marbles":26,"Cracked Core":0},{"Darkstone Periapt":6,"Regal Pillow":3,"Inserter":9,"Pear":13,"NeowsBlessing":0,"CeramicFish":19,"Vajra":19,"Letter Opener":8,"War Paint":16,"PrismaticShard":13,"Question Card":16,"Calling Bell":16,"Blood Vial":17,"Anchor":5,"Lizard Tail":8,"DataDisk":17,"Bronze Scales":14,"WingedGreaves":16,"Bag of Marbles":13,"Cracked Core":0},{"Darkstone Periapt":20,"Regal Pillow":4,"Inserter":43,"Pear":68,"NeowsBlessing":0,"CeramicFish":129,"Vajra":129,"Letter Opener":32,"War Paint":105,"PrismaticShard":68,"Question Card":105,"Calling Bell":105,"Blood Vial":111,"Anchor":16,"Lizard Tail":32,"DataDisk":111,"Bronze Scales":81,"WingedGreaves":105,"Bag of Marbles":68,"Cracked Core":0}]},"card_choices":[{"not_picked":["Barrage","Recycle"],"picked":"Melter","floor":1},{"not_picked":["Lockon","Tempest"],"picked":"Conserve Battery","floor":3},{"not_picked":["Redo","Hello World"],"picked":"Undo","floor":6},{"not_picked":["Scrape","Coolheaded"],"picked":"Conserve Battery","floor":7},{"not_picked":["Force Field","White Noise"],"picked":"Streamline","floor":8},{"not_picked":["Steam Power","Rebound"],"picked":"Conserve Battery","floor":11},{"not_picked":["Chill","FTL"],"picked":"Capacitor","floor":12},{"not_picked":["Sweeping Beam","Meteor Strike"],"picked":"Echo Form","floor":13},{"not_picked":["Reboot","Creative AI"],"picked":"Buffer","floor":16},{"not_picked":["Steam","Loop+1"],"picked":"Chill","floor":18},{"not_picked":["Beam Cell","Compile Driver+1"],"picked":"Cold Snap+1","floor":20},{"not_picked":["Sweeping Beam","Force Field"],"picked":"Loop","floor":21},{"not_picked":["Darkness","Hello World+1"],"picked":"Defragment","floor":25},{"not_picked":["Tempest","Underhanded Strike"],"picked":"Metallicize","floor":29},{"not_picked":["Halt","Bane"],"picked":"Protect","floor":31},{"not_picked":["Echo Form","Double Tap"],"picked":"Panache","floor":33},{"not_picked":["Consecrate","Power Through","WheelKick"],"picked":"Headbutt+1","floor":35},{"not_picked":["Forethought","Finesse","HandOfGreed"],"picked":"Dark Shackles","floor":36},{"not_picked":["Thinking Ahead","Panache","Finesse"],"picked":"Apotheosis","floor":36},{"not_picked":["Warcry","Prepared+1","Flying Knee"],"picked":"Predator+1","floor":39},{"not_picked":["Backstab","Sadistic Nature","Cloak And Dagger+1"],"picked":"Noxious Fumes+1","floor":42}],"player_experience":370755,"relics_obtained":[{"floor":6,"key":"Regal Pillow"},{"floor":8,"key":"Anchor"},{"floor":11,"key":"Darkstone Periapt"},{"floor":13,"key":"Lizard Tail"},{"floor":25,"key":"Pear"},{"floor":26,"key":"Bag of Marbles"},{"floor":29,"key":"Bronze Scales"},{"floor":34,"key":"War Paint"},{"floor":34,"key":"Question Card"},{"floor":34,"key":"WingedGreaves"},{"floor":37,"key":"Blood Vial"},{"floor":42,"key":"CeramicFish"},{"floor":43,"key":"Vajra"}],"event_choices":[{"damage_healed":0,"gold_gain":75,"player_choice":"Gather Gold","damage_taken":11,"max_hp_gain":0,"max_hp_loss":0,"event_name":"World of Goop","floor":5,"gold_loss":0},{"damage_healed":0,"gold_gain":0,"player_choice":"Box","damage_taken":0,"relics_obtained":["Letter Opener"],"max_hp_gain":0,"max_hp_loss":0,"event_name":"Big Fish","floor":14,"gold_loss":0,"cards_obtained":["Regret"]},{"cards_removed":["Regret"],"damage_healed":0,"gold_gain":0,"player_choice":"Gave Gold","damage_taken":0,"max_hp_gain":0,"max_hp_loss":0,"event_name":"Beggar","floor":19,"gold_loss":75},{"damage_healed":0,"gold_gain":0,"player_choice":"Smashed Altar","damage_taken":0,"max_hp_gain":0,"max_hp_loss":0,"event_name":"Forgotten Altar","floor":22,"gold_loss":0,"cards_obtained":["Decay"]},{"damage_healed":0,"gold_gain":0,"player_choice":"Memory 2","damage_taken":5,"max_hp_gain":0,"max_hp_loss":0,"event_name":"SensoryStone","floor":36,"gold_loss":0}],"is_beta":false,"boss_relics":[{"not_picked":["Sozu","Empty Cage"],"picked":"Inserter"},{"not_picked":["Nuclear Battery","Cursed Key"],"picked":"Calling Bell"}],"items_purged_floors":[27],"is_endless":false,"potions_floor_spawned":[6,7,8,13,16,18,21],"killed_by":"Reptomancer","ascension_level":4}}