{"host":"9bcwdp8h7kwcxx90","time":1612287116,"event":{"mods":["2.2 Compatiblity","BaseMod","Colored Map","Colored Powertips","Downfall","Infinite Spire","Minty Spire (QoL Compilation)","Permanent Neow","Quick Restart","Random Character Button","Relic Sorter","Relic Stats","Reliquary","Shop Mod","StSLib","Unknown Chances"],"gold_per_floor":[99,115,135,45,108,125,205,105,118,147,158,188,88,113,125,125,125,125],"floor_reached":16,"language":"ENG","playtime":1663,"items_purged":["sneckomod:Strike"],"score":128,"play_id":"8772a4c9-05bf-4732-bc90-e9f60c63a224","local_time":"20210202113156","is_ascension_mode":true,"campfire_choices":[{"data":"sneckomod:TailWhip","floor":8.0,"key":"SMITH"},{"floor":13,"key":"REST"}],"circlet_count":0,"master_deck":["sneckomod:Strike","sneckomod:Defend","sneckomod:Defend","sneckomod:TailWhip+1","sneckomod:SnekBite","sneckomod:Unknown","Sword Boomerang","sneckomod:UnknownUncommonSkill","sneckomod:UnknownDraw","sneckomod:QuickBite","sneckomod:UnknownCommonSkill","sneckomod:QuickMove","sneckomod:UnknownRareAttack","sneckomod:QuickMove","sneckomod:WideSting","sneckomod:SnakeSap"],"relics":["sneckomod:SneckoSoul","infinitespire:Eraser","downfall:HeartBlessingBlue","TungstenRod","reliquary:TridentHead","downfall:HeartBlessingGreen","Anchor"],"acts_visited":["Exordium"],"potions_floor_usage":[12,16],"damage_taken":[{"damage":8.0,"enemies":"Jaw Worm","floor":2.0,"turns":3.0},{"damage":5.0,"enemies":"2 Louse","floor":3.0,"turns":2.0},{"damage":0.0,"enemies":"downfall:FleeingMerchant","floor":4.0,"turns":4.0},{"damage":13.0,"enemies":"Gremlin Nob","floor":5.0,"turns":3.0},{"damage":3.0,"enemies":"Small Slimes","floor":6.0,"turns":3.0},{"damage":6.0,"enemies":"2 Fungi Beasts","floor":9.0,"turns":3.0},{"damage":12.0,"enemies":"Gremlin Nob","floor":10.0,"turns":3.0},{"damage":9.0,"enemies":"Exordium Thugs","floor":11.0,"turns":3.0},{"damage":43,"enemies":"3 Sentries","floor":12,"turns":7},{"damage":8,"enemies":"Gremlin Nob","floor":14,"turns":3},{"damage":0,"enemies":"Lots of Slimes","floor":15,"turns":2},{"damage":19,"enemies":"WA_ARCHETYPE_RETAIN","floor":16,"turns":6}],"seed_played":"-8467406671909607956","potions_obtained":[{"floor":5.0,"key":"SpeedPotion"},{"floor":9.0,"key":"SkillPotion"},{"floor":10.0,"key":"BlessingOfTheForge"},{"floor":11.0,"key":"FearPotion"}],"is_trial":false,"path_per_floor":["R","M","M","$","?","M","T","R","M","E","M","E","R","E","M","B"],"character_chosen":"THE_SNECKO","items_purchased":[],"campfire_rested":1,"item_purchase_floors":[],"current_hp_per_floor":[81,73,68,68,55,52,52,62,56,44,35,6,33,25,25,6,6,6],"gold":125,"neow_bonus":"REMOVE_TWO","is_daily":false,"chose_seed":false,"campfire_upgraded":1,"win_rate":0.0,"timestamp":1612287116,"path_taken":["R","M","M","$","?","M","T","R","M","E","M","E","R","E","M","BOSS"],"items_purchased_type":[],"build_version":"2020-12-22","purchased_purges":1,"victory":false,"max_hp_per_floor":[81,81,81,81,81,81,81,91,91,91,91,91,91,91,91,91,91,91],"relic_stats":{"counters":[12,42],"obtain_stats":[{"reliquary:TridentHead":12,"Anchor":14,"downfall:HeartBlessingBlue":8,"downfall:HeartBlessingGreen":13,"infinitespire:Eraser":5,"sneckomod:SneckoSoul":0,"TungstenRod":10},{"reliquary:TridentHead":9,"Anchor":10,"downfall:HeartBlessingBlue":5,"downfall:HeartBlessingGreen":9,"infinitespire:Eraser":4,"sneckomod:SneckoSoul":0,"TungstenRod":7},{"reliquary:TridentHead":31,"Anchor":34,"downfall:HeartBlessingBlue":15,"downfall:HeartBlessingGreen":31,"infinitespire:Eraser":12,"sneckomod:SneckoSoul":0,"TungstenRod":21}],"TungstenRod":13},"card_choices":[{"not_picked":["sneckomod:SerpentIdol","sneckomod:UnknownWeak"],"picked":"sneckomod:UnknownUncommonSkill","floor":2.0},{"not_picked":["sneckomod:PureSnecko","sneckomod:RainOfDice"],"picked":"sneckomod:UnknownDraw","floor":3.0},{"not_picked":["sneckomod:SoulCleanse","sneckomod:Unknown1Cost","sneckomod:Unknown0Cost"],"picked":"SKIP","floor":4.0},{"not_picked":["sneckomod:Nope","sneckomod:DefensiveFlair"],"picked":"sneckomod:QuickBite","floor":5.0},{"not_picked":["sneckomod:Unknown1Cost","sneckomod:RainOfDice"],"picked":"sneckomod:UnknownCommonSkill","floor":6.0},{"not_picked":["sneckomod:DiceCrush","sneckomod:TrashToTreasure"],"picked":"sneckomod:QuickMove","floor":9.0},{"not_picked":["sneckomod:UnknownUncommonAttack","sneckomod:DiceBlock"],"picked":"sneckomod:UnknownRareAttack","floor":10.0},{"not_picked":["sneckomod:DiceCrush","sneckomod:PureSnecko","sneckomod:SoulCleanse"],"picked":"SKIP","floor":11.0},{"not_picked":["sneckomod:UnknownVulnerable","sneckomod:Unknown1Cost"],"picked":"sneckomod:QuickMove","floor":12},{"not_picked":["sneckomod:MasterEye","sneckomod:UnendingSupply"],"picked":"sneckomod:WideSting","floor":14},{"not_picked":["sneckomod:DiceCrush","sneckomod:IronFang"],"picked":"sneckomod:SnakeSap","floor":15}],"player_experience":276082,"relics_obtained":[{"floor":5.0,"key":"infinitespire:Eraser"},{"floor":10.0,"key":"TungstenRod"},{"floor":12,"key":"reliquary:TridentHead"},{"floor":14,"key":"Anchor"}],"event_choices":[],"is_beta":false,"boss_relics":[],"items_purged_floors":[4],"is_endless":false,"potions_floor_spawned":[5,9,10,11],"killed_by":"WA_ARCHETYPE_RETAIN","ascension_level":1}}