{"host":"640uue19m79c7wbt","time":1612309836,"event":{"mods":["BaseMod","Colored Map","Googly Eyes","Highlight Path","Minty Spire (QoL Compilation)","Quick Restart","StSLib"],"gold_per_floor":[111,130,5,5,5,5,38,38,38,66,66,216,229,69,69,69,69],"floor_reached":16,"language":"ENG","playtime":220,"items_purged":["Doubt"],"score":249,"play_id":"d3d6f344-ba77-4f5e-a2b1-bf0f9f2c7e96","local_time":"20210202185036","is_ascension_mode":true,"campfire_choices":[{"floor":6.0,"key":"REST"},{"floor":8.0,"key":"REST"},{"floor":11.0,"key":"REST"},{"data":"Terror","floor":15.0,"key":"SMITH"}],"circlet_count":0,"master_deck":["AscendersBane","Strike_G","Strike_G","Strike_G","Strike_G","Strike_G","Defend_G+1","Defend_G","Defend_G","Defend_G","Defend_G","Survivor","Neutralize+1","Cloak And Dagger","Reflex","Well Laid Plans","Predator","Unload","Accuracy","Dagger Throw","Terror+1"],"relics":["Ring of the Snake","NeowsBlessing","Oddly Smooth Stone","Boot","Kunai","PreservedInsect"],"acts_visited":["Exordium"],"potions_floor_usage":[],"damage_taken":[{"damage":0.0,"enemies":"Cultist","floor":1.0,"turns":1.0},{"damage":0.0,"enemies":"2 Louse","floor":2.0,"turns":1.0},{"damage":0.0,"enemies":"Gremlin Nob","floor":7.0,"turns":1.0},{"damage":6.0,"enemies":"Lagavulin","floor":10.0,"turns":5.0},{"damage":5.0,"enemies":"Small Slimes","floor":13.0,"turns":4.0},{"damage":0,"enemies":"The Guardian","floor":16,"turns":1}],"seed_played":"-8768379233594180157","potions_obtained":[{"floor":2.0,"key":"SpeedPotion"},{"floor":7.0,"key":"EntropicBrew"},{"floor":13.0,"key":"SteroidPotion"}],"is_trial":false,"path_per_floor":["M","M","$","?","?","R","E","R","T","E","R","?","M","$","R","B"],"character_chosen":"THE_SILENT","items_purchased":["Well Laid Plans","Predator","Terror"],"campfire_rested":3,"item_purchase_floors":[3,3,14],"current_hp_per_floor":[59,59,59,24,4,23,23,42,42,36,55,55,50,50,50,50,50],"gold":69,"neow_bonus":"THREE_ENEMY_KILL","is_daily":false,"chose_seed":false,"campfire_upgraded":1,"win_rate":0.0,"timestamp":1612309836,"path_taken":["M","?","?","?","?","R","E","R","T","E","R","?","?","$","R","BOSS"],"items_purchased_type":["Card","Card","Card"],"build_version":"2020-12-22","purchased_purges":1,"victory":false,"max_hp_per_floor":[66,66,66,66,66,66,66,66,66,66,66,66,66,66,66,66,66],"card_choices":[{"not_picked":["Poisoned Stab","Bane"],"picked":"Cloak And Dagger","floor":1.0},{"not_picked":["Prepared","Quick Slash"],"picked":"Reflex","floor":2.0},{"not_picked":["Poisoned Stab","Underhanded Strike"],"picked":"Unload","floor":7.0},{"not_picked":["Reflex","Backflip"],"picked":"Accuracy","floor":10.0},{"not_picked":["Outmaneuver","Slice"],"picked":"Dagger Throw","floor":13.0}],"player_experience":654243,"relics_obtained":[{"floor":7.0,"key":"Boot"},{"floor":9.0,"key":"Kunai"},{"floor":10.0,"key":"PreservedInsect"}],"event_choices":[{"damage_healed":0.0,"max_hp_gain":0.0,"max_hp_loss":0.0,"gold_gain":0.0,"event_name":"Scrap Ooze","player_choice":"Success","floor":4.0,"gold_loss":0.0,"damage_taken":35.0,"relics_obtained":["Oddly Smooth Stone"]},{"damage_healed":0.0,"max_hp_gain":0.0,"max_hp_loss":0.0,"gold_gain":0.0,"event_name":"Shining Light","player_choice":"Entered Light","floor":5.0,"gold_loss":0.0,"damage_taken":20.0,"cards_upgraded":["Neutralize","Defend_G"]},{"damage_healed":0.0,"max_hp_gain":0.0,"max_hp_loss":0.0,"gold_gain":150.0,"event_name":"Liars Game","player_choice":"AGREE","floor":12.0,"gold_loss":0.0,"damage_taken":0.0,"cards_obtained":["Doubt"]}],"is_beta":false,"boss_relics":[],"items_purged_floors":[14],"is_endless":false,"potions_floor_spawned":[2,7,13],"killed_by":"The Guardian","ascension_level":18}}