{"host":"rqs2099buorjjoja","time":1612225173,"event":{"mods":["AchievementEnabler","BaseMod","Beaked The Cultist","Colored Powertips","Downfall","Hermit","Hubris","Infinite Spire","Minty Spire (QoL Compilation)","Quick Restart","Replay The Spire","StSLib"],"gold_per_floor":[119,137,137,157,170,170,182,182,206,226,247,269,296,316,316,424,424,422,448,475,488,488,488,488],"floor_reached":23,"language":"ENG","playtime":1757,"items_purged":[],"score":191,"play_id":"49b1c438-14e0-4bd2-818c-f8d13b11802e","local_time":"20210201191933","is_ascension_mode":false,"campfire_choices":[{"data":"beaked:Evade","floor":6,"key":"SMITH"},{"data":"beaked:HuntressEssence","floor":15,"key":"SMITH"}],"circlet_count":0,"master_deck":["beaked:Strike_Y","beaked:Strike_Y","beaked:Strike_Y","beaked:Strike_Y","beaked:Strike_Y","beaked:Strike_Y","beaked:Defend_Y","beaked:Defend_Y","beaked:Defend_Y","beaked:Defend_Y","beaked:Ceremony","beaked:Ceremony","beaked:Ceremony","beaked:Flinch","beaked:Tweet","beaked:Insight","beaked:Evade+1","beaked:Insight","beaked:HuntressEssence+1","beaked:DigDeep","beaked:TuckingFeathers","beaked:VigorBurst","beaked:Windmill","beaked:WildInstinct","beaked:TuckingFeathers","beaked:Tweet","beaked:WildInstinct","beaked:SurvivalInstinct","beaked:Ceremony"],"relics":["beaked:MendingPlumage","CeramicFish","hubris:RunicObelisk","StoneCalendar"],"acts_visited":["Exordium","TheCity"],"potions_floor_usage":[11,12,14,16,19,23],"damage_taken":[{"damage":3,"enemies":"Small Slimes","floor":1,"turns":4},{"damage":24,"enemies":"infinitespire:Voidling","floor":2,"turns":6},{"damage":10,"enemies":"Cultist","floor":4,"turns":4},{"damage":7,"enemies":"Large Slime","floor":5,"turns":6},{"damage":22,"enemies":"Looter","floor":7,"turns":5},{"damage":11,"enemies":"Blue Slaver","floor":10,"turns":6},{"damage":22,"enemies":"2 Fungi Beasts","floor":11,"turns":4},{"damage":32,"enemies":"Exordium Thugs","floor":12,"turns":5},{"damage":13,"enemies":"Blue Slaver","floor":13,"turns":6},{"damage":23,"enemies":"3 Louse","floor":14,"turns":4},{"damage":20,"enemies":"The Guardian","floor":16,"turns":9},{"damage":37,"enemies":"2 Thieves","floor":18,"turns":4},{"damage":21,"enemies":"3 Byrds","floor":19,"turns":7},{"damage":96,"enemies":"Cultist and Chosen","floor":21,"turns":8},{"damage":73,"enemies":"Slavers","floor":23,"turns":3}],"seed_played":"6427861202721093892","potions_obtained":[{"floor":2,"key":"champ:CounterPotion"},{"floor":7,"key":"LiquidBronze"},{"floor":10,"key":"FearPotion"},{"floor":13,"key":"SteroidPotion"},{"floor":16,"key":"Fire Potion"},{"floor":21,"key":"beaked:MendingBrew"}],"is_trial":true,"path_per_floor":["M","M","$","M","M","R","M","$","T","M","M","M","M","M","R","B",null,"M","M","?","M","AVR","E"],"character_chosen":"BEAKED_THE_CULTIST","items_purchased":[],"campfire_rested":0,"item_purchase_floors":[],"current_hp_per_floor":[50,47,47,45,50,50,42,42,42,50,37,19,39,38,38,48,55,34,48,48,42,42,0,0],"gold":488,"neow_bonus":"","is_daily":false,"chose_seed":false,"campfire_upgraded":2,"win_rate":0.0,"timestamp":1612225173,"path_taken":["M","M","$","M","M","R","M","$","T","M","M","M","M","M","R","BOSS","M","M","?","M","AVR","E"],"items_purchased_type":[],"build_version":"2020-12-22","purchased_purges":0,"victory":false,"max_hp_per_floor":[50,50,50,50,50,50,50,50,50,50,50,50,55,55,55,55,55,55,55,55,55,55,55,55],"card_choices":[{"not_picked":["beaked:SacrificialAttack","beaked:Negation"],"picked":"beaked:Flinch","floor":1},{"not_picked":["beaked:Roost","beaked:Overpower"],"picked":"beaked:Tweet","floor":2},{"not_picked":["beaked:Redirect","beaked:Brace"],"picked":"beaked:Insight","floor":4},{"not_picked":["beaked:Cower","beaked:MimicHuntress"],"picked":"beaked:Evade","floor":5},{"not_picked":["beaked:Negation","beaked:BraceForImpact"],"picked":"beaked:Insight","floor":7},{"not_picked":["beaked:Cower","beaked:SurvivalInstinct"],"picked":"beaked:HuntressEssence","floor":10},{"not_picked":["beaked:RitualOfBody","ReplayTheSpireMod:Owlgaze"],"picked":"beaked:DigDeep","floor":11},{"not_picked":["beaked:Resilience","ReplayTheSpireMod:Wings of Steel"],"picked":"beaked:TuckingFeathers","floor":12},{"not_picked":["beaked:TuckingFeathers","beaked:SacrificialAttack"],"picked":"beaked:VigorBurst","floor":13},{"not_picked":["ReplayTheSpireMod:Prepare the Ceremony","beaked:Insight"],"picked":"beaked:Windmill","floor":14},{"not_picked":["beaked:LiftOff","beaked:Brainwash"],"picked":"beaked:WildInstinct","floor":16},{"not_picked":["beaked:SurvivalInstinct","beaked:Resilience"],"picked":"beaked:TuckingFeathers","floor":18},{"not_picked":["beaked:Flinch","beaked:CursingBlood"],"picked":"beaked:Tweet","floor":19},{"not_picked":["beaked:Insight+1","beaked:Poke","beaked:Cower"],"picked":"SKIP","floor":21}],"player_experience":180744,"relics_obtained":[{"floor":9,"key":"CeramicFish"}],"event_choices":[{"damage_healed":0,"gold_gain":0,"player_choice":"3 cards matched","damage_taken":0,"max_hp_gain":0,"max_hp_loss":0,"event_name":"Match and Keep!","floor":20,"gold_loss":0,"cards_obtained":["beaked:WildInstinct","beaked:SurvivalInstinct","beaked:Ceremony"]}],"is_beta":false,"boss_relics":[{"not_picked":["Tiny House","ReplayTheSpireMod:DimensionalGlitch"],"picked":"hubris:RunicObelisk"}],"items_purged_floors":[],"is_endless":false,"potions_floor_spawned":[2,7,10,13,16,21],"killed_by":"Slavers","ascension_level":0}}