{"host":"jumrmhf584hajrnz","time":1612260484,"event":{"mods":["BaseMod","Duelist Mod","GifTheSpireLib","Minty Spire (QoL Compilation)","Quick Restart","StSLib"],"gold_per_floor":[137,287,307,323,398,430,92,92,92,125,125,155,172,189,189,263,263,278,278,278,278,11,11,23,57,80,80,113,130,164,177,177,255,255,270,295,295,295,308,361,361,407,433,433,364,381,381,428,428,428,428,428],"floor_reached":51,"language":"ENG","playtime":3065,"items_purged":["Doubt","theDuelist:CursedBill"],"score":1701,"play_id":"a8a7b568-07b3-4a62-a6e3-16abf979cd08","local_time":"20210202110804","is_ascension_mode":true,"campfire_choices":[{"floor":8,"key":"REST"},{"floor":15,"key":"REST"},{"floor":23,"key":"RECALL"},{"floor":27,"key":"REST"},{"floor":32,"key":"REST"},{"floor":41,"key":"REST"},{"data":"Apotheosis","floor":44,"key":"SMITH"},{"data":"theDuelist:WingedDragonRa","floor":47,"key":"SMITH"},{"floor":49,"key":"REST"}],"circlet_count":0,"master_deck":["AscendersBane","theDuelist:BabyDragon","theDuelist:CastleWalls","theDuelist:CastleWalls","theDuelist:CaveDragon","theDuelist:CaveDragon","theDuelist:LesserDragon","theDuelist:LesserDragon","theDuelist:Sparks","theDuelist:Sparks","theDuelist:YamataDragon","theDuelist:TwinHeadedFire","theDuelist:VeilDarkness","theDuelist:GuardragonJusticia","theDuelist:SliferSky","theDuelist:MirageDragon","Apotheosis+1","theDuelist:DarkFactory","theDuelist:StardustDragon","theDuelist:SpiralSpearStrike","theDuelist:ArmageddonDragonEmp","theDuelist:GaiaDragonChamp","theDuelist:LightningDarts","theDuelist:Mountain","theDuelist:ViceDragon","theDuelist:TwinBarrelDragon","theDuelist:Kabazauls","theDuelist:GreyGreedOni+1","theDuelist:BusterDrake","theDuelist:AncientGearGadjiltron+1","theDuelist:CastleDragonSouls+1","theDuelist:WingedDragonRa+1","theDuelist:GravityLash","theDuelist:TwinBarrelDragon+1","theDuelist:BusterDrake","theDuelist:BackupSoldier","theDuelist:AncientGearGadjiltron+1","theDuelist:FiveHeaded","theDuelist:AncientGearGadjiltron","theDuelist:Earthquake","theDuelist:TotemDragon"],"relics":["theDuelist:MillenniumPuzzle","theDuelist:CardPoolRelic","theDuelist:CardPoolBasicRelic","theDuelist:BoosterPackPoolRelic","theDuelist:CardPoolAddRelic","theDuelist:CardPoolMinusRelic","theDuelist:CardPoolSaveRelic","theDuelist:CardPoolOptionsRelic","NeowsBlessing","Gremlin Horn","theDuelist:MetronomeRelicB","theDuelist:DuelistOrichalcum","FossilizedHelix","Sozu","Nilry\u0027s Codex","theDuelist:MillenniumRing","Toy Ornithopter","Smiling Mask","theDuelist:ElectricBurst","Busted Crown","Lizard Tail","theDuelist:KaibaToken","Regal Pillow","Happy Flower","Mango"],"acts_visited":["Exordium","TheCity","TheBeyond"],"potions_floor_usage":[18,51],"damage_taken":[{"damage":0,"enemies":"2 Louse","floor":1,"turns":1},{"damage":0,"enemies":"Small Slimes","floor":3,"turns":1},{"damage":0,"enemies":"Cultist","floor":4,"turns":1},{"damage":8,"enemies":"Gremlin Nob","floor":6,"turns":3},{"damage":4,"enemies":"3 Sentries","floor":10,"turns":4},{"damage":33,"enemies":"Gremlin Nob","floor":12,"turns":4},{"damage":0,"enemies":"Large Slime","floor":13,"turns":4},{"damage":0,"enemies":"Blue Slaver","floor":14,"turns":2},{"damage":0,"enemies":"The Guardian","floor":16,"turns":8},{"damage":0,"enemies":"Spheric Guardian","floor":18,"turns":4},{"damage":0,"enemies":"Chosen","floor":24,"turns":3},{"damage":11,"enemies":"theDuelist:KaibaA2","floor":25,"turns":5},{"damage":6,"enemies":"Book of Stabbing","floor":28,"turns":4},{"damage":8,"enemies":"Snake Plant","floor":29,"turns":3},{"damage":6,"enemies":"Centurion and Healer","floor":30,"turns":5},{"damage":11,"enemies":"Shelled Parasite and Fungi","floor":31,"turns":4},{"damage":33,"enemies":"Automaton","floor":33,"turns":7},{"damage":15,"enemies":"3 Shapes","floor":35,"turns":2},{"damage":0,"enemies":"Mind Bloom Boss Battle","floor":36,"turns":1},{"damage":0,"enemies":"Orb Walker","floor":39,"turns":2},{"damage":0,"enemies":"Nemesis","floor":40,"turns":5},{"damage":1,"enemies":"Sphere and 2 Shapes","floor":42,"turns":3},{"damage":18,"enemies":"Spire Growth","floor":46,"turns":3},{"damage":23,"enemies":"Reptomancer","floor":48,"turns":4},{"damage":69,"enemies":"Time Eater","floor":50,"turns":10},{"damage":84,"enemies":"Donu and Deca","floor":51,"turns":7}],"seed_played":"9157325970476054994","potions_obtained":[{"floor":1,"key":"theDuelist:BabyPotion"},{"floor":6,"key":"theDuelist:WaterBottle"}],"is_trial":false,"path_per_floor":["M","?","M","M","?","E","$","R","T","E","?","E","M","M","R","B",null,"M","?","?","?","$","R","M","E","T","R","E","M","M","M","R","B",null,"M","?","T","?","M","E","R","M","T","R","$","M","R","E","R","B","B"],"character_chosen":"THE_DUELIST","items_purchased":["theDuelist:MirageDragon","Apotheosis","theDuelist:Mountain","theDuelist:ViceDragon","theDuelist:TwinBarrelDragon","theDuelist:AncientGearGadjiltron"],"campfire_rested":6,"item_purchase_floors":[7,7,22,22,22,45],"current_hp_per_floor":[63,63,63,63,52,44,44,65,65,61,53,20,20,20,41,41,63,63,42,42,42,42,42,42,31,31,52,46,38,32,21,42,9,55,40,46,46,46,46,49,70,69,69,69,69,51,51,42,82,17,0,0],"gold":428,"neow_bonus":"THREE_ENEMY_KILL","is_daily":false,"chose_seed":false,"campfire_upgraded":2,"win_rate":0.0,"timestamp":1612260484,"path_taken":["M","?","M","M","?","E","$","R","T","E","?","E","M","?","R","BOSS","M","?","?","?","$","R","?","E","T","R","E","M","M","M","R","BOSS","M","?","?","?","M","E","R","M","T","R","$","M","R","E","R","BOSS","BOSS"],"items_purchased_type":["Card","Card","Card","Card","Card","Card"],"build_version":"2020-12-22","purchased_purges":2,"victory":false,"max_hp_per_floor":[70,70,70,70,70,70,70,70,70,70,70,70,70,70,70,70,70,70,70,70,70,70,70,70,70,70,70,70,70,70,70,70,70,70,70,70,70,70,70,70,70,70,70,70,70,70,70,84,84,84,84,84],"card_choices":[{"not_picked":["theDuelist:LesserDragon","theDuelist:DarkHorus","theDuelist:CyberDinosaur","theDuelist:CyberTwinDragon"],"picked":"theDuelist:TwinHeadedFire","floor":1},{"not_picked":["theDuelist:BlackVeloci","theDuelist:BlackBrutdrago","theDuelist:DreadnoughtDreadnoid","theDuelist:DarkDriceratops"],"picked":"theDuelist:VeilDarkness","floor":3},{"not_picked":["theDuelist:MoltenDestruction","theDuelist:HymnOfLight","theDuelist:ArmedDragon3","theDuelist:AmuletDragon"],"picked":"theDuelist:GuardragonJusticia","floor":4},{"not_picked":["theDuelist:VoidOgreDragon","theDuelist:DragonMastery"],"picked":"theDuelist:SliferSky","floor":6},{"not_picked":["theDuelist:BattleguardKing","theDuelist:PurplePainOni","theDuelist:Hinotama","theDuelist:HaneHane"],"picked":"theDuelist:DarkFactory","floor":10},{"not_picked":["theDuelist:BusterBladerDDS","theDuelist:EvolutionBurst","theDuelist:BlackVeloci","theDuelist:BSkullDragon"],"picked":"theDuelist:StardustDragon","floor":12},{"not_picked":["theDuelist:Earthquake","theDuelist:HymnOfLight","theDuelist:ClawHermos","theDuelist:SoulCharge"],"picked":"theDuelist:SpiralSpearStrike","floor":13},{"not_picked":["theDuelist:BlueEyes","theDuelist:VolcanicEruption","theDuelist:MadFlameKaiju","theDuelist:SeismicShockwave"],"picked":"theDuelist:ArmageddonDragonEmp","floor":14},{"not_picked":["theDuelist:WaterDragon","theDuelist:SurvivalFittest","theDuelist:SliferSky","theDuelist:BusterBladerDDS"],"picked":"theDuelist:GaiaDragonChamp","floor":16},{"not_picked":["theDuelist:RainbowOverdragon","theDuelist:BlueBloodedOni","theDuelist:ReinforcementsArmy","theDuelist:BattleguardKing"],"picked":"theDuelist:LightningDarts","floor":18},{"not_picked":["theDuelist:TrihornedDragon","theDuelist:CyberTwinDragon","theDuelist:BlackPtera","theDuelist:BarrelDragon"],"picked":"theDuelist:Kabazauls","floor":24},{"not_picked":["theDuelist:BattleguardKing","theDuelist:Terraforming","theDuelist:HarpieFeather","theDuelist:RainbowBridge"],"picked":"theDuelist:GreyGreedOni+1","floor":25},{"not_picked":["theDuelist:Hydrogeddon","theDuelist:HazyFlameHydra","theDuelist:LavaDragon+1","theDuelist:Babycerasaurus"],"picked":"theDuelist:BusterDrake","floor":28},{"not_picked":["theDuelist:MirageDragon","theDuelist:CyberValley+1","theDuelist:StampingDestruction","theDuelist:CyberDragon"],"picked":"theDuelist:AncientGearGadjiltron+1","floor":29},{"not_picked":["theDuelist:GenesisDragon","theDuelist:CoralDragon","theDuelist:BlackBrutdrago+1","theDuelist:InfernityDoomDragon"],"picked":"theDuelist:CastleDragonSouls+1","floor":30},{"not_picked":["theDuelist:BSkullDragon","theDuelist:BlueEyesUltimate","theDuelist:Frostosaurus","theDuelist:LostWorld"],"picked":"theDuelist:WingedDragonRa","floor":31},{"not_picked":["theDuelist:QueenDragunDjinn","theDuelist:Lancephorhynchus","theDuelist:DefensiveTactics","theDuelist:BlueDuston"],"picked":"theDuelist:GravityLash","floor":33},{"not_picked":["theDuelist:SnowDragon+1","theDuelist:RedEyesZombie"],"picked":"theDuelist:TwinBarrelDragon+1","floor":35},{"not_picked":["theDuelist:BlackStego","theDuelist:MadFlameKaiju"],"picked":"theDuelist:BusterDrake","floor":36},{"not_picked":["theDuelist:MoltenDestruction","theDuelist:Anthrosaurus"],"picked":"theDuelist:BackupSoldier","floor":39},{"not_picked":["theDuelist:VeilDarkness+1","theDuelist:Mountain"],"picked":"theDuelist:AncientGearGadjiltron+1","floor":40},{"not_picked":["theDuelist:TailSwipe","theDuelist:Lancephorhynchus"],"picked":"theDuelist:FiveHeaded","floor":42},{"not_picked":["theDuelist:MoltenDestruction","theDuelist:OneDayPeace+1"],"picked":"theDuelist:Earthquake","floor":46},{"not_picked":["theDuelist:HazyFlameHydra","theDuelist:CloudianGhost"],"picked":"theDuelist:TotemDragon","floor":48}],"player_experience":1668137,"relics_obtained":[{"floor":6,"key":"Gremlin Horn"},{"floor":10,"key":"theDuelist:MetronomeRelicB"},{"floor":12,"key":"FossilizedHelix"},{"floor":19,"key":"Nilry\u0027s Codex"},{"floor":25,"key":"Toy Ornithopter"},{"floor":26,"key":"Smiling Mask"},{"floor":28,"key":"theDuelist:ElectricBurst"},{"floor":36,"key":"Lizard Tail"},{"floor":37,"key":"theDuelist:KaibaToken"},{"floor":40,"key":"Regal Pillow"},{"floor":43,"key":"Happy Flower"},{"floor":48,"key":"Mango"}],"event_choices":[{"damage_healed":0,"gold_gain":150,"player_choice":"AGREE","damage_taken":0,"max_hp_gain":0,"max_hp_loss":0,"event_name":"Liars Game","floor":2,"gold_loss":0,"cards_obtained":["Doubt"]},{"damage_healed":0,"gold_gain":75,"player_choice":"Gather Gold","damage_taken":11,"max_hp_gain":0,"max_hp_loss":0,"event_name":"World of Goop","floor":5,"gold_loss":0},{"damage_healed":0,"gold_gain":0,"player_choice":"Dig - random Duelist relic","duelist":true,"damage_taken":0,"max_hp_gain":0,"max_hp_loss":0,"event_name":"Aknamkanon\u0027s Tomb","floor":11,"gold_loss":0},{"damage_healed":0,"gold_gain":0,"player_choice":"Obtained Book","damage_taken":21,"max_hp_gain":0,"max_hp_loss":0,"event_name":"Cursed Tome","floor":19,"gold_loss":0},{"damage_healed":0,"gold_gain":0,"player_choice":"Leave","duelist":true,"damage_taken":0,"max_hp_gain":0,"max_hp_loss":0,"event_name":"Egyptian Village","floor":20,"gold_loss":0},{"damage_healed":0,"gold_gain":0,"player_choice":"Took item - Received: Millennium Ring","duelist":true,"damage_taken":0,"max_hp_gain":0,"max_hp_loss":0,"event_name":"Millennium Items","floor":21,"gold_loss":0},{"damage_healed":0,"gold_gain":0,"player_choice":"Fight","damage_taken":0,"max_hp_gain":0,"max_hp_loss":0,"event_name":"MindBloom","floor":36,"gold_loss":0},{"damage_healed":0,"gold_gain":0,"player_choice":"Leave","duelist":true,"damage_taken":0,"max_hp_gain":0,"max_hp_loss":0,"event_name":"Relic Duplicator","floor":38,"gold_loss":0}],"is_beta":false,"boss_relics":[{"not_picked":["Runic Dome","Empty Cage"],"picked":"Sozu"},{"not_picked":["Calling Bell","Runic Pyramid"],"picked":"Busted Crown"}],"items_purged_floors":[7,22],"is_endless":false,"potions_floor_spawned":[1,6,13,14,28,30,33,39,40,46,48],"killed_by":"Donu and Deca","ascension_level":20}}