{"host":"e3jr8cs0hrgde9ri","time":1612227690,"event":{"mods":["2.2 Compatiblity","BaseMod","Highlight Path","Minty Spire (QoL Compilation)","Permanent Neow","Quick Restart","SuperFastMode"],"gold_per_floor":[118,118,118,131,147,177,177,177,177],"floor_reached":8,"language":"ENG","playtime":232,"items_purged":[],"score":112,"play_id":"82e97a16-f4f8-4405-8f1c-b93b76f6f2a3","local_time":"20210201170130","is_ascension_mode":true,"campfire_choices":[{"floor":7,"key":"REST"}],"circlet_count":0,"master_deck":["AscendersBane","Strike_R","Strike_R","Strike_R","Strike_R","Strike_R","Defend_R+1","Defend_R","Defend_R","Defend_R+1","Bash+1","CurseOfTheBell","Disarm+1","Clothesline","Shrug It Off+1","Carnage"],"relics":["Calling Bell","Juzu Bracelet","Toxic Egg 2","Champion Belt","Blood Vial"],"acts_visited":["Exordium"],"potions_floor_usage":[6],"damage_taken":[{"damage":11,"enemies":"2 Louse","floor":1,"turns":4},{"damage":0,"enemies":"Small Slimes","floor":4,"turns":5},{"damage":9,"enemies":"Jaw Worm","floor":5,"turns":2},{"damage":20,"enemies":"3 Sentries","floor":6,"turns":13},{"damage":42,"enemies":"Lagavulin","floor":8,"turns":5}],"seed_played":"-8680828456824809750","potions_obtained":[{"floor":1,"key":"Explosive Potion"},{"floor":5,"key":"SkillPotion"}],"is_trial":false,"path_per_floor":["M","?","?","M","M","E","R","E"],"character_chosen":"IRONCLAD","items_purchased":[],"campfire_rested":1,"item_purchase_floors":[],"current_hp_per_floor":[57,57,34,34,25,5,27,0,0],"gold":177,"neow_bonus":"BOSS_RELIC","is_daily":false,"chose_seed":false,"campfire_upgraded":0,"win_rate":0.0,"timestamp":1612227690,"path_taken":["M","?","?","M","M","E","R","E"],"items_purchased_type":[],"build_version":"2020-12-22","purchased_purges":0,"victory":false,"max_hp_per_floor":[75,75,75,75,75,75,75,75,75],"card_choices":[{"not_picked":["Armaments+1","Sword Boomerang"],"picked":"Disarm+1","floor":1},{"not_picked":["Dark Embrace","Havoc+1"],"picked":"Clothesline","floor":4},{"not_picked":["Burning Pact+1","Twin Strike"],"picked":"Shrug It Off+1","floor":5},{"not_picked":["True Grit+1","Thunderclap"],"picked":"Carnage","floor":6}],"player_experience":1797757,"relics_obtained":[{"floor":0,"key":"Juzu Bracelet"},{"floor":0,"key":"Toxic Egg 2"},{"floor":0,"key":"Champion Belt"},{"floor":6,"key":"Blood Vial"}],"event_choices":[{"damage_healed":0,"gold_gain":0,"player_choice":"Grow","damage_taken":0,"max_hp_gain":0,"max_hp_loss":0,"event_name":"Living Wall","floor":2,"gold_loss":0,"cards_upgraded":["Bash"]},{"damage_healed":0,"gold_gain":0,"player_choice":"Entered Light","damage_taken":23,"max_hp_gain":0,"max_hp_loss":0,"event_name":"Shining Light","floor":3,"gold_loss":0,"cards_upgraded":["Defend_R","Defend_R"]}],"is_beta":false,"boss_relics":[],"items_purged_floors":[],"is_endless":false,"potions_floor_spawned":[1,5],"killed_by":"Lagavulin","ascension_level":20}}