{"host":"ekyl8r8j8fco3zlk","time":1612287075,"event":{"mods":["Act Like it!","Arknights","BaseMod","CapriCore","Decade(王小明)","Dota2Spire","Friendly Minions","Gensokyo","Marisa（F雨　魔理沙）","Minty Spire (QoL Compilation)","READ ME - Guardian Mod","Rare Cards Sparkle","Reimu（博丽灵梦）","StSLib","The Alterego","The Immortal","The Jungle","The Senshi","TheWitcher","Waifu the Spire","WarShipGirlsR/战舰少女R mod","Yakumo Yukari mod","【遗物卡牌】REMEMod"],"gold_per_floor":[109,109,124,124,147,147,3,45,99,133,142,142],"floor_reached":11,"language":"ZHS","playtime":294,"items_purged":[],"score":73,"play_id":"537c9eb7-f199-4a8d-8f6a-9c6606dc6a6c","local_time":"20210203013115","is_ascension_mode":false,"campfire_choices":[{"data":"ats:Part Time Job","floor":6,"key":"SMITH"}],"circlet_count":0,"master_deck":["ats:Strike C","ats:Strike G","ats:Strike S","ats:Strike V","ats:Armor Crushing Shot","ats:Defend","ats:Defend","ats:Defend","ats:Defend","ats:Emotion Absorption","Good Instincts","ats:Part Time Job+1","ats:Serious Mode","ats:Blood Oath","ats:Closed Bolt Burst Fire","ats:Collapsing Strike","Ghostly Armor"],"relics":["ats:Sanity","REME_ComplimentaryCards","Golden Idol","ats:Berate","ats:Originium","CeramicFish","theSenshi:SailorFukuRelic"],"acts_visited":["Exordium"],"potions_floor_usage":[8,11],"damage_taken":[{"damage":8,"enemies":"Small Slimes","floor":1,"turns":5},{"damage":6,"enemies":"2 Louse","floor":3,"turns":3},{"damage":7,"enemies":"Cultist","floor":5,"turns":4},{"damage":61,"enemies":"Lagavulin","floor":8,"turns":7},{"damage":8,"enemies":"2 Fungi Beasts","floor":10,"turns":4},{"damage":18,"enemies":"3 Sentries","floor":11,"turns":2}],"seed_played":"8955326066124979902","potions_obtained":[{"floor":5,"key":"Fire Potion"},{"floor":10,"key":"LiquidBronze"}],"is_trial":false,"path_per_floor":["M","?","M","?","M","R","$","E","T","M","E"],"character_chosen":"DOCTOR_CLASS","items_purchased":["ats:Berate"],"campfire_rested":0,"item_purchase_floors":[7],"current_hp_per_floor":[64,64,58,58,57,57,57,10,10,11,0,0],"gold":142,"neow_bonus":"RANDOM_COLORLESS","is_daily":false,"chose_seed":false,"campfire_upgraded":1,"win_rate":0.0,"timestamp":1612287075,"path_taken":["M","?","M","?","M","R","$","E","T","?","E"],"items_purchased_type":["Relic"],"build_version":"2020-12-22","purchased_purges":0,"victory":false,"max_hp_per_floor":[72,72,72,72,72,72,72,72,72,72,72,72],"card_choices":[{"not_picked":["Purity","Finesse"],"picked":"Good Instincts","floor":0},{"not_picked":["ats:Counter Healing Mode","ats:Serious Mode"],"picked":"ats:Part Time Job","floor":1},{"not_picked":["ats:Leaping Hammer","ats:Healing Strengthening"],"picked":"ats:Serious Mode","floor":3},{"not_picked":["ats:Powerful Strike","ats:Assault Order"],"picked":"ats:Blood Oath","floor":5},{"not_picked":["ats:Leaping Hammer","ats:Curse Doll"],"picked":"ats:Closed Bolt Burst Fire","floor":8},{"not_picked":["ats:Closed Bolt Burst Fire","ats:Ignite"],"picked":"ats:Collapsing Strike","floor":10}],"player_experience":595442,"relics_obtained":[{"floor":8,"key":"ats:Originium"},{"floor":8,"key":"CeramicFish"},{"floor":9,"key":"theSenshi:SailorFukuRelic"}],"event_choices":[{"damage_healed":0,"gold_gain":0,"player_choice":"Take Wound","damage_taken":0,"relics_obtained":["Golden Idol"],"max_hp_gain":0,"max_hp_loss":0,"event_name":"Golden Idol","floor":2,"gold_loss":0,"cards_obtained":["Injury"]},{"cards_removed":["Injury"],"damage_healed":0,"gold_gain":0,"player_choice":"Purged","damage_taken":0,"max_hp_gain":0,"max_hp_loss":0,"event_name":"Purifier","floor":4,"gold_loss":0}],"is_beta":false,"boss_relics":[],"items_purged_floors":[],"is_endless":false,"potions_floor_spawned":[5,10],"killed_by":"3 Sentries","ascension_level":0}}