{"host":"9n6i2vl93jt4o42q","time":1612275089,"event":{"mods":["BaseMod","Minty Spire (QoL Compilation)","Relic Stats"],"gold_per_floor":[115,115,30,42,52,52,78,78,78,93,107,135,135,150,150,227,227,227,227,227,227,227,227,227,227,227,10,10,10,10,10,10,10,10,10,10,10,10,10,10,10,10,10,10,10,10,10,10,10,10,10,10,10,10,10,10],"floor_reached":57,"language":"ENG","playtime":12030,"items_purged":[],"score":2709,"play_id":"45bf7d58-dce2-4003-8e01-c0a83ceab583","local_time":"20210202151129","is_ascension_mode":true,"campfire_choices":[{"data":"Noxious Fumes","floor":6.0,"key":"SMITH"},{"floor":8.0,"key":"REST"},{"data":"Crippling Poison","floor":13.0,"key":"SMITH"},{"floor":15.0,"key":"REST"},{"data":"Catalyst","floor":23.0,"key":"SMITH"},{"data":"Wraith Form v2","floor":30.0,"key":"SMITH"},{"floor":32.0,"key":"REST"},{"data":"Bouncing Flask","floor":41.0,"key":"SMITH"},{"floor":44.0,"key":"RECALL"},{"data":"Corpse Explosion","floor":49.0,"key":"SMITH"},{"floor":53,"key":"REST"}],"circlet_count":0,"master_deck":["AscendersBane","Strike_G+1","Strike_G+1","Strike_G+1","Strike_G+1","Strike_G+1","Defend_G+1","Defend_G+1","Defend_G+1","Defend_G+1","Defend_G+1","Survivor","Leg Sweep","Noxious Fumes+1","Backstab","Crippling Poison+1","Poisoned Stab","Heel Hook","Well Laid Plans","Blade Dance","Malaise","Acrobatics","Catalyst+1","Wraith Form v2+1","Poisoned Stab","PiercingWail","Corpse Explosion+1","Backflip+1","Dark Shackles","Discovery","Pain","Tactician","Bouncing Flask+1","Outmaneuver+1","Footwork"],"relics":["Ring of the Snake","Art of War","Ornamental Fan","Regal Pillow","Snake Skull","Blood Vial","Ectoplasm","Pantograph","Bag of Marbles","Red Mask","Snecko Eye","WarpedTongs","HornCleat","Incense Burner","Singing Bowl","Mercury Hourglass"],"acts_visited":["Exordium","TheCity","TheBeyond","TheEnding"],"potions_floor_usage":[51,51,56],"damage_taken":[{"damage":3.0,"enemies":"Jaw Worm","floor":1.0,"turns":6.0},{"damage":1.0,"enemies":"Cultist","floor":4.0,"turns":5.0},{"damage":0.0,"enemies":"Small Slimes","floor":5.0,"turns":3.0},{"damage":33.0,"enemies":"Lagavulin","floor":7.0,"turns":9.0},{"damage":4.0,"enemies":"Blue Slaver","floor":10.0,"turns":4.0},{"damage":0.0,"enemies":"Gremlin Gang","floor":11.0,"turns":2.0},{"damage":20.0,"enemies":"Gremlin Nob","floor":12.0,"turns":4.0},{"damage":8.0,"enemies":"Looter","floor":14.0,"turns":3.0},{"damage":33.0,"enemies":"Slime Boss","floor":16.0,"turns":11.0},{"damage":11.0,"enemies":"3 Byrds","floor":18.0,"turns":4.0},{"damage":3.0,"enemies":"Chosen","floor":21.0,"turns":5.0},{"damage":5.0,"enemies":"Centurion and Healer","floor":22.0,"turns":6.0},{"damage":28.0,"enemies":"Slavers","floor":24.0,"turns":5.0},{"damage":13.0,"enemies":"Masked Bandits","floor":28.0,"turns":6.0},{"damage":0.0,"enemies":"Snecko","floor":29.0,"turns":4.0},{"damage":9.0,"enemies":"Snake Plant","floor":31.0,"turns":4.0},{"damage":12.0,"enemies":"Champ","floor":33.0,"turns":10.0},{"damage":1.0,"enemies":"Orb Walker","floor":35.0,"turns":3.0},{"damage":3.0,"enemies":"3 Shapes","floor":38.0,"turns":3.0},{"damage":6.0,"enemies":"Writhing Mass","floor":39.0,"turns":4.0},{"damage":2.0,"enemies":"Reptomancer","floor":40.0,"turns":6.0},{"damage":3.0,"enemies":"Transient","floor":42.0,"turns":6.0},{"damage":1.0,"enemies":"Mind Bloom Boss Battle","floor":45.0,"turns":5.0},{"damage":9.0,"enemies":"4 Shapes","floor":46.0,"turns":5.0},{"damage":16.0,"enemies":"Nemesis","floor":48.0,"turns":9.0},{"damage":38.0,"enemies":"Time Eater","floor":50.0,"turns":13.0},{"damage":53,"enemies":"Awakened One","floor":51,"turns":14},{"damage":30,"enemies":"Shield and Spear","floor":55,"turns":5},{"damage":64,"enemies":"The Heart","floor":56,"turns":10}],"seed_played":"7721553999583374913","potions_obtained":[{"floor":1.0,"key":"FearPotion"},{"floor":7.0,"key":"AttackPotion"},{"floor":10.0,"key":"Explosive Potion"},{"floor":12.0,"key":"CultistPotion"},{"floor":14.0,"key":"Poison Potion"},{"floor":22.0,"key":"Regen Potion"},{"floor":24.0,"key":"ColorlessPotion"},{"floor":31.0,"key":"GhostInAJar"},{"floor":33.0,"key":"DistilledChaos"},{"floor":39.0,"key":"EntropicBrew"},{"floor":46.0,"key":"Swift Potion"},{"floor":48.0,"key":"Energy Potion"},{"floor":55,"key":"EssenceOfSteel"}],"is_trial":false,"path_per_floor":["M","?","$","M","M","R","E","R","T","M","M","E","R","M","R","B",null,"M","?","$","M","M","R","E","?","T","$","?","M","R","M","R","B",null,"M","?","?","M","M","E","R","M","T","R","?","M","?","E","R","B","B",null,"R","$","E","B",null],"character_chosen":"THE_SILENT","items_purchased":["Noxious Fumes","Wraith Form v2","Poisoned Stab"],"campfire_rested":4,"item_purchase_floors":[3,27,27],"current_hp_per_floor":[56,56,56,55,55,55,22,56,56,52,52,32,32,26,60,29,57,48,48,48,47,44,44,33,33,33,33,22,24,24,17,51,54,63,64,59,59,58,54,54,54,53,53,53,65,57,57,45,45,30,4,52,68,68,38,1],"gold":10,"neow_bonus":"RANDOM_COMMON_RELIC","is_daily":false,"chose_seed":false,"campfire_upgraded":6,"win_rate":0.0,"timestamp":1612275089,"path_taken":["M","?","?","M","M","R","E","R","T","M","M","E","R","?","R","BOSS","M","?","$","M","M","R","E","?","T","$","?","M","R","M","R","BOSS","M","?","?","M","?","E","R","M","T","R","?","M","?","E","R","BOSS","BOSS","R","$","E","BOSS"],"items_purchased_type":["Card","Card","Card"],"build_version":"2020-12-22","purchased_purges":0,"victory":true,"max_hp_per_floor":[66,66,66,66,66,66,66,66,66,66,66,66,66,66,66,66,66,66,66,66,66,66,66,66,66,66,66,66,66,66,66,66,66,66,66,66,66,66,66,66,66,66,66,66,66,66,66,68,68,68,68,68,68,68,68,68],"relic_stats":{"Regal Pillow":45,"Singing Bowl":2,"counters":[29,174],"Snake Skull":[266],"WarpedTongs":[78],"Mercury Hourglass":[30],"Blood Vial":35,"Ornamental Fan":[192],"Pantograph":101,"Snecko Eye":[133,144,165,139],"Ectoplasm":474,"Art of War":[42],"obtain_stats":[{"Regal Pillow":7,"Singing Bowl":48,"Snake Skull":9,"Incense Burner":45,"WarpedTongs":37,"Mercury Hourglass":55,"Blood Vial":12,"HornCleat":40,"Ornamental Fan":2,"Pantograph":24,"Snecko Eye":34,"Ectoplasm":17,"Art of War":0,"Bag of Marbles":26,"Red Mask":28,"Ring of the Snake":0},{"Regal Pillow":4,"Singing Bowl":25,"Snake Skull":4,"Incense Burner":23,"WarpedTongs":18,"Mercury Hourglass":28,"Blood Vial":7,"HornCleat":21,"Ornamental Fan":1,"Pantograph":13,"Snecko Eye":17,"Ectoplasm":9,"Art of War":0,"Bag of Marbles":13,"Red Mask":14,"Ring of the Snake":0},{"Regal Pillow":23,"Singing Bowl":132,"Snake Skull":23,"Incense Burner":118,"WarpedTongs":94,"Mercury Hourglass":164,"Blood Vial":33,"HornCleat":107,"Ornamental Fan":6,"Pantograph":67,"Snecko Eye":91,"Ectoplasm":47,"Art of War":0,"Bag of Marbles":67,"Red Mask":73,"Ring of the Snake":0}],"Ring of the Snake":[58]},"card_choices":[{"not_picked":["Catalyst","Prepared"],"picked":"Leg Sweep","floor":1.0},{"not_picked":["Tactician","Masterful Stab"],"picked":"Backstab","floor":4.0},{"not_picked":["Flying Knee","Deflect"],"picked":"Crippling Poison","floor":5.0},{"not_picked":["Skewer","Noxious Fumes"],"picked":"Poisoned Stab","floor":7.0},{"not_picked":["Outmaneuver","PiercingWail"],"picked":"Heel Hook","floor":10.0},{"not_picked":["Riddle With Holes","Cloak And Dagger","Dodge and Roll"],"picked":"SKIP","floor":11.0},{"not_picked":["Dodge and Roll","Distraction"],"picked":"Well Laid Plans","floor":12.0},{"not_picked":["Bane","Acrobatics"],"picked":"Blade Dance","floor":14.0},{"not_picked":["A Thousand Cuts","Glass Knife"],"picked":"Malaise","floor":16.0},{"not_picked":["Slice","Flying Knee+1"],"picked":"Acrobatics","floor":18.0},{"not_picked":["Finisher","Quick Slash","Backstab"],"picked":"SKIP","floor":21.0},{"not_picked":["Expertise+1","Setup"],"picked":"Catalyst","floor":22.0},{"not_picked":["Accuracy","Phantasmal Killer","Dagger Spray"],"picked":"SKIP","floor":24.0},{"not_picked":["Dodge and Roll","Choke","Endless Agony"],"picked":"SKIP","floor":29.0},{"not_picked":["Tactician","Dodge and Roll"],"picked":"PiercingWail","floor":31.0},{"not_picked":["Adrenaline","Unload"],"picked":"Corpse Explosion","floor":33.0},{"not_picked":["Quick Slash+1","Acrobatics"],"picked":"Backflip+1","floor":35.0},{"not_picked":["PanicButton","Deep Breath"],"picked":"Dark Shackles","floor":36.0},{"not_picked":["Blind","Swift Strike"],"picked":"Discovery","floor":36.0},{"not_picked":["Acrobatics","All Out Attack"],"picked":"Tactician","floor":38.0},{"not_picked":["Bane","Finisher","Flying Knee"],"picked":"SKIP","floor":39.0},{"not_picked":["Underhanded Strike","Adrenaline"],"picked":"Bouncing Flask","floor":40.0},{"not_picked":["Slice+1","PiercingWail"],"picked":"Outmaneuver+1","floor":42.0},{"not_picked":["Skewer+1","Prepared","Concentrate"],"picked":"SKIP","floor":46.0},{"not_picked":["Backflip","PiercingWail","Flechettes"],"picked":"Singing Bowl","floor":48.0},{"not_picked":["Outmaneuver","Setup"],"picked":"Footwork","floor":55}],"player_experience":2396539,"relics_obtained":[{"floor":2.0,"key":"Ornamental Fan"},{"floor":7.0,"key":"Regal Pillow"},{"floor":9.0,"key":"Snake Skull"},{"floor":12.0,"key":"Blood Vial"},{"floor":24.0,"key":"Pantograph"},{"floor":26.0,"key":"Bag of Marbles"},{"floor":28.0,"key":"Red Mask"},{"floor":40.0,"key":"HornCleat"},{"floor":45.0,"key":"Incense Burner"},{"floor":48.0,"key":"Singing Bowl"},{"floor":55,"key":"Mercury Hourglass"}],"event_choices":[{"damage_healed":0.0,"max_hp_gain":0.0,"max_hp_loss":0.0,"gold_gain":0.0,"event_name":"Wheel of Change","player_choice":"Relic","floor":2.0,"gold_loss":0.0,"damage_taken":0.0},{"damage_healed":0.0,"max_hp_gain":0.0,"max_hp_loss":0.0,"gold_gain":0.0,"event_name":"Back to Basics","player_choice":"Simplicity","floor":19.0,"gold_loss":0.0,"damage_taken":0.0,"cards_upgraded":["Strike_G","Strike_G","Strike_G","Strike_G","Strike_G","Defend_G","Defend_G","Defend_G","Defend_G","Defend_G"]},{"damage_healed":0.0,"max_hp_gain":0.0,"max_hp_loss":0.0,"gold_gain":0.0,"event_name":"Ghosts","player_choice":"Ignored","floor":25.0,"gold_loss":0.0,"damage_taken":0.0},{"damage_healed":0.0,"max_hp_gain":0.0,"max_hp_loss":0.0,"gold_gain":0.0,"event_name":"Masked Bandits","player_choice":"Fought Bandits","floor":28.0,"gold_loss":0.0,"damage_taken":0.0},{"damage_healed":0.0,"max_hp_gain":0.0,"max_hp_loss":0.0,"gold_gain":0.0,"event_name":"SensoryStone","player_choice":"Memory 2","floor":36.0,"gold_loss":0.0,"damage_taken":5.0},{"damage_healed":0.0,"max_hp_gain":0.0,"max_hp_loss":0.0,"gold_gain":0.0,"event_name":"Accursed Blacksmith","player_choice":"Rummage","floor":37.0,"gold_loss":0.0,"damage_taken":0.0,"relics_obtained":["WarpedTongs"],"cards_obtained":["Pain"]},{"damage_healed":0.0,"max_hp_gain":0.0,"max_hp_loss":0.0,"gold_gain":0.0,"event_name":"MindBloom","player_choice":"Fight","floor":45.0,"gold_loss":0.0,"damage_taken":0.0},{"cards_removed":["Neutralize"],"damage_healed":0.0,"max_hp_gain":0.0,"max_hp_loss":0.0,"gold_gain":0.0,"event_name":"Falling","player_choice":"Removed Attack","floor":47.0,"gold_loss":0.0,"damage_taken":0.0}],"is_beta":false,"boss_relics":[{"not_picked":["Runic Dome","Philosopher\u0027s Stone"],"picked":"Ectoplasm"},{"not_picked":["Coffee Dripper","Runic Pyramid"],"picked":"Snecko Eye"}],"items_purged_floors":[],"is_endless":false,"potions_floor_spawned":[1,7,10,12,14,16,22,24,31,33,38,39,40,46,48,55],"ascension_level":20}}