{"host":"toh0bbw446wnuexf","time":1612228907,"event":{"mods":["BaseMod","Downfall","Hermit","Minty Spire (QoL Compilation)","Random Character Button","StSLib"],"gold_per_floor":[99,99,114,130,142,142,142,168,168,183,183,203,219,254,270,270,270,270],"floor_reached":16,"language":"ENG","playtime":1255,"items_purged":[],"score":146,"play_id":"5a0076ba-509d-4c61-9cd8-7d2876075757","local_time":"20210202142147","is_ascension_mode":true,"campfire_choices":[{"data":"sneckomod:SnekBite","floor":1,"key":"SMITH"},{"floor":9,"key":"REST"}],"circlet_count":0,"master_deck":["sneckomod:Strike","sneckomod:Strike","sneckomod:Strike","sneckomod:Defend","sneckomod:Defend","sneckomod:Defend","sneckomod:TailWhip","sneckomod:SnekBite+1","sneckomod:Rotation","sneckomod:Unknown0Cost","sneckomod:UnknownStrength","Guardian:SpikerProtocol","sneckomod:Unknown1Cost"],"relics":["sneckomod:SneckoSoul","sneckomod:ConfusingCodex","Smiling Mask","Anchor","Ancient Tea Set"],"acts_visited":["Exordium"],"potions_floor_usage":[],"damage_taken":[{"damage":12,"enemies":"Small Slimes","floor":3,"turns":4},{"damage":4,"enemies":"Jaw Worm","floor":4,"turns":4},{"damage":0,"enemies":"Cultist","floor":5,"turns":3},{"damage":26,"enemies":"Gremlin Nob","floor":8,"turns":4},{"damage":0,"enemies":"Red Slaver","floor":10,"turns":2},{"damage":9,"enemies":"Gremlin Gang","floor":12,"turns":4},{"damage":7,"enemies":"Exordium Thugs","floor":13,"turns":6},{"damage":0,"enemies":"Lagavulin","floor":14,"turns":6},{"damage":0,"enemies":"Large Slime","floor":15,"turns":5},{"damage":51,"enemies":"DF_ARCHETYPE_STREAMLINE","floor":16,"turns":9}],"seed_played":"-6577115882782264800","potions_obtained":[{"floor":3,"key":"Strength Potion"},{"floor":10,"key":"Weak Potion"},{"floor":13,"key":"Guardian:BlockOnCardUsePotion"}],"is_trial":false,"path_per_floor":["R","?","M","M","M","?","T","E","R","M","R","M","M","E","M","B"],"character_chosen":"THE_SNECKO","items_purchased":[],"campfire_rested":1,"item_purchase_floors":[],"current_hp_per_floor":[63,45,33,29,29,59,59,33,60,60,60,51,44,44,44,0,0,0],"gold":270,"neow_bonus":"TRANSFORM_TWO_CARDS","is_daily":false,"chose_seed":false,"campfire_upgraded":1,"win_rate":0.0,"timestamp":1612228907,"path_taken":["R","?","M","M","M","?","T","E","R","M","R","M","M","E","M","BOSS"],"items_purchased_type":[],"build_version":"2020-12-22","purchased_purges":0,"victory":false,"max_hp_per_floor":[90,90,90,90,90,90,90,90,90,90,90,90,90,90,90,90,90,90],"card_choices":[{"not_picked":["sneckomod:QuickMove","sneckomod:WideSting"],"picked":"sneckomod:Unknown0Cost","floor":3},{"not_picked":["sneckomod:RainOfDice","sneckomod:ImprovisedGuard"],"picked":"sneckomod:UnknownStrength","floor":4},{"not_picked":["sneckomod:UnknownBlock","sneckomod:IronFang","sneckomod:QuickBite"],"picked":"SKIP","floor":5},{"not_picked":["sneckomod:RainOfDice","sneckomod:Nope","sneckomod:DiceBlock"],"picked":"SKIP","floor":8},{"not_picked":["sneckomod:Nope","sneckomod:UnknownWeak","sneckomod:QuickMove"],"picked":"SKIP","floor":10},{"not_picked":["sneckomod:UnknownUncommonSkill","sneckomod:SnekBeam","sneckomod:Transmogrify"],"picked":"SKIP","floor":12},{"not_picked":["sneckomod:DiceBlock","sneckomod:Memorize","sneckomod:UnendingSupply"],"picked":"SKIP","floor":13},{"not_picked":["sneckomod:Rotation","sneckomod:SnakeSap","sneckomod:WideSting"],"picked":"SKIP","floor":14},{"not_picked":["sneckomod:UnknownDraw","sneckomod:DiceCrush"],"picked":"sneckomod:Unknown1Cost","floor":15}],"player_experience":650739,"relics_obtained":[{"floor":7,"key":"Smiling Mask"},{"floor":8,"key":"Anchor"},{"floor":14,"key":"Ancient Tea Set"}],"event_choices":[{"damage_healed":0,"gold_gain":0,"player_choice":"Success","damage_taken":18,"relics_obtained":["sneckomod:ConfusingCodex"],"max_hp_gain":0,"max_hp_loss":0,"event_name":"Scrap Ooze","floor":2,"gold_loss":0},{"damage_healed":30,"gold_gain":0,"player_choice":"Banana","damage_taken":0,"max_hp_gain":0,"max_hp_loss":0,"event_name":"Big Fish","floor":6,"gold_loss":0}],"is_beta":false,"boss_relics":[],"items_purged_floors":[],"is_endless":false,"potions_floor_spawned":[3,10,13],"killed_by":"DF_ARCHETYPE_STREAMLINE","ascension_level":1}}