{"host":"fuszjwm6fqgjjp4d","time":1612251439,"event":{"mods":["BaseMod","Bestiary","Colored Map","DeckTracker","Minty Spire (QoL Compilation)","Permanent Neow","Relic Sorter","Relic Stats","StSLib"],"gold_per_floor":[114,127,147,297,297,297,332,332,332,332,332],"floor_reached":10,"language":"ENG","playtime":215,"items_purged":[],"score":132,"play_id":"ec11cda1-c300-4d2b-ae23-12feaa49a9ec","local_time":"20210202013719","is_ascension_mode":true,"campfire_choices":[{"data":"Tempest","floor":6,"key":"SMITH"},{"data":"Zap","floor":8,"key":"SMITH"}],"circlet_count":0,"master_deck":["AscendersBane","Strike_B","Strike_B","Strike_B","Strike_B","Defend_B","Defend_B","Defend_B","Defend_B","Zap+1","Dualcast","FTL","Tempest+1","Doubt","Thunder Strike","Regret"],"relics":["Cursed Key","Golden Idol","Gambling Chip","Molten Egg 2"],"acts_visited":["Exordium"],"potions_floor_usage":[7],"damage_taken":[{"damage":0,"enemies":"Cultist","floor":1,"turns":4},{"damage":7,"enemies":"Jaw Worm","floor":2,"turns":3},{"damage":6,"enemies":"2 Louse","floor":3,"turns":3},{"damage":25,"enemies":"Lagavulin","floor":7,"turns":4},{"damage":35,"enemies":"3 Sentries","floor":10,"turns":4}],"seed_played":"-5775882153315359208","potions_obtained":[{"floor":1,"key":"PowerPotion"},{"floor":2,"key":"CultistPotion"}],"is_trial":false,"path_per_floor":["M","M","M","?","?","R","E","R","T","E"],"character_chosen":"DEFECT","items_purchased":[],"campfire_rested":0,"item_purchase_floors":[],"current_hp_per_floor":[64,57,51,51,51,51,26,26,26,0,0],"gold":332,"neow_bonus":"BOSS_RELIC","is_daily":false,"chose_seed":false,"campfire_upgraded":2,"win_rate":0.0,"timestamp":1612251439,"path_taken":["M","M","?","?","?","R","E","R","T","E"],"items_purchased_type":[],"build_version":"2020-12-22","purchased_purges":0,"victory":false,"max_hp_per_floor":[71,71,71,71,64,64,64,64,64,64,64],"relic_stats":{"counters":[5,18],"Golden Idol":7,"Gambling Chip":[3],"Cursed Key":1,"obtain_stats":[{"Golden Idol":5,"Gambling Chip":7,"Molten Egg 2":9,"Cracked Core":0,"Cursed Key":0},{"Golden Idol":3,"Gambling Chip":4,"Molten Egg 2":4,"Cracked Core":0,"Cursed Key":0},{"Golden Idol":10,"Gambling Chip":14,"Molten Egg 2":14,"Cracked Core":0,"Cursed Key":0}]},"card_choices":[{"not_picked":["Barrage","Blizzard"],"picked":"FTL","floor":1},{"not_picked":["Beam Cell","Stack","Go for the Eyes"],"picked":"SKIP","floor":2},{"not_picked":["Fission","Leap"],"picked":"Tempest","floor":3},{"not_picked":["Compile Driver","Stack"],"picked":"Thunder Strike","floor":7}],"player_experience":1422663,"relics_obtained":[{"floor":7,"key":"Gambling Chip"},{"floor":9,"key":"Molten Egg 2"}],"event_choices":[{"damage_healed":0,"gold_gain":150,"player_choice":"AGREE","damage_taken":0,"max_hp_gain":0,"max_hp_loss":0,"event_name":"Liars Game","floor":4,"gold_loss":0,"cards_obtained":["Doubt"]},{"damage_healed":0,"gold_gain":0,"player_choice":"Lose Max HP","damage_taken":0,"relics_obtained":["Golden Idol"],"max_hp_gain":0,"max_hp_loss":7,"event_name":"Golden Idol","floor":5,"gold_loss":0}],"is_beta":false,"boss_relics":[],"items_purged_floors":[],"is_endless":false,"potions_floor_spawned":[1,2],"killed_by":"3 Sentries","ascension_level":20}}