{"host":"natui9yr7uuq78xo","time":1612229268,"event":{"mods":["BaseMod","Better Third Choice","BetterRewards","Luminous","Minty Spire (QoL Compilation)","StSLib"],"gold_per_floor":[114,129,149,161,181,181,199,199,199],"floor_reached":8,"language":"ENG","playtime":536,"items_purged":[],"score":52,"play_id":"fb68d6a2-389e-49ff-aac8-76bc19be116d","local_time":"20210201152748","is_ascension_mode":false,"campfire_choices":[{"data":"Luminous:Light_Glare","floor":6,"key":"SMITH"}],"circlet_count":0,"master_deck":["Luminous:Light_Flash_Shower","Luminous:Light_Flash_Shower","Luminous:Light_Flash_Shower","Luminous:Dark_Abyssal_Drop","Luminous:Dark_Abyssal_Drop","Luminous:Dark_Abyssal_Drop","Luminous:Defend_Luminous","Luminous:Defend_Luminous","Luminous:Defend_Luminous","Luminous:Defend_Luminous","Luminous:Switch_Luminous","Luminous:Magic_Accelerate_Luminous","Luminous:Dark_Dim_Erosion","Luminous:Light_Disperse","Luminous:Light_Glare+1","Luminous:Light_Wash_Luminous","Luminous:Concentrate_Luminous"],"relics":["Luminous:MirrorRelic"],"acts_visited":["Exordium"],"potions_floor_usage":[8],"damage_taken":[{"damage":10,"enemies":"Cultist","floor":1,"turns":4},{"damage":3,"enemies":"Small Slimes","floor":2,"turns":4},{"damage":7,"enemies":"2 Louse","floor":3,"turns":3},{"damage":8,"enemies":"Gremlin Gang","floor":4,"turns":6},{"damage":5,"enemies":"Looter","floor":5,"turns":2},{"damage":17,"enemies":"Exordium Thugs","floor":7,"turns":5},{"damage":22,"enemies":"3 Sentries","floor":8,"turns":7}],"seed_played":"1904535242416505058","potions_obtained":[{"floor":2,"key":"Fruit Juice"},{"floor":3,"key":"BlessingOfTheForge"},{"floor":7,"key":"Swift Potion"}],"is_trial":false,"path_per_floor":["M","M","M","M","M","R","M","E"],"character_chosen":"LuminousClass","items_purchased":[],"campfire_rested":0,"item_purchase_floors":[],"current_hp_per_floor":[72,69,62,54,49,49,32,15,15],"gold":199,"neow_bonus":"TEN_PERCENT_HP_BONUS","is_daily":false,"chose_seed":false,"campfire_upgraded":1,"win_rate":0.0,"timestamp":1612229268,"path_taken":["M","M","M","M","M","R","M","E"],"items_purchased_type":[],"build_version":"2020-12-22","purchased_purges":0,"victory":false,"max_hp_per_floor":[82,82,82,82,82,82,82,87,87],"card_choices":[{"not_picked":["Luminous:Accumulation_Luminous","Luminous:Light_Glare"],"picked":"Luminous:Magic_Accelerate_Luminous","floor":1},{"not_picked":["Luminous:Fast_Spell_Luminous","Luminous:Abyss_Heart_Luminous"],"picked":"Luminous:Dark_Dim_Erosion","floor":2},{"not_picked":["Luminous:Dark_Moonlight_Spear","Luminous:Dark_Apocalypse"],"picked":"Luminous:Light_Disperse","floor":3},{"not_picked":["Luminous:Dark_Pressure_Void","Luminous:Dark_Dim_Erosion"],"picked":"Luminous:Light_Glare","floor":4},{"not_picked":["Luminous:Light_Gather","Luminous:Mana_Well_Luminous"],"picked":"Luminous:Light_Wash_Luminous","floor":5},{"not_picked":["Luminous:Fast_Spell_Luminous","Luminous:Dark_Moonlight_Spear"],"picked":"Luminous:Concentrate_Luminous","floor":7}],"player_experience":337273,"relics_obtained":[],"event_choices":[],"is_beta":false,"boss_relics":[],"items_purged_floors":[],"is_endless":false,"potions_floor_spawned":[2,3,7],"killed_by":"3 Sentries","ascension_level":0}}