{"host":"htqwg582tjjtn9p7","time":1612282451,"event":{"mods":["2.2 Compatiblity","AchievementEnabler","Act Like it!","Aspiration","BaseMod","Better Third Choice","Colored Map","Conspire","Curses Come First","Displayed Cursed Tome","Energized Spire","Force Act Four","Fox Events","GifTheSpireLib","Hermit","Highlight Path","JesterMod","Mad Scientist","Minty Spire (QoL Compilation)","Pale of the Ancients","Permanent Neow","Random Character Button","Relic Stats","Reliquary","Replay The Spire","Robot Space Explorer","Somnambulant","Spicy Shops","Spikes Relics","StSLib","Stuff the Spire","The Blue Laboratory","The Bug Knight","The Forsaken","The Gatherer","The Judge","The Jungle","The Marked","The Runesmith","The Servant 0.9.4","Uncapped"],"gold_per_floor":[117,135,135,14,33,61,76,76,102,137,149,149,175,175,175,276,276,288,304,323,333,348,348,348,375,375,474,237,253,253,253],"floor_reached":30,"language":"ENG","playtime":1995,"items_purged":["Defend_S"],"score":475,"play_id":"8576c76c-7014-483e-b86b-bfe3c5738b4e","local_time":"20210202171411","is_ascension_mode":true,"campfire_choices":[{"floor":8,"key":"REST"},{"floor":15,"key":"REST"},{"floor":23,"key":"REST"}],"circlet_count":0,"master_deck":["AscendersBane","Strike_S+1","Strike_S","Strike_S","Defend_S","Defend_S","Defend_S","KidneyShot","Exchange","Misdirection","Defy","Misdirection","Misdirection","Starlight","Defy+1","Rearm","Starlight","KidneyShot","FlawlessForm","BottledTime","TimeWarp","MoonPhase","StuffTheSpire:Rapture","Contraction"],"relics":["Uniform","Torii","aspiration:HiddenCompartment","Rawhide","SuspiciousGoo","aspiration:MobileForge","reliquary:PorcupineQuills","The Courier"],"acts_visited":["Exordium","TheCity"],"potions_floor_usage":[6,6,20,22],"damage_taken":[{"damage":7,"enemies":"Small Slimes","floor":1,"turns":5},{"damage":4,"enemies":"Cultist","floor":2,"turns":5},{"damage":0,"enemies":"conspire:RoseBush","floor":5,"turns":4},{"damage":30,"enemies":"Gremlin Nob","floor":6,"turns":6},{"damage":1,"enemies":"2 Fungi Beasts","floor":7,"turns":6},{"damage":9,"enemies":"Lagavulin","floor":10,"turns":9},{"damage":1,"enemies":"Large Slime","floor":11,"turns":8},{"damage":16,"enemies":"3 Sentries","floor":13,"turns":13},{"damage":22,"enemies":"Hexaghost","floor":16,"turns":13},{"damage":16,"enemies":"Spheric Guardian","floor":18,"turns":11},{"damage":8,"enemies":"conspire:FuzzyDice","floor":19,"turns":15},{"damage":4,"enemies":"Centurion and Healer","floor":20,"turns":14},{"damage":4,"enemies":"Shelled Parasite and Fungi","floor":21,"turns":9},{"damage":1,"enemies":"Snecko","floor":22,"turns":8},{"damage":0,"enemies":"Replay:Snechameleon","floor":25,"turns":8},{"damage":8,"enemies":"Snake Plant","floor":29,"turns":7},{"damage":21,"enemies":"Gremlin Leader","floor":30,"turns":4}],"seed_played":"2107808522037946651","potions_obtained":[{"floor":2,"key":"Regen Potion"},{"floor":5,"key":"Strength Potion"},{"floor":6,"key":"SteroidPotion"},{"floor":19,"key":"Swift Potion"},{"floor":21,"key":"ColorlessPotion"},{"floor":25,"key":"blueLaboratory:LouseDecoction"},{"floor":29,"key":"Ancient Potion"}],"is_trial":false,"path_per_floor":["M","M","?","$","M","E","M","R","T","E","M","?","E","?","R","B",null,"M","M","M","M","M","R","?","E","T","?","?","M","E"],"character_chosen":"THE_SERVANT","items_purchased":["Starlight"],"campfire_rested":3,"item_purchase_floors":[4],"current_hp_per_floor":[52,48,48,48,48,33,32,51,51,42,41,30,14,14,33,11,52,36,28,24,20,19,38,27,27,27,27,27,19,0,0],"gold":253,"neow_bonus":"THREE_CARDS","is_daily":false,"chose_seed":false,"campfire_upgraded":0,"win_rate":0.0,"timestamp":1612282451,"path_taken":["M","M","?","$","?","E","?","R","T","E","M","?","E","?","R","BOSS","M","M","M","M","M","R","?","E","T","?","?","M","E"],"items_purchased_type":["Card"],"build_version":"2020-12-22","purchased_purges":1,"victory":false,"max_hp_per_floor":[65,65,65,65,65,65,65,65,65,65,65,65,65,65,65,65,65,65,65,65,65,65,65,70,70,70,70,70,70,70,70],"relic_stats":{"Torii":55,"counters":[17,145],"obtain_stats":[{"reliquary:PorcupineQuills":25,"Torii":6,"aspiration:MobileForge":17,"SuspiciousGoo":13,"Rawhide":10,"The Courier":26,"Uniform":0,"aspiration:HiddenCompartment":9},{"reliquary:PorcupineQuills":15,"Torii":4,"aspiration:MobileForge":9,"SuspiciousGoo":8,"Rawhide":6,"The Courier":15,"Uniform":0,"aspiration:HiddenCompartment":5},{"reliquary:PorcupineQuills":134,"Torii":20,"aspiration:MobileForge":69,"SuspiciousGoo":56,"Rawhide":35,"The Courier":134,"Uniform":0,"aspiration:HiddenCompartment":26}]},"card_choices":[{"not_picked":["Ricochet","ShatteredReality"],"picked":"Misdirection","floor":0},{"not_picked":["FastForward","Orbit"],"picked":"Defy","floor":1},{"not_picked":["ShatteredReality","TimeTheft"],"picked":"Misdirection","floor":2},{"not_picked":["FastForward","ShatteredReality"],"picked":"Defy","floor":5},{"not_picked":["SilverMatrix","Defy","Ricochet"],"picked":"SKIP","floor":6},{"not_picked":["Potential","DoubleEdge","Ricochet"],"picked":"SKIP","floor":7},{"not_picked":["KillingDoll","Foresight"],"picked":"Rearm","floor":10},{"not_picked":["Orbit","Rewind","Replace"],"picked":"SKIP","floor":11},{"not_picked":["RealityMarble","Ricochet"],"picked":"Starlight","floor":13},{"not_picked":["KillingDoll","Initiator"],"picked":"FlawlessForm","floor":16},{"not_picked":["ShatteredReality","Starlight"],"picked":"BottledTime","floor":18},{"not_picked":["Rearm","DualDimension+1"],"picked":"TimeWarp","floor":19},{"not_picked":["DancingSilver","Rewind","FastForward"],"picked":"SKIP","floor":20},{"not_picked":["Orbit+1","DoubleEdge","TimeWarp"],"picked":"SKIP","floor":21},{"not_picked":["Rewind","DancingSilver","DualDimension+1"],"picked":"SKIP","floor":22},{"not_picked":["Potential","Unruled"],"picked":"MoonPhase","floor":25},{"not_picked":["Alleviate","Deny"],"picked":"Contraction","floor":29}],"player_experience":1992548,"relics_obtained":[{"floor":6,"key":"Torii"},{"floor":9,"key":"aspiration:HiddenCompartment"},{"floor":10,"key":"Rawhide"},{"floor":13,"key":"SuspiciousGoo"},{"floor":25,"key":"reliquary:PorcupineQuills"},{"floor":26,"key":"The Courier"}],"event_choices":[{"damage_healed":0,"gold_gain":0,"cards_transformed":["Strike_S"],"player_choice":"Transformed","damage_taken":0,"max_hp_gain":0,"max_hp_loss":0,"event_name":"Transmorgrifier","floor":3,"gold_loss":0,"cards_obtained":["Misdirection"]},{"damage_healed":41,"gold_gain":0,"player_choice":"Upgrade","damage_taken":13,"max_hp_gain":0,"max_hp_loss":65,"event_name":"betterThird:BetterShining","floor":12,"gold_loss":0,"cards_upgraded":["Defy","Strike_S"]},{"damage_healed":0,"gold_gain":0,"player_choice":"1 cards matched","damage_taken":0,"max_hp_gain":0,"max_hp_loss":0,"event_name":"Match and Keep!","floor":14,"gold_loss":0,"cards_obtained":["KidneyShot"]},{"damage_healed":0,"gold_gain":0,"player_choice":"Shed Blood","damage_taken":16,"max_hp_gain":5,"max_hp_loss":0,"event_name":"Forgotten Altar","floor":24,"gold_loss":0},{"damage_healed":0,"gold_gain":99,"player_choice":"Steal","damage_taken":0,"max_hp_gain":0,"max_hp_loss":0,"event_name":"betterThird:BetterNest","floor":27,"gold_loss":0}],"is_beta":false,"boss_relics":[{"not_picked":["Busted Crown","Sandwich"],"picked":"aspiration:MobileForge"}],"items_purged_floors":[4],"is_endless":false,"potions_floor_spawned":[2,5,6,19,21,25,29],"killed_by":"Gremlin Leader","ascension_level":12}}