{"host":"0kk91h4bq4kgfj0u","time":1612227209,"event":{"mods":["BaseMod","Minty Spire (QoL Compilation)","StSLib"],"gold_per_floor":[113,124,124,224,238,263,273,273,273,302,321,321,333,352,352,456,456,469,469,15,15,32,32,63,63,63,95,109,127,127,127,127,224,224,244,255,255,21,35,35,64,64,64,64,0,19,19,37,37,37,37],"floor_reached":50,"language":"ENG","playtime":2380,"items_purged":[],"score":704,"play_id":"8c69ba7f-c2b4-456e-8431-c28454dff184","local_time":"20210201195329","is_ascension_mode":true,"campfire_choices":[{"floor":8.0,"key":"REST"},{"floor":12.0,"key":"REST"},{"floor":15.0,"key":"REST"},{"floor":23.0,"key":"REST"},{"floor":25.0,"key":"REST"},{"data":"A Thousand Cuts","floor":30.0,"key":"SMITH"},{"floor":32.0,"key":"REST"},{"data":"Survivor","floor":40,"key":"SMITH"},{"floor":44,"key":"REST"},{"data":"Noxious Fumes","floor":47,"key":"SMITH"},{"floor":49,"key":"REST"}],"circlet_count":0,"master_deck":["Strike_G","Strike_G","Strike_G","Strike_G","Strike_G","Defend_G","Defend_G","Defend_G","Defend_G","Defend_G","Survivor+1","Neutralize","Sucker Punch","A Thousand Cuts+1","Flying Knee","Outmaneuver","Cloak And Dagger","Deadly Poison","Poisoned Stab","Bullet Time","Cloak And Dagger","Phantasmal Killer","CurseOfTheBell","Prepared","Blade Dance","Dagger Spray","Sucker Punch","Deflect","Corpse Explosion","Dodge and Roll","Blade Dance+1","Footwork","Tactician","After Image","Venomology","Dagger Throw+1","Calculated Gamble+1","Backflip","Cloak And Dagger+1","Accuracy","Expertise","Discovery","Choke+1","Dagger Throw+1","Distraction","Noxious Fumes+1","Accuracy+1","Acrobatics+1","Caltrops+1"],"relics":["Ring of the Snake","MealTicket","Meat on the Bone","Dead Branch","Calling Bell","Potion Belt","HornCleat","Prayer Wheel","MutagenicStrength","Lantern","TwistedFunnel","Tiny Chest","Akabeko","Mercury Hourglass","Blood Vial","Black Star","Letter Opener","Oddly Smooth Stone","Centennial Puzzle","InkBottle","Red Mask"],"acts_visited":["Exordium","TheCity","TheBeyond"],"potions_floor_usage":[50,50,50,50],"damage_taken":[{"damage":5.0,"enemies":"2 Louse","floor":1.0,"turns":4.0},{"damage":2.0,"enemies":"Jaw Worm","floor":2.0,"turns":5.0},{"damage":0.0,"enemies":"Cultist","floor":5.0,"turns":4.0},{"damage":26.0,"enemies":"Gremlin Nob","floor":6.0,"turns":5.0},{"damage":7.0,"enemies":"Blue Slaver","floor":7.0,"turns":4.0},{"damage":38.0,"enemies":"3 Sentries","floor":10.0,"turns":12.0},{"damage":6.0,"enemies":"3 Louse","floor":11.0,"turns":4.0},{"damage":32.0,"enemies":"Gremlin Gang","floor":13.0,"turns":5.0},{"damage":4.0,"enemies":"Large Slime","floor":14.0,"turns":6.0},{"damage":47.0,"enemies":"Hexaghost","floor":16.0,"turns":11.0},{"damage":28.0,"enemies":"Shell Parasite","floor":18.0,"turns":5.0},{"damage":13.0,"enemies":"Spheric Guardian","floor":22.0,"turns":4.0},{"damage":27.0,"enemies":"Slavers","floor":24.0,"turns":6.0},{"damage":10.0,"enemies":"Gremlin Leader","floor":27.0,"turns":6.0},{"damage":16.0,"enemies":"Chosen and Byrds","floor":28.0,"turns":6.0},{"damage":0.0,"enemies":"3 Cultists","floor":29.0,"turns":3.0},{"damage":66.0,"enemies":"Collector","floor":33.0,"turns":9.0},{"damage":3.0,"enemies":"Orb Walker","floor":35.0,"turns":4.0},{"damage":0.0,"enemies":"3 Darklings","floor":36.0,"turns":3.0},{"damage":0,"enemies":"Jaw Worm Horde","floor":39,"turns":4},{"damage":27,"enemies":"Reptomancer","floor":41,"turns":5},{"damage":9,"enemies":"Maw","floor":46,"turns":7},{"damage":16,"enemies":"4 Shapes","floor":48,"turns":3},{"damage":122,"enemies":"Awakened One","floor":50,"turns":11}],"seed_played":"-4439533465357767650","potions_obtained":[{"floor":1.0,"key":"GamblersBrew"},{"floor":5.0,"key":"GhostInAJar"},{"floor":6.0,"key":"LiquidMemories"},{"floor":11.0,"key":"Ancient Potion"},{"floor":14.0,"key":"FairyPotion"},{"floor":22.0,"key":"EssenceOfSteel"},{"floor":27.0,"key":"DuplicationPotion"},{"floor":29.0,"key":"Swift Potion"},{"floor":41,"key":"SkillPotion"},{"floor":46,"key":"DistilledChaos"}],"is_trial":false,"path_per_floor":["M","M","?","?","M","E","M","R","T","E","M","R","M","M","R","B",null,"M","?","$","?","M","R","E","R","T","E","M","M","R","?","R","B",null,"M","M","T","$","M","R","E","?","T","R","?","M","R","M","R","B"],"character_chosen":"THE_SILENT","items_purchased":["Lantern","TwistedFunnel","Tiny Chest","Accuracy","Expertise","Fire Potion","Discovery"],"campfire_rested":8,"item_purchase_floors":[20,20,20,38,38,38,38],"current_hp_per_floor":[65,63,68,68,68,42,35,59,59,33,39,63,43,51,75,40,72,44,44,59,59,46,70,43,67,67,57,43,45,45,45,69,17,66,65,67,67,82,82,82,55,55,55,79,79,72,72,58,82,0,0],"gold":37,"neow_bonus":"TEN_PERCENT_HP_BONUS","is_daily":false,"chose_seed":false,"campfire_upgraded":3,"win_rate":0.0,"timestamp":1612227209,"path_taken":["M","M","?","?","M","E","?","R","T","E","M","R","M","M","R","BOSS","M","?","$","?","M","R","E","R","T","E","M","?","R","?","R","BOSS","M","M","?","$","?","R","E","?","T","R","?","M","R","M","R","BOSS"],"items_purchased_type":["Relic","Relic","Relic","Card","Card","Potion","Card"],"build_version":"2020-12-22","purchased_purges":0,"victory":false,"max_hp_per_floor":[77,77,82,82,82,82,82,82,82,82,82,82,82,82,82,82,82,82,82,82,82,82,82,82,82,82,82,82,82,82,82,82,82,82,82,82,82,82,82,82,82,82,82,82,82,82,82,82,82,82,82],"card_choices":[{"not_picked":["Leg Sweep","Dagger Throw"],"picked":"Sucker Punch","floor":1.0},{"not_picked":["Outmaneuver","Flying Knee"],"picked":"A Thousand Cuts","floor":2.0},{"not_picked":["Slice","Deadly Poison"],"picked":"Flying Knee","floor":5.0},{"not_picked":["Catalyst","Flying Knee"],"picked":"Outmaneuver","floor":6.0},{"not_picked":["Deadly Poison","PiercingWail"],"picked":"Cloak And Dagger","floor":7.0},{"not_picked":["Outmaneuver","Acrobatics"],"picked":"Deadly Poison","floor":10.0},{"not_picked":["Concentrate","Prepared"],"picked":"Poisoned Stab","floor":11.0},{"not_picked":["Riddle With Holes","Prepared"],"picked":"Bullet Time","floor":13.0},{"not_picked":["Acrobatics","Deadly Poison"],"picked":"Cloak And Dagger","floor":14.0},{"not_picked":["Bullet Time","Doppelganger"],"picked":"Phantasmal Killer","floor":16.0},{"not_picked":["Expertise+1","Underhanded Strike+1"],"picked":"Prepared","floor":18.0},{"not_picked":["Sucker Punch","Cloak And Dagger"],"picked":"Blade Dance","floor":18.0},{"not_picked":["All Out Attack","Flying Knee+1"],"picked":"Dagger Spray","floor":22.0},{"not_picked":["Flechettes","A Thousand Cuts"],"picked":"Sucker Punch","floor":22.0},{"not_picked":["Deadly Poison","Sucker Punch+1"],"picked":"Deflect","floor":24.0},{"not_picked":["Adrenaline","Deadly Poison"],"picked":"Corpse Explosion","floor":27.0},{"not_picked":["Deadly Poison","Dagger Spray+1"],"picked":"Dodge and Roll","floor":28.0},{"not_picked":["Dagger Spray+1","Flying Knee+1"],"picked":"Blade Dance+1","floor":28.0},{"not_picked":["Underhanded Strike","Sucker Punch"],"picked":"Footwork","floor":29.0},{"not_picked":["Catalyst","Bane"],"picked":"Tactician","floor":29.0},{"not_picked":["Unload","Wraith Form v2"],"picked":"Venomology","floor":33.0},{"not_picked":["PiercingWail+1","Cloak And Dagger"],"picked":"Dagger Throw+1","floor":35.0},{"not_picked":["Slice+1","Flying Knee"],"picked":"Calculated Gamble+1","floor":35.0},{"not_picked":["Masterful Stab","Crippling Poison+1"],"picked":"Backflip","floor":36.0},{"not_picked":["Reflex","Eviscerate+1"],"picked":"Cloak And Dagger+1","floor":36.0},{"not_picked":["Well Laid Plans","Outmaneuver"],"picked":"Choke+1","floor":39},{"not_picked":["Poisoned Stab+1","Outmaneuver"],"picked":"Dagger Throw+1","floor":39},{"not_picked":["Concentrate","Dagger Throw"],"picked":"Distraction","floor":41},{"not_picked":["Dagger Spray","Poisoned Stab+1"],"picked":"Noxious Fumes","floor":46},{"not_picked":["Storm of Steel","Prepared+1"],"picked":"Accuracy+1","floor":46},{"not_picked":["Endless Agony+1","Poisoned Stab"],"picked":"Acrobatics+1","floor":48},{"not_picked":["Cloak And Dagger+1","Sucker Punch"],"picked":"Caltrops+1","floor":48}],"player_experience":836776,"relics_obtained":[{"floor":6.0,"key":"MealTicket"},{"floor":9.0,"key":"Meat on the Bone"},{"floor":10.0,"key":"Dead Branch"},{"floor":17.0,"key":"Potion Belt"},{"floor":17.0,"key":"HornCleat"},{"floor":17.0,"key":"Prayer Wheel"},{"floor":24.0,"key":"Akabeko"},{"floor":26.0,"key":"Mercury Hourglass"},{"floor":27.0,"key":"Blood Vial"},{"floor":37.0,"key":"Letter Opener"},{"floor":41,"key":"Oddly Smooth Stone"},{"floor":41,"key":"Centennial Puzzle"},{"floor":43,"key":"InkBottle"}],"event_choices":[{"damage_healed":0.0,"max_hp_gain":5.0,"max_hp_loss":0.0,"gold_gain":0.0,"event_name":"Big Fish","player_choice":"Donut","floor":3.0,"gold_loss":0.0,"damage_taken":0.0},{"damage_healed":0.0,"max_hp_gain":0.0,"max_hp_loss":0.0,"gold_gain":100.0,"event_name":"Golden Shrine","player_choice":"Pray","floor":4.0,"gold_loss":0.0,"damage_taken":0.0},{"damage_healed":0.0,"max_hp_gain":0.0,"max_hp_loss":0.0,"gold_gain":0.0,"event_name":"Drug Dealer","player_choice":"Inject Mutagens","floor":19.0,"gold_loss":0.0,"damage_taken":0.0,"relics_obtained":["MutagenicStrength"]},{"damage_healed":0.0,"max_hp_gain":0.0,"max_hp_loss":0.0,"gold_gain":0.0,"event_name":"Purifier","player_choice":"Ignored","floor":21.0,"gold_loss":0.0,"damage_taken":0.0},{"damage_healed":0.0,"max_hp_gain":0.0,"max_hp_loss":0.0,"gold_gain":0.0,"event_name":"The Library","player_choice":"Read","floor":31.0,"gold_loss":0.0,"damage_taken":0.0,"cards_obtained":["After Image"]},{"damage_healed":0,"gold_gain":0,"player_choice":"Ignored","damage_taken":0,"max_hp_gain":0,"max_hp_loss":0,"event_name":"Mysterious Sphere","floor":42,"gold_loss":0},{"damage_healed":0,"gold_gain":0,"player_choice":"Paid","damage_taken":0,"relics_obtained":["Red Mask"],"max_hp_gain":0,"max_hp_loss":0,"event_name":"Tomb of Lord Red Mask","floor":45,"gold_loss":64}],"is_beta":false,"boss_relics":[{"not_picked":["SacredBark","Tiny House"],"picked":"Calling Bell"},{"not_picked":["Snecko Eye","Astrolabe"],"picked":"Black Star"}],"items_purged_floors":[],"is_endless":false,"potions_floor_spawned":[1,5,6,11,14,16,22,27,29,41,46],"killed_by":"Awakened One","ascension_level":6}}