{"host":"uv5ws9rdk87e8i5k","time":1612281714,"event":{"mods":["AchievementEnabler","BaseMod","Colored Map","Minty Spire (QoL Compilation)","Permanent Neow","Quick Restart","StSLib","SuperFastMode","The Necromancer"],"gold_per_floor":[114,125,143,162,162,162,178,206,233,233,245,274,290,325,325,423,723,741,741,741,741,759,788,813,813,813],"floor_reached":25,"language":"ENG","playtime":739,"items_purged":[],"score":440,"play_id":"78e7f548-d683-4062-99f7-7f634acc4124","local_time":"20210202100154","is_ascension_mode":true,"campfire_choices":[{"data":"Blade Dance","floor":6.0,"key":"SMITH"},{"floor":10.0,"key":"REST"},{"floor":15.0,"key":"REST"}],"circlet_count":0,"master_deck":["AscendersBane","Strike_G","Strike_G","Strike_G","Strike_G","Defend_G","Defend_G","Defend_G","Defend_G","Defend_G","Survivor","Neutralize","Acrobatics","Tactician","Blade Dance+1","Reflex","Calculated Gamble","Adrenaline","Underhanded Strike","Dagger Throw","A Thousand Cuts","CurseOfTheBell","Cloak And Dagger","Necronomicurse","Acrobatics","Footwork"],"relics":["WristBlade","Lantern","Happy Flower","Pen Nib","Calling Bell","Anchor","Mummified Hand","Old Coin","Necronomicon","Nloth\u0027s Gift","Gremlin Horn","Bronze Scales"],"acts_visited":["Exordium","TheCity"],"potions_floor_usage":[],"damage_taken":[{"damage":14.0,"enemies":"Jaw Worm","floor":1.0,"turns":5.0},{"damage":5.0,"enemies":"Cultist","floor":2.0,"turns":4.0},{"damage":0.0,"enemies":"2 Louse","floor":3.0,"turns":4.0},{"damage":8.0,"enemies":"Exordium Wildlife","floor":4.0,"turns":5.0},{"damage":2.0,"enemies":"3 Louse","floor":7.0,"turns":3.0},{"damage":19.0,"enemies":"Lagavulin","floor":8.0,"turns":7.0},{"damage":1.0,"enemies":"Exordium Thugs","floor":11.0,"turns":2.0},{"damage":7.0,"enemies":"3 Sentries","floor":12.0,"turns":5.0},{"damage":4.0,"enemies":"Exordium Wildlife","floor":13.0,"turns":2.0},{"damage":12.0,"enemies":"Gremlin Nob","floor":14.0,"turns":3.0},{"damage":0.0,"enemies":"Slime Boss","floor":16.0,"turns":8.0},{"damage":0.0,"enemies":"Chosen","floor":18.0,"turns":3.0},{"damage":0.0,"enemies":"3 Byrds","floor":22.0,"turns":2.0},{"damage":17.0,"enemies":"Slavers","floor":23.0,"turns":5.0},{"damage":0,"enemies":"Book of Stabbing","floor":25,"turns":1}],"seed_played":"3406451137562370789","potions_obtained":[{"floor":3.0,"key":"Explosive Potion"},{"floor":4.0,"key":"ColorlessPotion"},{"floor":8.0,"key":"LiquidMemories"},{"floor":11.0,"key":"Weak Potion"},{"floor":12.0,"key":"SkillPotion"},{"floor":16.0,"key":"LiquidBronze"},{"floor":18.0,"key":"GamblersBrew"}],"is_trial":false,"path_per_floor":["M","M","M","M","?","R","M","E","T","R","M","E","M","E","R","B",null,"M","?","?","?","M","E","T","E"],"character_chosen":"THE_SILENT","items_purchased":[],"campfire_rested":2,"item_purchase_floors":[],"current_hp_per_floor":[49,44,44,36,36,36,34,15,15,36,35,28,24,12,33,33,61,61,61,45,45,45,28,28,28,28],"gold":813,"neow_bonus":"BOSS_RELIC","is_daily":false,"chose_seed":false,"campfire_upgraded":1,"win_rate":0.0,"timestamp":1612281714,"path_taken":["M","M","M","M","?","R","M","E","T","R","M","E","?","E","R","BOSS","M","?","?","?","?","E","?","E"],"items_purchased_type":[],"build_version":"2020-12-22","purchased_purges":0,"victory":false,"max_hp_per_floor":[70,70,70,70,70,70,70,70,70,70,70,70,70,70,70,70,70,70,70,70,70,70,70,70,70,70],"card_choices":[{"not_picked":["Setup","Prepared"],"picked":"Acrobatics","floor":1.0},{"not_picked":["Concentrate","Deflect"],"picked":"Tactician","floor":2.0},{"not_picked":["Sucker Punch","Prepared"],"picked":"Blade Dance","floor":3.0},{"not_picked":["Dodge and Roll","Deflect"],"picked":"Reflex","floor":4.0},{"not_picked":["Masterful Stab","Skewer"],"picked":"Calculated Gamble","floor":7.0},{"not_picked":["All Out Attack","Caltrops","Distraction"],"picked":"SKIP","floor":8.0},{"not_picked":["Finisher","Poisoned Stab"],"picked":"Adrenaline","floor":11.0},{"not_picked":["Well Laid Plans","Deadly Poison","Distraction"],"picked":"SKIP","floor":12.0},{"not_picked":["Predator","Poisoned Stab"],"picked":"Underhanded Strike","floor":13.0},{"not_picked":["Dagger Spray","Heel Hook"],"picked":"Dagger Throw","floor":14.0},{"not_picked":["Die Die Die","Unload"],"picked":"A Thousand Cuts","floor":16.0},{"not_picked":["Dagger Spray","Concentrate"],"picked":"Cloak And Dagger","floor":18.0},{"not_picked":["Setup","Well Laid Plans+1"],"picked":"Acrobatics","floor":22.0},{"not_picked":["Cloak And Dagger","Slice"],"picked":"Footwork","floor":23.0}],"player_experience":336170,"relics_obtained":[{"floor":8.0,"key":"Lantern"},{"floor":9.0,"key":"Happy Flower"},{"floor":12.0,"key":"Potion Belt"},{"floor":14.0,"key":"Pen Nib"},{"floor":17.0,"key":"Anchor"},{"floor":17.0,"key":"Mummified Hand"},{"floor":17.0,"key":"Old Coin"},{"floor":20.0,"key":"Necronomicon"},{"floor":23.0,"key":"Gremlin Horn"},{"floor":24.0,"key":"Bronze Scales"}],"event_choices":[{"cards_removed":["Strike_G"],"damage_healed":0.0,"max_hp_gain":0.0,"max_hp_loss":0.0,"gold_gain":0.0,"event_name":"Wheel of Change","player_choice":"Card Removal","floor":5.0,"gold_loss":0.0,"damage_taken":0.0},{"damage_healed":0.0,"max_hp_gain":0.0,"max_hp_loss":0.0,"gold_gain":0.0,"event_name":"Ghosts","player_choice":"Ignored","floor":19.0,"gold_loss":0.0,"damage_taken":0.0},{"damage_healed":0.0,"max_hp_gain":0.0,"max_hp_loss":0.0,"gold_gain":0.0,"event_name":"Cursed Tome","player_choice":"Obtained Book","floor":20.0,"gold_loss":0.0,"damage_taken":16.0},{"damage_healed":0.0,"max_hp_gain":0.0,"max_hp_loss":0.0,"gold_gain":0.0,"event_name":"N\u0027loth","player_choice":"Traded Relic","floor":21.0,"relics_lost":["Potion Belt"],"gold_loss":0.0,"damage_taken":0.0,"relics_obtained":["Nloth\u0027s Gift"]}],"is_beta":false,"boss_relics":[{"not_picked":["Black Star","SacredBark"],"picked":"Calling Bell"}],"items_purged_floors":[],"is_endless":false,"potions_floor_spawned":[3,4,8,11,12,16,18],"killed_by":"Book of Stabbing","ascension_level":10}}