{"host":"b7j598ve05halrwk","time":1612252670,"event":{"mods":["2.2 Compatiblity","BaseMod","Block Reminder","DeckTracker","Minty Spire (QoL Compilation)","Relic Stats","Slay the Relics Exporter","StSLib","ojb\u0027s Better Paths Mod","ojb\u0027s Info Mod"],"gold_per_floor":[114,128,128,128,143,143,176,176,255,275,275,304,317,337,337,409,409,419,419,74,91,16,16,48,48,48,76,20,20,50,68,68,147,147,164,174,188,198,98,129,129,159,234,246,256,256,281,281,281,281,281,281,281,11,43,43],"floor_reached":57,"language":"ENG","playtime":6519,"items_purged":["Strike_B","Defend_B"],"score":2945,"play_id":"327afc08-3c89-4c3e-9988-02590e17770f","local_time":"20210202025750","is_ascension_mode":true,"campfire_choices":[{"data":"Dualcast","floor":6.0,"key":"SMITH"},{"data":"Zap","floor":11.0,"key":"SMITH"},{"data":"Beam Cell","floor":15.0,"key":"SMITH"},{"data":"Seek","floor":23.0,"key":"SMITH"},{"floor":29.0,"key":"REST"},{"data":"Redo","floor":32.0,"key":"SMITH"},{"data":"Buffer","floor":41.0,"key":"SMITH"},{"floor":49.0,"key":"RECALL"},{"floor":53.0,"key":"REST"}],"circlet_count":0,"master_deck":["AscendersBane","Defend_B","Zap+1","Dualcast+1","Cold Snap","Self Repair","All For One","Ball Lightning","Turbo","Go for the Eyes","Beam Cell+1","Streamline","Coolheaded","Machine Learning","Compile Driver","Swift Strike","Seek+1","Sweeping Beam+1","Core Surge","Redo+1","Capacitor","Scrape","Conserve Battery+1","Steam+1","Machine Learning","Echo Form","Hologram+1","Steam Power+1","Turbo","Buffer+1","FTL","Pain","Coolheaded+1","Parasite","Heatsinks","Impatience","Apotheosis","Swift Strike","Biased Cognition","Madness","Madness","Echo Form","Reboot"],"relics":["Cracked Core","Nunchaku","Bottled Flame","Calipers","Ornamental Fan","Blue Candle","Cursed Key","Nloth\u0027s Gift","Letter Opener","FossilizedHelix","InkBottle","Potion Belt","Empty Cage","Lizard Tail","CaptainsWheel","Molten Egg 2","DollysMirror","Thread and Needle"],"acts_visited":["Exordium","TheCity","TheBeyond","TheEnding"],"potions_floor_usage":[56,56],"damage_taken":[{"damage":4.0,"enemies":"Small Slimes","floor":1.0,"turns":3.0},{"damage":0.0,"enemies":"Jaw Worm","floor":2.0,"turns":5.0},{"damage":1.0,"enemies":"Cultist","floor":5.0,"turns":3.0},{"damage":22.0,"enemies":"Lagavulin","floor":7.0,"turns":6.0},{"damage":8.0,"enemies":"Exordium Wildlife","floor":10.0,"turns":3.0},{"damage":23.0,"enemies":"3 Sentries","floor":12.0,"turns":7.0},{"damage":5.0,"enemies":"3 Louse","floor":13.0,"turns":3.0},{"damage":4.0,"enemies":"Looter","floor":14.0,"turns":3.0},{"damage":14.0,"enemies":"Hexaghost","floor":16.0,"turns":9.0},{"damage":15.0,"enemies":"2 Thieves","floor":18.0,"turns":4.0},{"damage":0.0,"enemies":"Spheric Guardian","floor":21.0,"turns":4.0},{"damage":43.0,"enemies":"Gremlin Leader","floor":24.0,"turns":5.0},{"damage":20.0,"enemies":"Slavers","floor":27.0,"turns":4.0},{"damage":6.0,"enemies":"Book of Stabbing","floor":30.0,"turns":3.0},{"damage":10.0,"enemies":"Shelled Parasite and Fungi","floor":31.0,"turns":3.0},{"damage":0.0,"enemies":"Automaton","floor":33.0,"turns":9.0},{"damage":0.0,"enemies":"Orb Walker","floor":35.0,"turns":3.0},{"damage":0.0,"enemies":"3 Shapes","floor":36.0,"turns":5.0},{"damage":0.0,"enemies":"Transient","floor":37.0,"turns":6.0},{"damage":11.0,"enemies":"4 Shapes","floor":38.0,"turns":4.0},{"damage":29.0,"enemies":"Nemesis","floor":40.0,"turns":7.0},{"damage":9.0,"enemies":"Reptomancer","floor":42.0,"turns":5.0},{"damage":0.0,"enemies":"3 Darklings","floor":44.0,"turns":3.0},{"damage":0.0,"enemies":"Writhing Mass","floor":45.0,"turns":4.0},{"damage":0.0,"enemies":"Giant Head","floor":47.0,"turns":6.0},{"damage":17.0,"enemies":"Time Eater","floor":50.0,"turns":30.0},{"damage":12.0,"enemies":"Donu and Deca","floor":51.0,"turns":7.0},{"damage":54.0,"enemies":"Shield and Spear","floor":55.0,"turns":6.0},{"damage":84,"enemies":"The Heart","floor":56,"turns":9}],"seed_played":"-6099319197445936728","potions_obtained":[{"floor":1.0,"key":"SkillPotion"},{"floor":2.0,"key":"LiquidMemories"},{"floor":10.0,"key":"Regen Potion"},{"floor":12.0,"key":"LiquidMemories"},{"floor":16.0,"key":"Fruit Juice"},{"floor":18.0,"key":"FocusPotion"},{"floor":31.0,"key":"Ancient Potion"},{"floor":33.0,"key":"Swift Potion"},{"floor":42.0,"key":"Fruit Juice"},{"floor":44.0,"key":"GamblersBrew"},{"floor":45.0,"key":"Block Potion"}],"is_trial":false,"path_per_floor":["M","M","?","?","M","R","E","?","T","M","R","E","M","M","R","B",null,"M","?","$","M","?","R","E","?","T","E","$","R","E","M","R","B",null,"M","M","M","M","$","E","R","E","T","M","M","?","E","?","R","B","B",null,"R","$","E","B",null],"character_chosen":"DEFECT","items_purchased":["Swift Strike","Seek","SpeedPotion","DollysMirror","CultistPotion"],"campfire_rested":2,"item_purchase_floors":[20,20,28,54,54],"current_hp_per_floor":[60,60,60,60,66,66,51,40,40,39,39,38,40,43,43,36,62,54,54,59,59,59,59,23,23,23,10,10,32,33,30,30,37,66,66,73,76,72,72,50,50,48,48,55,62,52,62,48,48,31,24,67,81,81,47,25],"gold":43,"neow_bonus":"RANDOM_COMMON_RELIC","is_daily":false,"chose_seed":false,"campfire_upgraded":6,"win_rate":0.0,"timestamp":1612252670,"path_taken":["M","M","?","?","M","R","E","?","T","M","R","E","M","M","R","BOSS","M","?","?","?","?","R","E","?","T","E","?","R","E","M","R","BOSS","M","?","?","M","$","E","R","E","T","?","M","?","E","?","R","BOSS","BOSS","R","$","E","BOSS"],"items_purchased_type":["Card","Card","Potion","Relic","Potion"],"build_version":"2020-12-22","purchased_purges":2,"victory":true,"max_hp_per_floor":[71,71,71,71,71,71,71,71,71,71,71,71,71,71,71,71,71,71,71,76,76,76,76,76,76,76,76,76,76,76,76,76,76,76,76,76,76,76,76,76,76,76,76,76,76,76,76,76,76,76,81,81,81,81,81,81],"relic_stats":{"Nunchaku":[48],"Lizard Tail":40,"counters":[29,169],"Ornamental Fan":[432],"Blue Candle":[8],"Nloth\u0027s Gift":7,"Letter Opener":[531],"Cursed Key":2,"obtain_stats":[{"Potion Belt":30,"Calipers":8,"Blue Candle":12,"Thread and Needle":55,"Omamori":0,"Letter Opener":24,"Cursed Key":17,"Empty Cage":34,"Nunchaku":4,"Bottled Flame":7,"Lizard Tail":40,"CaptainsWheel":42,"Ornamental Fan":9,"DollysMirror":54,"Molten Egg 2":47,"Nloth\u0027s Gift":19,"Cracked Core":0,"FossilizedHelix":26,"InkBottle":27},{"Potion Belt":14,"Calipers":4,"Blue Candle":6,"Thread and Needle":28,"Omamori":0,"Letter Opener":12,"Cursed Key":9,"Empty Cage":16,"Nunchaku":2,"Bottled Flame":4,"Lizard Tail":21,"CaptainsWheel":22,"Ornamental Fan":4,"DollysMirror":27,"Molten Egg 2":25,"Nloth\u0027s Gift":10,"Cracked Core":0,"FossilizedHelix":12,"InkBottle":13},{"Potion Belt":62,"Calipers":17,"Blue Candle":27,"Thread and Needle":160,"Omamori":0,"Letter Opener":55,"Cursed Key":42,"Empty Cage":74,"Nunchaku":8,"Bottled Flame":17,"Lizard Tail":99,"CaptainsWheel":104,"Ornamental Fan":17,"DollysMirror":154,"Molten Egg 2":117,"Nloth\u0027s Gift":46,"Cracked Core":0,"FossilizedHelix":55,"InkBottle":59}],"InkBottle":[81]},"card_choices":[{"not_picked":["Self Repair","Static Discharge"],"picked":"Cold Snap","floor":1.0},{"not_picked":["Steam","Redo"],"picked":"Self Repair","floor":2.0},{"not_picked":["Stack","Sweeping Beam"],"picked":"Ball Lightning","floor":5.0},{"not_picked":["Consume","Meteor Strike"],"picked":"Turbo","floor":7.0},{"not_picked":["Leap","Thunder Strike"],"picked":"Go for the Eyes","floor":10.0},{"not_picked":["Lockon","Hello World"],"picked":"Beam Cell","floor":12.0},{"not_picked":["Storm","Barrage"],"picked":"Streamline","floor":13.0},{"not_picked":["Barrage","Streamline"],"picked":"Coolheaded","floor":14.0},{"not_picked":["Hyperbeam","Fission"],"picked":"Machine Learning","floor":16.0},{"not_picked":["Ball Lightning","Barrage"],"picked":"Compile Driver","floor":18.0},{"not_picked":["Gash","Steam Power"],"picked":"Sweeping Beam+1","floor":21.0},{"not_picked":["Double Energy","Steam"],"picked":"Core Surge","floor":24.0},{"not_picked":["Coolheaded","Ball Lightning"],"picked":"Scrape","floor":27.0},{"not_picked":["Core Surge","Reboot"],"picked":"Conserve Battery+1","floor":30.0},{"not_picked":["Chill","Cold Snap"],"picked":"Steam+1","floor":31.0},{"not_picked":["Reboot","Buffer"],"picked":"Machine Learning","floor":33.0},{"not_picked":["BootSequence","Double Energy"],"picked":"Echo Form","floor":35.0},{"not_picked":["Lockon","Conserve Battery"],"picked":"Hologram+1","floor":36.0},{"not_picked":["Streamline+1","FTL+1"],"picked":"Steam Power+1","floor":37.0},{"not_picked":["Streamline+1","Compile Driver+1"],"picked":"Turbo","floor":38.0},{"not_picked":["Stack","Chill"],"picked":"Buffer","floor":40.0},{"not_picked":["Core Surge","Auto Shields"],"picked":"FTL","floor":42.0},{"not_picked":["Hologram","Leap"],"picked":"Coolheaded+1","floor":44.0},{"not_picked":["Streamline+1","Leap"],"picked":"Heatsinks","floor":45.0},{"not_picked":["Master of Strategy","Panacea"],"picked":"Impatience","floor":46.0},{"not_picked":["Violence","Dark Shackles"],"picked":"Apotheosis","floor":46.0},{"not_picked":["Dramatic Entrance","Enlightenment"],"picked":"Swift Strike","floor":46.0},{"not_picked":["Self Repair+1","Sweeping Beam+1"],"picked":"Biased Cognition","floor":47.0},{"not_picked":["Go for the Eyes+1","Redo"],"picked":"Reboot","floor":55.0}],"player_experience":1092653,"relics_obtained":[{"floor":7.0,"key":"Bottled Flame"},{"floor":9.0,"key":"Ornamental Fan"},{"floor":12.0,"key":"Blue Candle"},{"floor":24.0,"key":"Letter Opener"},{"floor":26.0,"key":"FossilizedHelix"},{"floor":27.0,"key":"InkBottle"},{"floor":30.0,"key":"Potion Belt"},{"floor":40.0,"key":"Lizard Tail"},{"floor":42.0,"key":"CaptainsWheel"},{"floor":47.0,"key":"Molten Egg 2"},{"floor":55.0,"key":"Thread and Needle"}],"event_choices":[{"damage_healed":0.0,"max_hp_gain":0.0,"max_hp_loss":0.0,"gold_gain":0.0,"cards_transformed":["Strike_B"],"event_name":"Living Wall","player_choice":"Change","floor":3.0,"gold_loss":0.0,"damage_taken":0.0,"cards_obtained":["All For One"]},{"damage_healed":0.0,"max_hp_gain":0.0,"max_hp_loss":0.0,"gold_gain":0.0,"event_name":"Big Fish","player_choice":"Box","floor":4.0,"gold_loss":0.0,"damage_taken":0.0,"relics_obtained":["Nunchaku"],"cards_obtained":["Regret"]},{"damage_healed":0.0,"max_hp_gain":0.0,"max_hp_loss":0.0,"gold_gain":0.0,"event_name":"Scrap Ooze","player_choice":"Success","floor":8.0,"gold_loss":0.0,"damage_taken":11.0,"relics_obtained":["Calipers"]},{"damage_healed":0.0,"max_hp_gain":0.0,"max_hp_loss":0.0,"gold_gain":0.0,"event_name":"N\u0027loth","player_choice":"Traded Relic","floor":19.0,"relics_lost":["Omamori"],"gold_loss":0.0,"damage_taken":0.0,"relics_obtained":["Nloth\u0027s Gift"]},{"cards_removed":["Strike_B"],"damage_healed":0.0,"max_hp_gain":0.0,"max_hp_loss":0.0,"gold_gain":0.0,"event_name":"Beggar","player_choice":"Gave Gold","floor":22.0,"gold_loss":75.0,"damage_taken":0.0},{"damage_healed":0.0,"max_hp_gain":0.0,"max_hp_loss":0.0,"gold_gain":0.0,"cards_transformed":["Strike_B","Defend_B"],"event_name":"Drug Dealer","player_choice":"Became Test Subject","floor":25.0,"gold_loss":0.0,"damage_taken":0.0,"cards_obtained":["Redo","Capacitor"]},{"damage_healed":0.0,"max_hp_gain":0.0,"max_hp_loss":0.0,"gold_gain":0.0,"event_name":"SensoryStone","player_choice":"Memory 3","floor":46.0,"gold_loss":0.0,"damage_taken":10.0},{"damage_healed":0.0,"max_hp_gain":0.0,"max_hp_loss":0.0,"gold_gain":0.0,"event_name":"Winding Halls","player_choice":"Embrace Madness","floor":48.0,"gold_loss":0.0,"damage_taken":14.0,"cards_obtained":["Madness","Madness"]}],"is_beta":false,"boss_relics":[{"not_picked":["FrozenCore","Nuclear Battery"],"picked":"Cursed Key"},{"not_picked":["Tiny House","Philosopher\u0027s Stone"],"picked":"Empty Cage"}],"items_purged_floors":[20,39],"is_endless":false,"potions_floor_spawned":[1,2,10,12,16,18,31,33,42,44,45],"ascension_level":20}}