{"host":"qv0ilctqn0ifp2gd","time":1612226841,"event":{"mods":["AchievementEnabler","BaseMod","Minty Spire (QoL Compilation)","Weighted Paths"],"gold_per_floor":[110,110,133,146,146,146,225,225,225,225,225,248,263,36,36,162,162,180,180,195,50,50,76,76,76,76,109,109,120,154,1,1,106,106,122,122,137,137,37,70,70,98,98,118,68,68,101,101,101,101,101,101,3,32,32,32],"floor_reached":55,"language":"ENG","playtime":2921,"items_purged":["Strike_B","Defend_B","Defend_B","Rip and Tear"],"score":863,"play_id":"1017e997-1625-4b5b-87b0-f2d508993df9","local_time":"20210201164721","is_ascension_mode":true,"campfire_choices":[{"data":"Zap","floor":6.0,"key":"SMITH"},{"data":"Force Field","floor":8.0,"key":"SMITH"},{"data":"Defend_B","floor":15.0,"key":"SMITH"},{"floor":24.0,"key":"REST"},{"data":"Buffer","floor":28.0,"key":"SMITH"},{"data":"Trip","floor":32,"key":"SMITH"},{"floor":41,"key":"REST"},{"data":"Madness","floor":46,"key":"SMITH"},{"floor":49,"key":"RECALL"},{"data":"Fission","floor":52,"key":"SMITH"}],"circlet_count":0,"master_deck":["Zap+1","Dualcast","Trip+1","Ball Lightning","Self Repair","Defragment","Force Field+1","Lockon","Leap","Buffer+1","Scrape+1","Seek","Conserve Battery","Skim","Storm","Amplify","Static Discharge","Buffer+1","Electrodynamics","Madness","Madness+1","Ball Lightning+1","Fission+1","Defragment"],"relics":["Cracked Core","Bloody Idol","Bottled Tornado","Eternal Feather","Pen Nib","Philosopher\u0027s Stone","Ancient Tea Set","Shuriken","Centennial Puzzle","Boot","DollysMirror","Inserter","Bronze Scales","Smiling Mask","Peace Pipe","Nunchaku"],"acts_visited":["TheBeyond","TheEnding"],"potions_floor_usage":[33,33,47,47,54],"damage_taken":[{"damage":0.0,"enemies":"2 Louse","floor":1.0,"turns":3.0},{"damage":7.0,"enemies":"Small Slimes","floor":3.0,"turns":3.0},{"damage":1.0,"enemies":"Cultist","floor":4.0,"turns":3.0},{"damage":28.0,"enemies":"3 Sentries","floor":7.0,"turns":7.0},{"damage":7.0,"enemies":"Blue Slaver","floor":12.0,"turns":3.0},{"damage":0.0,"enemies":"Large Slime","floor":13.0,"turns":3.0},{"damage":0.0,"enemies":"Slime Boss","floor":16.0,"turns":5.0},{"damage":37.0,"enemies":"3 Byrds","floor":18.0,"turns":6.0},{"damage":11.0,"enemies":"Spheric Guardian","floor":20.0,"turns":4.0},{"damage":37.0,"enemies":"Book of Stabbing","floor":23.0,"turns":5.0},{"damage":23.0,"enemies":"Gremlin Leader","floor":27.0,"turns":5.0},{"damage":0.0,"enemies":"Snecko","floor":29.0,"turns":5.0},{"damage":6.0,"enemies":"Book of Stabbing","floor":30.0,"turns":5.0},{"damage":38,"enemies":"Collector","floor":33,"turns":11},{"damage":16,"enemies":"Orb Walker","floor":35,"turns":2},{"damage":23,"enemies":"3 Darklings","floor":37,"turns":5},{"damage":36,"enemies":"Reptomancer","floor":40,"turns":6},{"damage":0,"enemies":"Giant Head","floor":42,"turns":9},{"damage":45,"enemies":"Sphere and 2 Shapes","floor":44,"turns":4},{"damage":13,"enemies":"Reptomancer","floor":47,"turns":5},{"damage":36,"enemies":"Donu and Deca","floor":50,"turns":6},{"damage":58,"enemies":"Shield and Spear","floor":54,"turns":5},{"damage":68,"enemies":"The Heart","floor":55,"turns":2}],"seed_played":"1426894051591572260","potions_obtained":[{"floor":1.0,"key":"Regen Potion"},{"floor":3.0,"key":"SkillPotion"},{"floor":4.0,"key":"Strength Potion"},{"floor":11.0,"key":"SmokeBomb"},{"floor":11.0,"key":"Explosive Potion"},{"floor":12.0,"key":"ColorlessPotion"},{"floor":18.0,"key":"Dexterity Potion"},{"floor":27.0,"key":"Explosive Potion"},{"floor":29.0,"key":"Ancient Potion"},{"floor":30.0,"key":"LiquidMemories"},{"floor":35,"key":"FearPotion"},{"floor":42,"key":"AttackPotion"}],"is_trial":false,"path_per_floor":["M","?","M","M","?","R","?","R","T","?","?","M","M","$","R","B",null,"M","?","M","$","?","E","R","?","T","E","R","M","E","$","R","B",null,"M","?","M","?","$","E","R","E","T","M","$","R","E","?","R","B",null,"R","$","E","B"],"character_chosen":"DEFECT","items_purchased":["Pen Nib","Seek","DollysMirror","ColorlessPotion"],"campfire_rested":2,"item_purchase_floors":[14,21,31,53],"current_hp_per_floor":[75,57,50,56,56,56,50,50,50,43,43,43,50,50,56,63,75,45,45,41,41,41,16,47,47,47,36,45,64,70,70,75,49,75,64,64,53,44,44,20,57,75,75,35,35,47,46,46,58,29,75,75,75,29,0,0],"gold":32,"neow_bonus":"RANDOM_COLORLESS","is_daily":false,"chose_seed":false,"campfire_upgraded":7,"win_rate":0.0,"timestamp":1612226841,"path_taken":["M","?","M","M","?","R","?","R","T","?","?","M","M","$","R","BOSS","M","?","M","$","?","E","R","?","T","E","R","M","E","$","R","BOSS","M","?","M","?","$","E","R","E","T","M","?","R","E","?","R","BOSS","R","$","E","BOSS"],"items_purchased_type":["Relic","Card","Relic","Potion"],"build_version":"2020-12-22","purchased_purges":4,"victory":false,"max_hp_per_floor":[75,75,75,75,75,75,75,75,75,75,75,75,75,75,75,75,75,75,75,75,75,75,75,75,75,75,75,75,75,75,75,75,75,75,75,75,75,75,75,75,75,75,75,75,75,75,75,75,75,75,75,75,75,75,75,75],"card_choices":[{"not_picked":["Dramatic Entrance","Blind"],"picked":"Trip","floor":0.0},{"not_picked":["Sweeping Beam","Redo"],"picked":"Ball Lightning","floor":1.0},{"not_picked":["Glacier","Chaos"],"picked":"Self Repair","floor":3.0},{"not_picked":["Genetic Algorithm","Coolheaded"],"picked":"Defragment","floor":4.0},{"not_picked":["Coolheaded","Barrage"],"picked":"Force Field","floor":7.0},{"not_picked":["Hologram","Sunder"],"picked":"Lockon","floor":12.0},{"not_picked":["Auto Shields","Sweeping Beam"],"picked":"Leap","floor":13.0},{"not_picked":["Meteor Strike","Machine Learning"],"picked":"Buffer","floor":16.0},{"not_picked":["Go for the Eyes","Streamline","Reinforced Body"],"picked":"SKIP","floor":18.0},{"not_picked":["Cold Snap","Sunder"],"picked":"Scrape+1","floor":20.0},{"not_picked":["Streamline","Rebound"],"picked":"Conserve Battery","floor":23.0},{"not_picked":["Cold Snap","Sunder+1"],"picked":"Amplify","floor":27.0},{"not_picked":["Leap","Turbo"],"picked":"Static Discharge","floor":29.0},{"not_picked":["Sweeping Beam","Ball Lightning","Compile Driver"],"picked":"SKIP","floor":30.0},{"not_picked":["Rainbow","Multi-Cast"],"picked":"Electrodynamics","floor":33},{"not_picked":["Glacier","Stack"],"picked":"Rip and Tear","floor":35},{"not_picked":["Chill","Sweeping Beam","Rip and Tear+1"],"picked":"SKIP","floor":37},{"not_picked":["Turbo","Skim+1"],"picked":"Ball Lightning+1","floor":40},{"not_picked":["Turbo+1","Sweeping Beam+1","Gash+1"],"picked":"SKIP","floor":42},{"not_picked":["Double Energy+1","Rebound+1","Ball Lightning+1"],"picked":"SKIP","floor":44},{"not_picked":["Streamline+1","Turbo"],"picked":"Fission","floor":47},{"not_picked":["BootSequence","Sweeping Beam+1"],"picked":"Defragment","floor":54}],"player_experience":34428,"relics_obtained":[{"floor":7.0,"key":"Bottled Tornado"},{"floor":9.0,"key":"Eternal Feather"},{"floor":23.0,"key":"Ancient Tea Set"},{"floor":26.0,"key":"Shuriken"},{"floor":27.0,"key":"Centennial Puzzle"},{"floor":30.0,"key":"Boot"},{"floor":40,"key":"Bronze Scales"},{"floor":42,"key":"Smiling Mask"},{"floor":47,"key":"Peace Pipe"},{"floor":54,"key":"Nunchaku"}],"event_choices":[{"damage_healed":0.0,"max_hp_gain":0.0,"max_hp_loss":0.0,"gold_gain":0.0,"event_name":"Golden Idol","player_choice":"Take Damage","floor":2.0,"gold_loss":0.0,"damage_taken":18.0,"relics_obtained":["Golden Idol"]},{"cards_removed":["Defend_B"],"damage_healed":0.0,"max_hp_gain":0.0,"max_hp_loss":0.0,"gold_gain":0.0,"event_name":"Living Wall","player_choice":"Forget","floor":5.0,"gold_loss":0.0,"damage_taken":0.0},{"damage_healed":0.0,"max_hp_gain":0.0,"max_hp_loss":0.0,"gold_gain":0.0,"event_name":"Dead Adventurer","player_choice":"Searched \u00272\u0027 times","floor":7.0,"gold_loss":0.0,"damage_taken":0.0},{"cards_removed":["Strike_B"],"damage_healed":0.0,"max_hp_gain":0.0,"max_hp_loss":0.0,"gold_gain":0.0,"event_name":"Golden Wing","player_choice":"Card Removal","floor":10.0,"gold_loss":0.0,"damage_taken":7.0},{"damage_healed":0.0,"max_hp_gain":0.0,"max_hp_loss":0.0,"gold_gain":0.0,"event_name":"Lab","player_choice":"Got Potions","floor":11.0,"gold_loss":0.0,"damage_taken":0.0},{"damage_healed":0.0,"max_hp_gain":0.0,"max_hp_loss":0.0,"gold_gain":0.0,"event_name":"Cursed Tome","player_choice":"Ignored","floor":19.0,"gold_loss":0.0,"damage_taken":0.0},{"damage_healed":0.0,"max_hp_gain":0.0,"max_hp_loss":0.0,"gold_gain":0.0,"event_name":"Forgotten Altar","player_choice":"Gave Idol","floor":22.0,"relics_lost":["Golden Idol"],"gold_loss":0.0,"damage_taken":0.0,"relics_obtained":["Bloody Idol"]},{"damage_healed":0.0,"max_hp_gain":0.0,"max_hp_loss":0.0,"gold_gain":0.0,"cards_transformed":["Strike_B","Strike_B"],"event_name":"Drug Dealer","player_choice":"Became Test Subject","floor":25.0,"gold_loss":0.0,"damage_taken":0.0,"cards_obtained":["Skim","Storm"]},{"damage_healed":0,"gold_gain":0,"player_choice":"Ignored","damage_taken":0,"max_hp_gain":0,"max_hp_loss":0,"event_name":"Tomb of Lord Red Mask","floor":36,"gold_loss":0},{"damage_healed":0,"gold_gain":0,"player_choice":"Embrace Madness","damage_taken":9,"max_hp_gain":0,"max_hp_loss":0,"event_name":"Winding Halls","floor":38,"gold_loss":0,"cards_obtained":["Madness","Madness"]},{"cards_removed":["Defend_B"],"damage_healed":0,"gold_gain":0,"player_choice":"Purged","damage_taken":0,"max_hp_gain":0,"max_hp_loss":0,"event_name":"Purifier","floor":48,"gold_loss":0}],"is_beta":false,"boss_relics":[{"not_picked":["Busted Crown","Black Star"],"picked":"Philosopher\u0027s Stone"},{"not_picked":["Coffee Dripper","SlaversCollar"],"picked":"Inserter"}],"items_purged_floors":[14,39,45,53],"is_endless":false,"potions_floor_spawned":[1,3,4,12,13,18,27,29,30,35,42],"killed_by":"The Heart","ascension_level":1}}