{"host":"andja9kgajlggmm4","time":1612263498,"event":{"mods":["BaseMod","Downfall","Hubris","Infinite Spire","MarisaÅiñ∂âJÅ@ñÇóùçπÅj","Minty Spire (QoL Compilation)","StSLib","The Cursed","The Servant 0.9.4"],"gold_per_floor":[115,115,135,135,135,167,167,23,23,23,23,43,43,59,59,161,161,172,182,196,196,220,220,246,256,308,6,6,31,5,15,15,110,160,178,178,178,198,213,213,213,12,82,132,132,132,144,171,171,171],"floor_reached":51,"language":"ENG","playtime":3059,"items_purged":["Strike_B","Strike_B"],"score":791,"play_id":"9fa179e2-21fc-4add-b57a-21bf3a8cf8d7","local_time":"20210202115818","is_ascension_mode":false,"campfire_choices":[{"data":"Hologram","floor":7,"key":"SMITH"},{"data":"Dualcast","floor":10,"key":"SMITH"},{"data":"Zap","floor":13,"key":"SMITH"},{"data":"hubris:Fate","floor":15,"key":"SMITH"},{"data":"Mayhem","floor":28,"key":"SMITH"},{"data":"sneckomod:UnknownStrike","floor":32,"key":"SMITH"},{"floor":40,"key":"REST"},{"data":"White Noise","floor":40,"key":"SMITH"},{"floor":46,"key":"REST"},{"data":"Mayhem","floor":46,"key":"SMITH"},{"floor":49,"key":"REST"},{"data":"Static Discharge","floor":49,"key":"SMITH"}],"circlet_count":0,"master_deck":["Strike_B","Defend_B","Defend_B","Defend_B+1","Defend_B+1","Zap+1","Dualcast+1","Hologram+1","Conserve Battery","hubris:Fate+1","hubris:Ukulele","Ball Lightning","Melter","Machine Learning","Gash","Hologram+1","Thunder Strike","sneckomod:UnknownStrike+1","Beam Cell","Static Discharge+1","Aggregate","Mayhem+1","Deep Breath+1","Reboot","Go for the Eyes","Conserve Battery","Beam Cell","White Noise+1","Stack+1","Gash","Mayhem+1","Hologram+1","Ball Lightning+1"],"relics":["Cracked Core","NeowsBlessing","infinitespire:PuzzleCube","hubris:TenFootPole","hubris:BallOfYels","Membership Card","Matryoshka","SlaversCollar","Bag of Preparation","infinitespire:Satchel","Orichalcum","hubris:SlimyHat","Nunchaku","Lee\u0027s Waffle","infinitespire:Magic Flask","Tiny House","infinitespire:Bottled Soul","Lantern","HandDrill","hubris:Metronome","hubris:Teleporter","Boot","War Paint"],"acts_visited":["Exordium","TheCity","TheBeyond"],"potions_floor_usage":[16,33,47,48,50,50,50],"damage_taken":[{"damage":0,"enemies":"Small Slimes","floor":1,"turns":1},{"damage":0,"enemies":"2 Louse","floor":3,"turns":1},{"damage":0,"enemies":"Lagavulin","floor":6,"turns":2},{"damage":1,"enemies":"infinitespire:Voidling","floor":12,"turns":2},{"damage":0,"enemies":"Blue Slaver","floor":14,"turns":1},{"damage":13,"enemies":"The Guardian","floor":16,"turns":8},{"damage":3,"enemies":"Chosen","floor":18,"turns":3},{"damage":7,"enemies":"Shell Parasite","floor":19,"turns":4},{"damage":17,"enemies":"3 Cultists","floor":20,"turns":5},{"damage":0,"enemies":"Snecko","floor":25,"turns":3},{"damage":0,"enemies":"Book of Stabbing","floor":29,"turns":1},{"damage":6,"enemies":"Centurion and Healer","floor":31,"turns":3},{"damage":13,"enemies":"Champ","floor":33,"turns":6},{"damage":13,"enemies":"3 Shapes","floor":35,"turns":4},{"damage":18,"enemies":"3 Darklings","floor":38,"turns":3},{"damage":76,"enemies":"Spire Growth","floor":39,"turns":5},{"damage":0,"enemies":"Mind Bloom Boss Battle","floor":44,"turns":3},{"damage":0,"enemies":"Jaw Worm Horde","floor":47,"turns":1},{"damage":0,"enemies":"Giant Head","floor":48,"turns":5},{"damage":41,"enemies":"Donu and Deca","floor":50,"turns":7}],"seed_played":"-7260217534630426491","potions_obtained":[{"floor":1,"key":"EssenceOfDarkness"},{"floor":12,"key":"Ancient Potion"},{"floor":16,"key":"BlessingOfTheForge"},{"floor":20,"key":"SneckoOil"},{"floor":29,"key":"sneckomod:MuddlingPotion"},{"floor":34,"key":"LiquidMemories"},{"floor":39,"key":"Explosive Potion"},{"floor":44,"key":"EntropicBrew"}],"is_trial":false,"path_per_floor":["M","?","M","?","?","E","R","$","T","R","?","M","R","M","R","B",null,"M","M","M","?","T","?","T","M","T","$","R","E","$","M","R","B",null,"M","?","?","M","M","R","?","$","T","?","$","R","M","E","R","B",null],"character_chosen":"DEFECT","items_purchased":["Membership Card","Static Discharge","Lee\u0027s Waffle","Aggregate","Mayhem","Deep Breath","Go for the Eyes","Lantern","HandDrill","Boot"],"campfire_rested":3,"item_purchase_floors":[8,27,27,27,27,27,30,42,42,45],"current_hp_per_floor":[75,57,57,39,39,39,39,39,39,39,39,38,38,38,38,25,75,72,65,48,48,48,48,48,48,48,82,82,82,82,76,76,63,87,74,74,74,56,10,34,34,34,34,34,24,48,48,48,72,46],"gold":171,"neow_bonus":"THREE_ENEMY_KILL","is_daily":false,"chose_seed":false,"campfire_upgraded":9,"win_rate":0.0,"timestamp":1612263498,"path_taken":["M","?","M","?","?","E","R","$","T","R","?","M","R","M","R","BOSS","M","?","M","?","?","?","?","?","T","$","R","E","$","M","R","BOSS","M","?","?","?","M","R","?","$","T","?","?","R","?","E","R","BOSS"],"items_purchased_type":["Relic","Card","Relic","Card","Card","Card","Card","Relic","Relic","Relic"],"build_version":"2020-12-22","purchased_purges":2,"victory":true,"max_hp_per_floor":[75,75,75,75,75,75,75,75,75,75,75,75,75,75,75,75,75,75,75,75,75,75,75,75,75,75,82,82,82,82,82,82,82,87,87,83,83,83,83,83,83,83,83,83,83,83,83,83,83,83],"card_choices":[{"not_picked":["Stack","Consume"],"picked":"Hologram","floor":1},{"not_picked":["Steam","Blizzard"],"picked":"Conserve Battery","floor":3},{"not_picked":["infinitespire:UltimateForm","infinitespire:SevenWalls"],"picked":"hubris:Fate","floor":4},{"not_picked":["Cold Snap","Consume"],"picked":"hubris:Ukulele","floor":6},{"not_picked":["Compile Driver","Steam"],"picked":"Ball Lightning","floor":12},{"not_picked":["Coolheaded","Steam"],"picked":"Melter","floor":14},{"not_picked":["Multi-Cast","hubris:Prefetch"],"picked":"Machine Learning","floor":16},{"not_picked":["Streamline","Hologram"],"picked":"Gash","floor":18},{"not_picked":["Streamline+1","Darkness"],"picked":"Hologram+1","floor":19},{"not_picked":["Skim","Scrape"],"picked":"Thunder Strike","floor":20},{"not_picked":["Storm","Chaos"],"picked":"Beam Cell","floor":25},{"not_picked":["Tempest","Streamline"],"picked":"Reboot","floor":29},{"not_picked":["BootSequence","Skim"],"picked":"Conserve Battery","floor":31},{"not_picked":["Conserve Battery","Double Energy"],"picked":"Beam Cell","floor":34},{"not_picked":["Stack","Self Repair+1"],"picked":"White Noise","floor":35},{"not_picked":["Ball Lightning+1","Sweeping Beam+1"],"picked":"Stack+1","floor":38},{"not_picked":["Steam+1","Streamline"],"picked":"Gash","floor":39},{"not_picked":["Enlightenment","Panacea"],"picked":"Mayhem","floor":41},{"not_picked":["Coolheaded+1","Ball Lightning"],"picked":"Hologram+1","floor":47},{"not_picked":["Buffer","Cold Snap"],"picked":"Ball Lightning+1","floor":48}],"player_experience":6695,"relics_obtained":[{"floor":5,"key":"hubris:TenFootPole"},{"floor":6,"key":"hubris:BallOfYels"},{"floor":9,"key":"Matryoshka"},{"floor":22,"key":"Bag of Preparation"},{"floor":22,"key":"infinitespire:Satchel"},{"floor":24,"key":"Orichalcum"},{"floor":24,"key":"hubris:SlimyHat"},{"floor":26,"key":"Nunchaku"},{"floor":29,"key":"infinitespire:Magic Flask"},{"floor":43,"key":"hubris:Metronome"},{"floor":44,"key":"hubris:Teleporter"},{"floor":48,"key":"War Paint"}],"event_choices":[{"damage_healed":0,"gold_gain":0,"player_choice":"Success","damage_taken":18,"relics_obtained":["infinitespire:PuzzleCube"],"max_hp_gain":0,"max_hp_loss":0,"event_name":"Scrap Ooze","floor":2,"gold_loss":0},{"cards_removed":["Strike_B"],"damage_healed":0,"gold_gain":0,"player_choice":"Offered Basic","damage_taken":0,"max_hp_gain":0,"max_hp_loss":0,"event_name":"Bonfire Elementals","floor":11,"gold_loss":0},{"damage_healed":0,"gold_gain":0,"player_choice":"Read","damage_taken":0,"max_hp_gain":0,"max_hp_loss":0,"event_name":"The Library","floor":21,"gold_loss":0,"cards_obtained":["sneckomod:UnknownStrike"]},{"damage_healed":0,"gold_gain":0,"player_choice":"Ignored","damage_taken":0,"max_hp_gain":0,"max_hp_loss":0,"event_name":"Ghosts","floor":23,"gold_loss":0},{"damage_healed":0,"gold_gain":0,"player_choice":"Max HP","damage_taken":0,"max_hp_gain":0,"max_hp_loss":4,"event_name":"Winding Halls","floor":36,"gold_loss":0},{"damage_healed":0,"gold_gain":0,"player_choice":"Gave Potion","damage_taken":0,"relics_obtained":["infinitespire:Bottled Soul"],"max_hp_gain":0,"max_hp_loss":0,"event_name":"WeMeetAgain","floor":37,"gold_loss":0},{"damage_healed":0,"gold_gain":0,"player_choice":"Memory 1","damage_taken":0,"max_hp_gain":0,"max_hp_loss":0,"event_name":"SensoryStone","floor":41,"gold_loss":0},{"damage_healed":0,"gold_gain":0,"player_choice":"Fight","damage_taken":0,"max_hp_gain":0,"max_hp_loss":0,"event_name":"MindBloom","floor":44,"gold_loss":0}],"is_beta":false,"boss_relics":[{"not_picked":["hubris:ScarierMask","Sozu"],"picked":"SlaversCollar"},{"not_picked":["Coffee Dripper","Astrolabe"],"picked":"Tiny House"}],"items_purged_floors":[27,42],"is_endless":false,"potions_floor_spawned":[1,12,16,20,29,31,39,44],"ascension_level":0}}