{"host":"30t73aj4w3oq1hk8","time":1612227501,"event":{"mods":["BaseMod","Colored Map","Colored Powertips","Minty Spire (QoL Compilation)","Random Character Button","StSLib"],"gold_per_floor":[110,110,62,137,151,151,164,164,164,7,21,21,21,41,41,162,162,182,182,195,195,195,195,220,220,275,295,313,336,356,69,69,69,69],"floor_reached":33,"language":"ENG","playtime":862,"items_purged":[],"score":239,"play_id":"9a001aeb-5720-4574-9f1b-030d4d4b2ab9","local_time":"20210201195821","is_ascension_mode":false,"campfire_choices":[{"floor":6,"key":"REST"},{"floor":8,"key":"REST"},{"floor":13,"key":"REST"},{"data":"Riddle With Holes","floor":15,"key":"SMITH"},{"floor":23,"key":"REST"},{"data":"Shame","floor":25,"key":"PURGE"},{"floor":32,"key":"REST"}],"circlet_count":0,"master_deck":["Strike_P","Strike_P","Strike_P+1","Strike_P","Defend_P","Defend_P","Defend_P+1","Defend_P","Eruption+1","Vigilance","BowlingBash","Prostrate","CarveReality","Riddle With Holes+1","Venomology","Shrug It Off+1","Fasting2","Deep Breath+1","Dagger Spray+1","Electrodynamics","Body Slam+1","FTL"],"relics":["PureWater","Peace Pipe","PrismaticShard","Golden Idol","SacredBark","Boot","PreservedInsect","StrikeDummy"],"acts_visited":["Exordium","TheCity"],"potions_floor_usage":[16,20,24,24,27,27,28,28,29,29,30,30,30,30,30,30,33,33,33],"damage_taken":[{"damage":0,"enemies":"Small Slimes","floor":1,"turns":2},{"damage":11,"enemies":"Jaw Worm","floor":5,"turns":5},{"damage":0,"enemies":"Cultist","floor":7,"turns":2},{"damage":10,"enemies":"Exordium Wildlife","floor":11,"turns":2},{"damage":1,"enemies":"2 Fungi Beasts","floor":14,"turns":3},{"damage":24,"enemies":"Slime Boss","floor":16,"turns":8},{"damage":2,"enemies":"Spheric Guardian","floor":18,"turns":3},{"damage":33,"enemies":"Shell Parasite","floor":20,"turns":3},{"damage":1,"enemies":"Shelled Parasite and Fungi","floor":24,"turns":2},{"damage":22,"enemies":"Centurion and Healer","floor":27,"turns":3},{"damage":0,"enemies":"Snake Plant","floor":28,"turns":2},{"damage":20,"enemies":"Sentry and Sphere","floor":29,"turns":5},{"damage":10,"enemies":"Centurion and Healer","floor":30,"turns":5},{"damage":42,"enemies":"Collector","floor":33,"turns":3}],"seed_played":"7266856515877333352","potions_obtained":[{"floor":1,"key":"PowerPotion"},{"floor":11,"key":"BottledMiracle"},{"floor":14,"key":"SkillPotion"},{"floor":27,"key":"DistilledChaos"},{"floor":30,"key":"SteroidPotion"}],"is_trial":false,"path_per_floor":["M","?","$","?","M","R","M","R","T","$","M","?","R","M","R","B",null,"M","?","M","?","?","R","M","R","T","M","M","M","M","$","R","B"],"character_chosen":"WATCHER","items_purchased":["Prostrate","PrismaticShard","BottledMiracle","StrikeDummy"],"campfire_rested":5,"item_purchase_floors":[3,10,31,31],"current_hp_per_floor":[72,58,58,47,36,57,57,72,72,72,62,44,65,64,64,40,72,70,70,37,37,37,58,57,57,57,35,35,15,5,5,26,0,0],"gold":69,"neow_bonus":"UPGRADE_CARD","is_daily":false,"chose_seed":false,"campfire_upgraded":1,"win_rate":0.0,"timestamp":1612227501,"path_taken":["M","?","$","?","M","R","M","R","T","?","?","?","R","M","R","BOSS","M","?","M","?","?","R","M","R","T","M","M","M","?","$","R","BOSS"],"items_purchased_type":["Card","Relic","Potion","Relic"],"build_version":"2020-12-22","purchased_purges":0,"victory":false,"max_hp_per_floor":[72,72,72,72,72,72,72,72,72,72,72,72,72,72,72,72,72,72,72,72,72,72,72,72,72,72,72,72,72,72,72,72,72,72],"card_choices":[{"not_picked":["Worship","Prostrate"],"picked":"BowlingBash","floor":1},{"not_picked":["PathToVictory","FlyingSleeves","ReachHeaven"],"picked":"SKIP","floor":5},{"not_picked":["InnerPeace","Sanctity"],"picked":"CarveReality","floor":7},{"not_picked":["Tactician","Iron Wave"],"picked":"Riddle With Holes","floor":11},{"not_picked":["Heavy Blade","Perfected Strike","ThirdEye"],"picked":"SKIP","floor":14},{"not_picked":["Chrysalis","Offering"],"picked":"Venomology","floor":16},{"not_picked":["Backflip","Go for the Eyes+1"],"picked":"Shrug It Off+1","floor":18},{"not_picked":["Beam Cell","Acrobatics"],"picked":"Deep Breath+1","floor":20},{"not_picked":["BowlingBash+1","Worship","Accuracy"],"picked":"SKIP","floor":24},{"not_picked":["Riddle With Holes","WaveOfTheHand+1"],"picked":"Dagger Spray+1","floor":27},{"not_picked":["PiercingWail","Prostrate"],"picked":"Electrodynamics","floor":28},{"not_picked":["PathToVictory+1","Trip"],"picked":"Body Slam+1","floor":29},{"not_picked":["Go for the Eyes","CutThroughFate"],"picked":"FTL","floor":30}],"player_experience":725672,"relics_obtained":[{"floor":9,"key":"Peace Pipe"},{"floor":26,"key":"PreservedInsect"}],"event_choices":[{"damage_healed":0,"gold_gain":0,"player_choice":"Entered Light","damage_taken":14,"max_hp_gain":0,"max_hp_loss":0,"event_name":"Shining Light","floor":2,"gold_loss":0,"cards_upgraded":["Defend_P","Strike_P"]},{"damage_healed":0,"gold_gain":75,"player_choice":"Gather Gold","damage_taken":11,"max_hp_gain":0,"max_hp_loss":0,"event_name":"World of Goop","floor":4,"gold_loss":0},{"damage_healed":0,"gold_gain":0,"player_choice":"Take Damage","damage_taken":18,"relics_obtained":["Golden Idol"],"max_hp_gain":0,"max_hp_loss":0,"event_name":"Golden Idol","floor":12,"gold_loss":0},{"damage_healed":0,"gold_gain":0,"player_choice":"Read","damage_taken":0,"max_hp_gain":0,"max_hp_loss":0,"event_name":"The Library","floor":19,"gold_loss":0,"cards_obtained":["Fasting2"]},{"damage_healed":0,"gold_gain":0,"player_choice":"Stole Relic","damage_taken":0,"relics_obtained":["Boot"],"max_hp_gain":0,"max_hp_loss":0,"event_name":"Addict","floor":21,"gold_loss":0,"cards_obtained":["Shame"]},{"damage_healed":0,"gold_gain":0,"player_choice":"Ignored","damage_taken":0,"max_hp_gain":0,"max_hp_loss":0,"event_name":"NoteForYourself","floor":22,"gold_loss":0}],"is_beta":false,"boss_relics":[{"not_picked":["Ectoplasm","Sozu"],"picked":"SacredBark"}],"items_purged_floors":[],"is_endless":false,"potions_floor_spawned":[1,11,14,27,30],"killed_by":"Collector","ascension_level":0}}