{"host":"vyiqbz5w606ur92t","time":1612258926,"event":{"mods":["BaseMod","Downfall","Minty Spire (QoL Compilation)","StSLib"],"gold_per_floor":[99,549,192,192,241,241,268,297,197,223,239,252,265,265,280,280,280,280],"floor_reached":16,"language":"ENG","playtime":1118,"items_purged":["downfall:Icky"],"score":124,"play_id":"5c0ab000-5871-4e2e-9ff3-f1912e0ba3b3","local_time":"20210202094206","is_ascension_mode":true,"campfire_choices":[{"floor":1,"key":"RECALL"},{"floor":9,"key":"REST"}],"circlet_count":0,"master_deck":["Guardian:Strike_Guardian","Guardian:Strike_Guardian","Guardian:Strike_Guardian","Guardian:Strike_Guardian","Guardian:Defend_Guardian","Guardian:Defend_Guardian","Guardian:Defend_Guardian","Guardian:Defend_Guardian","Guardian:CurlUp","Guardian:TwinSlam","downfall:Icky","downfall:Icky","Guardian:Preprogram","Guardian:TimeCapacitor","Guardian:Recover","Guardian:Gem_Cyan","Guardian:Gem_Fragmented","Guardian:ChargeCore","Guardian:Reroute","Guardian:Suspension","Guardian:PrismaticBarrier","Guardian:CrystalBeam","Guardian:CrystalBeam"],"relics":["bronze:MakeshiftBattery","Medical Kit","Guardian:PickAxe","Vajra","bronze:BronzeIdol","Bronze Scales","Lantern","downfall:HeartBlessingRed","Nunchaku"],"acts_visited":["Exordium"],"potions_floor_usage":[16,16],"damage_taken":[{"damage":0,"enemies":"downfall:FleeingMerchant","floor":3,"turns":4},{"damage":30,"enemies":"downfall:FleeingMerchant","floor":4,"turns":9},{"damage":32,"enemies":"Gremlin Nob","floor":8,"turns":6},{"damage":8,"enemies":"3 Sentries","floor":10,"turns":6},{"damage":9,"enemies":"Jaw Worm","floor":11,"turns":2},{"damage":0,"enemies":"2 Louse","floor":12,"turns":1},{"damage":0,"enemies":"Cultist","floor":13,"turns":2},{"damage":0,"enemies":"3 Louse","floor":15,"turns":2},{"damage":13,"enemies":"IC_STATUS_ARCHETYPE","floor":16,"turns":4}],"seed_played":"6316099228160364789","potions_obtained":[{"floor":10,"key":"SteroidPotion"},{"floor":13,"key":"Block Potion"},{"floor":15,"key":"SkillPotion"}],"is_trial":false,"path_per_floor":["R","?","$","?","T","T","T","E","R","E","M","M","M","?","M","B"],"character_chosen":"GUARDIAN","items_purchased":["Medical Kit","Guardian:TimeCapacitor","Guardian:Recover"],"campfire_rested":1,"item_purchase_floors":[3,3,3],"current_hp_per_floor":[80,80,80,38,38,38,38,6,30,22,13,13,13,13,13,0,0,0],"gold":280,"neow_bonus":"BOSS_RELIC","is_daily":false,"chose_seed":false,"campfire_upgraded":0,"win_rate":0.0,"timestamp":1612258926,"path_taken":["R","?","$","?","?","?","T","E","R","E","M","M","?","?","M","BOSS"],"items_purchased_type":["Relic","Card","Card"],"build_version":"2020-12-22","purchased_purges":1,"victory":false,"max_hp_per_floor":[80,80,80,80,80,80,80,80,80,80,80,80,80,80,80,80,80,80],"card_choices":[{"not_picked":["Guardian:Reroute","Guardian:RollAttack"],"picked":"Guardian:Preprogram","floor":3},{"not_picked":["Guardian:RollAttack","Guardian:HyperBeam_Guardian"],"picked":"Guardian:ChargeCore","floor":8},{"not_picked":["Guardian:Gem_Purple","Guardian:RefractedBeam"],"picked":"Guardian:Reroute","floor":10},{"not_picked":["Guardian:Gem_Fragmented","Guardian:ArmoredProtocol"],"picked":"Guardian:Suspension","floor":11},{"not_picked":["Guardian:Gem_Red","Guardian:Orbwalk"],"picked":"Guardian:PrismaticBarrier","floor":12},{"not_picked":["Guardian:VentSteam","Guardian:ShieldCharger"],"picked":"Guardian:CrystalBeam","floor":13},{"not_picked":["Guardian:Recover","Guardian:Harden"],"picked":"Guardian:CrystalBeam","floor":15}],"player_experience":1372640,"relics_obtained":[{"floor":5,"key":"Vajra"},{"floor":6,"key":"bronze:BronzeIdol"},{"floor":7,"key":"Bronze Scales"},{"floor":8,"key":"Lantern"},{"floor":10,"key":"Nunchaku"}],"event_choices":[],"is_beta":false,"boss_relics":[],"items_purged_floors":[3],"is_endless":false,"potions_floor_spawned":[4,10,13,15],"killed_by":"IC_STATUS_ARCHETYPE","ascension_level":3}}