{"host":"jh7kh5nqtgzr3auj","time":1612255360,"event":{"mods":["AchievementEnabler","Act Like it!","BaseMod","CapriCore","Highlight Path","Minty Spire (QoL Compilation)","Quick Restart","StSLib","TestMod","The Bug Knight"],"gold_per_floor":[112,132,145,145,156,188,263,263,290,323,342,369,369,96,96,197,197,216,216,244,244,244,277,277,308,333,344,371,54,0,0,0,104,104,116,161,161,179,190,222,222,256,256,287,300,313,339,214,214,214,214,214,17,46,46],"floor_reached":56,"language":"ZHS","playtime":5453,"items_purged":["HollowMod:NailStrikeStart","HollowMod:NailStrikeStart","HollowMod:QuickDashStart","Writhe"],"score":2439,"play_id":"1c24005c-c093-4d99-8f9c-1f8c2f22b6e4","local_time":"20210202164240","is_ascension_mode":true,"campfire_choices":[{"data":"HollowMod:FastStrike","floor":15.0,"key":"SMITH"},{"data":"HollowMod:CloakDash","floor":32.0,"key":"SMITH"},{"floor":41.0,"key":"RECALL"},{"data":"HollowMod:ElderbugsWisdom","floor":49.0,"key":"SMITH"},{"data":"HollowMod:ElderbugsWisdom","floor":52.0,"key":"SMITH"}],"circlet_count":0,"master_deck":["AscendersBane","HollowMod:NailStrikeStart+1","HollowMod:QuickDashStart+1","HollowMod:QuickDashStart","HollowMod:QuickDashStart+1","HollowMod:FocusHealStart","HollowMod:PogoStrike","HollowMod:GoodIntentions+1","HollowMod:FastStrike+1","HollowMod:CornifersMapStart","HollowMod:DashSlash+1","HollowMod:MantisMark","HollowMod:NewLittleFool+1","HollowMod:Hiveblood","HollowMod:NewLittleFool+1","HollowMod:CloakDash+1","HollowMod:MonarchWings+1","HollowMod:ChannelNail+1","HollowMod:DreamGate+1","HollowMod:DreamGate+1","HollowMod:MonarchWings+1","HollowMod:ElderbugsWisdom+1","HollowMod:DoubleDash+1","HollowMod:CornifersMapStart+1","HollowMod:PerfectDash+1","HollowMod:ElderbugsWisdom+1","HollowMod:CornifersMapStart+1","HollowMod:CycloneSlash"],"relics":["HollowMod:VesselMask","testmod-TestBox","testmod-ChristmasGift","NeowsBlessing","Juzu Bracelet","Toy Ornithopter","Potion Belt","Anchor","testmod-CardMagician","Enchiridion","Red Mask","Omamori","Centennial Puzzle","Toxic Egg 2","Akabeko","Whetstone","Blood Vial","OrangePellets","HollowMod:LifeEnderRelic","testmod-Prudence","FossilizedHelix","Bronze Scales","TungstenRod","testmod-AssaultLearning","Singing Bowl","Mercury Hourglass","Orichalcum"],"acts_visited":["Exordium","TheCity","TheBeyond","TheEnding"],"potions_floor_usage":[54,54,55,55,55,55,55,55,55,55,55,55,55,55,55,55,55,55,55,55,55,55,55,55,55,55,55,55,55,55,55,55,55,55,55,55,55,55],"damage_taken":[{"damage":0.0,"enemies":"Jaw Worm","floor":1.0,"turns":1.0},{"damage":0.0,"enemies":"Small Slimes","floor":2.0,"turns":3.0},{"damage":0.0,"enemies":"Cultist","floor":3.0,"turns":4.0},{"damage":13.0,"enemies":"Blue Slaver","floor":5.0,"turns":2.0},{"damage":0.0,"enemies":"Gremlin Nob","floor":6.0,"turns":4.0},{"damage":9.0,"enemies":"Lagavulin","floor":10.0,"turns":6.0},{"damage":10.0,"enemies":"2 Fungi Beasts","floor":11.0,"turns":3.0},{"damage":20.0,"enemies":"3 Sentries","floor":12.0,"turns":5.0},{"damage":24.0,"enemies":"Slime Boss","floor":16.0,"turns":8.0},{"damage":4.0,"enemies":"Chosen","floor":18.0,"turns":4.0},{"damage":20.0,"enemies":"Masked Bandits","floor":20.0,"turns":5.0},{"damage":10.0,"enemies":"Gremlin Leader","floor":23.0,"turns":7.0},{"damage":0.0,"enemies":"Slavers","floor":25.0,"turns":4.0},{"damage":20.0,"enemies":"Shell Parasite","floor":27.0,"turns":3.0},{"damage":10.0,"enemies":"Book of Stabbing","floor":28.0,"turns":5.0},{"damage":58.0,"enemies":"HollowMod:NKGrimm","floor":33.0,"turns":5.0},{"damage":10.0,"enemies":"Orb Walker","floor":35.0,"turns":5.0},{"damage":6.0,"enemies":"2 Orb Walkers","floor":36.0,"turns":5.0},{"damage":14.0,"enemies":"3 Shapes","floor":38.0,"turns":6.0},{"damage":0.0,"enemies":"Writhing Mass","floor":39.0,"turns":7.0},{"damage":0.0,"enemies":"Giant Head","floor":40.0,"turns":3.0},{"damage":0.0,"enemies":"Nemesis","floor":42.0,"turns":5.0},{"damage":0.0,"enemies":"Giant Head","floor":44.0,"turns":10.0},{"damage":0.0,"enemies":"Spire Growth","floor":45.0,"turns":3.0},{"damage":10.0,"enemies":"Sphere and 2 Shapes","floor":46.0,"turns":3.0},{"damage":0.0,"enemies":"Reptomancer","floor":47.0,"turns":3.0},{"damage":0.0,"enemies":"HollowMod:Radiance","floor":50.0,"turns":8.0},{"damage":8,"enemies":"Shield and Spear","floor":54,"turns":4},{"damage":0,"enemies":"The Heart","floor":55,"turns":5}],"seed_played":"-792575781588961429","potions_obtained":[{"floor":2.0,"key":"PowerPotion"},{"floor":5.0,"key":"Dexterity Potion"},{"floor":6.0,"key":"SkillPotion"},{"floor":10.0,"key":"testmod-TimePotion"},{"floor":20.0,"key":"FearPotion"},{"floor":23.0,"key":"LiquidMemories"},{"floor":27.0,"key":"Explosive Potion"},{"floor":33.0,"key":"DistilledChaos"},{"floor":35.0,"key":"SpeedPotion"},{"floor":46.0,"key":"EssenceOfSteel"}],"is_trial":false,"path_per_floor":["M","M","M","?","M","E","?","?","T","E","M","E","?","$","R","B",null,"M","?","?","?","?","E","T","E","T","M","E","$","?","?","R","B",null,"M","?","?","M","M","E","R","E","T","E","M","M","E","$","R","B",null,"R","$","E","B",null],"character_chosen":"THE_BUGKNIGHT","items_purchased":["HollowMod:NewLittleFool","Anchor","OrangePellets","HollowMod:DreamGate+1","HollowMod:CycloneSlash"],"campfire_rested":0,"item_purchase_floors":[14,14,29,29,53],"current_hp_per_floor":[68,69,70,70,59,66,55,40,40,35,25,45,45,45,45,75,75,72,56,51,51,51,75,75,75,75,75,75,75,75,75,75,59,71,75,75,75,75,75,75,75,75,75,75,77,79,81,81,81,81,81,81,81,77,83],"gold":46,"neow_bonus":"THREE_ENEMY_KILL","is_daily":false,"chose_seed":false,"campfire_upgraded":4,"win_rate":0.0,"timestamp":1612255360,"path_taken":["M","M","M","?","M","E","?","?","T","E","M","E","?","$","R","BOSS","M","?","?","?","?","E","?","E","T","M","E","?","?","?","R","BOSS","M","?","?","M","M","E","R","E","T","E","M","M","E","?","R","BOSS","R","$","E","BOSS"],"items_purchased_type":["Card","Relic","Relic","Card","Card"],"build_version":"2020-12-22","purchased_purges":4,"victory":true,"max_hp_per_floor":[75,75,75,75,75,75,75,75,75,75,75,75,75,75,75,75,75,75,75,75,75,75,75,75,75,75,75,75,75,75,75,75,75,75,75,75,75,75,75,75,75,75,75,75,77,79,81,81,81,81,81,81,81,83,83],"card_choices":[{"not_picked":["HollowMod:InfectedAttack","HollowMod:SoulStrike"],"picked":"HollowMod:GoodIntentions","floor":1.0},{"not_picked":["HollowMod:Grubsong","HollowMod:ChannelNail"],"picked":"HollowMod:FastStrike","floor":2.0},{"not_picked":["HollowMod:CycloneSlash","HollowMod:ShadowDash"],"picked":"HollowMod:CornifersMapStart","floor":3.0},{"not_picked":["HollowMod:SoulEater","HollowMod:CycloneSlash"],"picked":"HollowMod:DashSlash","floor":5.0},{"not_picked":["HollowMod:TaintedHusks","HollowMod:AbyssShriek","HollowMod:SoulVessel"],"picked":"SKIP","floor":6.0},{"not_picked":["HollowMod:WraithStrike","HollowMod:DesolateDive","HollowMod:BaldurShell"],"picked":"SKIP","floor":10.0},{"not_picked":["HollowMod:SharpenedNail","HollowMod:SoulStrike"],"picked":"HollowMod:MantisMark","floor":11.0},{"not_picked":["HollowMod:SoulEater","HollowMod:CrystalDash","HollowMod:AbyssShriek"],"picked":"SKIP","floor":12.0},{"not_picked":["HollowMod:PaleKingsBlessing","HollowMod:LifebloodCore"],"picked":"HollowMod:Hiveblood","floor":16.0},{"not_picked":["HollowMod:InfectedCysts","HollowMod:LifebloodCocoon"],"picked":"HollowMod:NewLittleFool","floor":18.0},{"not_picked":["HollowMod:GoodIntentions","HollowMod:WraithStrike+1"],"picked":"HollowMod:MonarchWings+1","floor":23.0},{"not_picked":["HollowMod:AwokenDreamNail","HollowMod:MantisMark+1"],"picked":"HollowMod:ChannelNail+1","floor":25.0},{"not_picked":["HollowMod:VengefulSpirit","HollowMod:MawleksShell+1","HollowMod:HeavyBlow"],"picked":"SKIP","floor":27.0},{"not_picked":["HollowMod:LifebloodCocoon+1","HollowMod:HeavyBlow"],"picked":"HollowMod:DreamGate+1","floor":28.0},{"not_picked":["HollowMod:Weaversong","HollowMod:ZotesMagnificence"],"picked":"HollowMod:ElderbugsWisdom","floor":33.0},{"not_picked":["HollowMod:TaintedHusks+1","HollowMod:ShadowDash+1","HollowMod:SharpenedNail"],"picked":"SKIP","floor":35.0},{"not_picked":["HollowMod:WhiteLadysBlessing","HollowMod:LuriensSpire+1"],"picked":"HollowMod:DoubleDash+1","floor":38.0},{"not_picked":["HollowMod:GoodIntentions+1","HollowMod:SoulStrike"],"picked":"HollowMod:CornifersMapStart+1","floor":39.0},{"not_picked":["HollowMod:SoulSplash+1","HollowMod:DesolateDive+1"],"picked":"HollowMod:PerfectDash+1","floor":40.0},{"not_picked":["HollowMod:SoulMaster","HollowMod:HeavyBlow"],"picked":"HollowMod:ElderbugsWisdom","floor":42.0},{"not_picked":["HollowMod:GoodIntentions+1","HollowMod:DashSlash"],"picked":"HollowMod:CornifersMapStart+1","floor":44.0},{"not_picked":["HollowMod:CoiledNail","HollowMod:DoubleDash+1","HollowMod:WraithStrike"],"picked":"Singing Bowl","floor":45.0},{"not_picked":["HollowMod:ShadowDash+1","HollowMod:TaintedHusks+1","HollowMod:VengefulSpirit+1"],"picked":"Singing Bowl","floor":46.0},{"not_picked":["HollowMod:DashSlash","HollowMod:AbyssShriek+1","HollowMod:MidwifesHunger"],"picked":"Singing Bowl","floor":47.0},{"not_picked":["HollowMod:WraithStrike+1","HollowMod:LuriensSpire+1","HollowMod:DescendingDark+1"],"picked":"Singing Bowl","floor":54}],"player_experience":349929,"relics_obtained":[{"floor":6.0,"key":"Juzu Bracelet"},{"floor":10.0,"key":"Toy Ornithopter"},{"floor":12.0,"key":"Potion Belt"},{"floor":19.0,"key":"Enchiridion"},{"floor":20.0,"key":"Red Mask"},{"floor":23.0,"key":"Centennial Puzzle"},{"floor":24.0,"key":"Toxic Egg 2"},{"floor":25.0,"key":"Akabeko"},{"floor":26.0,"key":"Whetstone"},{"floor":28.0,"key":"Blood Vial"},{"floor":36.0,"key":"FossilizedHelix"},{"floor":40.0,"key":"Bronze Scales"},{"floor":42.0,"key":"TungstenRod"},{"floor":43.0,"key":"testmod-AssaultLearning"},{"floor":44.0,"key":"Singing Bowl"},{"floor":47.0,"key":"Mercury Hourglass"},{"floor":54,"key":"Orichalcum"}],"event_choices":[{"damage_healed":0.0,"max_hp_gain":0.0,"max_hp_loss":0.0,"gold_gain":0.0,"event_name":"给自己的盒子","player_choice":"Swap Relic","floor":4.0,"relics_lost":["War Paint"],"gold_loss":0.0,"damage_taken":0.0,"relics_obtained":["War Paint"]},{"damage_healed":0.0,"max_hp_gain":0.0,"max_hp_loss":0.0,"gold_gain":75.0,"event_name":"World of Goop","player_choice":"Gather Gold","floor":7.0,"gold_loss":0.0,"damage_taken":11.0},{"damage_healed":0.0,"max_hp_gain":0.0,"max_hp_loss":0.0,"gold_gain":0.0,"event_name":"Shining Light","player_choice":"Entered Light","floor":8.0,"gold_loss":0.0,"damage_taken":15.0,"cards_upgraded":["HollowMod:QuickDashStart","HollowMod:NailStrikeStart"]},{"damage_healed":0.0,"max_hp_gain":0.0,"max_hp_loss":0.0,"gold_gain":0.0,"event_name":"Upgrade Shrine","player_choice":"Upgraded","floor":13.0,"gold_loss":0.0,"damage_taken":0.0,"cards_upgraded":["HollowMod:DashSlash"]},{"damage_healed":0.0,"max_hp_gain":0.0,"max_hp_loss":0.0,"gold_gain":0.0,"event_name":"Cursed Tome","player_choice":"Obtained Book","floor":19.0,"gold_loss":0.0,"damage_taken":16.0},{"damage_healed":0.0,"max_hp_gain":0.0,"max_hp_loss":0.0,"gold_gain":0.0,"event_name":"Masked Bandits","player_choice":"Fought Bandits","floor":20.0,"gold_loss":0.0,"damage_taken":0.0},{"damage_healed":0.0,"max_hp_gain":0.0,"max_hp_loss":0.0,"gold_gain":0.0,"event_name":"The Mausoleum","player_choice":"Opened","floor":21.0,"gold_loss":0.0,"damage_taken":0.0,"relics_obtained":["Omamori"],"cards_obtained":["Writhe"]},{"damage_healed":0.0,"max_hp_gain":0.0,"max_hp_loss":0.0,"gold_gain":0.0,"event_name":"The Library","player_choice":"Read","floor":22.0,"gold_loss":0.0,"damage_taken":0.0,"cards_obtained":["HollowMod:CloakDash"]},{"damage_healed":0.0,"max_hp_gain":0.0,"max_hp_loss":0.0,"gold_gain":0.0,"event_name":"Duplicator","player_choice":"Copied","floor":31.0,"gold_loss":0.0,"damage_taken":0.0,"cards_obtained":["HollowMod:MonarchWings"]},{"damage_healed":0.0,"max_hp_gain":0.0,"max_hp_loss":0.0,"gold_gain":0.0,"event_name":"Mysterious Sphere","player_choice":"Fight","floor":36.0,"gold_loss":0.0,"damage_taken":0.0},{"cards_removed":["HollowMod:NailStrikeStart"],"damage_healed":0.0,"max_hp_gain":0.0,"max_hp_loss":0.0,"gold_gain":0.0,"event_name":"Purifier","player_choice":"Purged","floor":37.0,"gold_loss":0.0,"damage_taken":0.0}],"is_beta":false,"boss_relics":[{"not_picked":["Calling Bell","testmod-EnergyCheck"],"picked":"testmod-CardMagician"},{"not_picked":["Tiny House","Runic Dome"],"picked":"testmod-Prudence"}],"items_purged_floors":[14,29,48,53],"is_endless":false,"potions_floor_spawned":[2,5,6,10,16,20,23,25,27,33,35,38,44,46],"ascension_level":11}}