{"host":"sygfylmorsvdndbx","time":1612287481,"event":{"mods":["AchievementEnabler","BaseMod","Highlight Path","Minty Spire (QoL Compilation)","Permanent Neow","Quick Restart","Relic Stats"],"gold_per_floor":[12,24,44,44,44,77,77,102,128,148,188,363,363,438,438,564,564,578,117,117,117,103,146,146,146,146,170,205,115,115,138,138,266,266,266,266],"floor_reached":35,"language":"ENG","playtime":3597,"items_purged":["Doubt"],"score":671,"play_id":"a1f0415a-b335-4dcb-8779-7bfe849f8c27","local_time":"20210202123801","is_ascension_mode":true,"campfire_choices":[{"data":"Mayhem","floor":7,"key":"SMITH"},{"data":"Twin Strike","floor":13,"key":"SMITH"},{"data":"Spot Weakness","floor":15,"key":"SMITH"},{"data":"Mayhem","floor":24,"key":"SMITH"},{"data":"Carnage","floor":30,"key":"SMITH"},{"data":"Bash","floor":32,"key":"SMITH"}],"circlet_count":0,"master_deck":["Defend_R","Defend_R","Defend_R+1","Defend_R","Bash+1","Mayhem+1","Pommel Strike","Carnage+1","Spot Weakness+1","Shrug It Off","Shrug It Off","Twin Strike+1","Reaper","Combust+1","Mayhem+1","Bite","Bite","Bite","Bite","Bite","Ghostly","Ghostly","Ghostly","Ghostly","Ghostly","Warcry+1","Double Tap"],"relics":["Burning Blood","Golden Idol","Art of War","Toy Ornithopter","Happy Flower","Cursed Key","PreservedInsect","Eternal Feather","Smiling Mask","SlaversCollar"],"acts_visited":["Exordium","TheCity","TheBeyond"],"potions_floor_usage":[6,10,16,27,33,33],"damage_taken":[{"damage":8,"enemies":"2 Louse","floor":1,"turns":4},{"damage":0,"enemies":"Small Slimes","floor":2,"turns":4},{"damage":1,"enemies":"Cultist","floor":3,"turns":3},{"damage":0,"enemies":"Gremlin Nob","floor":6,"turns":2},{"damage":5,"enemies":"Red Slaver","floor":8,"turns":3},{"damage":0,"enemies":"Gremlin Gang","floor":10,"turns":3},{"damage":24,"enemies":"3 Sentries","floor":11,"turns":6},{"damage":17,"enemies":"The Guardian","floor":16,"turns":6},{"damage":12,"enemies":"Chosen","floor":18,"turns":4},{"damage":6,"enemies":"2 Thieves","floor":22,"turns":4},{"damage":10,"enemies":"Gremlin Leader","floor":23,"turns":6},{"damage":3,"enemies":"Snake Plant","floor":27,"turns":4},{"damage":32,"enemies":"Slavers","floor":28,"turns":6},{"damage":5,"enemies":"Cultist and Chosen","floor":31,"turns":5},{"damage":23,"enemies":"Collector","floor":33,"turns":8}],"seed_played":"5045115376192945880","potions_obtained":[{"floor":2,"key":"AttackPotion"},{"floor":6,"key":"Explosive Potion"},{"floor":10,"key":"CultistPotion"},{"floor":16,"key":"Weak Potion"},{"floor":22,"key":"Block Potion"},{"floor":27,"key":"CultistPotion"},{"floor":33,"key":"AttackPotion"}],"is_trial":false,"path_per_floor":["M","M","M","?","?","E","R","M","T","M","E","?","R","?","R","B",null,"M","$","?","?","M","E","R","?","T","M","E","?","R","M","R","B",null,"M"],"character_chosen":"IRONCLAD","items_purchased":["Mayhem","PreservedInsect","SteroidPotion"],"campfire_rested":0,"item_purchase_floors":[19,19,19],"current_hp_per_floor":[70,76,80,60,65,71,71,72,72,83,65,65,65,54,54,48,76,70,70,59,29,29,29,29,27,27,34,30,30,34,34,34,34,34,0,0],"gold":266,"neow_bonus":"RANDOM_COLORLESS_2","is_daily":false,"chose_seed":false,"campfire_upgraded":6,"win_rate":0.0,"timestamp":1612287481,"path_taken":["M","M","M","?","?","E","R","M","T","M","E","?","R","?","R","BOSS","M","$","?","?","M","E","R","?","T","M","E","?","R","M","R","BOSS","M"],"items_purchased_type":["Card","Relic","Potion"],"build_version":"2020-12-22","purchased_purges":1,"victory":false,"max_hp_per_floor":[80,80,80,80,85,85,85,85,85,85,85,85,85,85,85,85,85,85,85,59,29,29,29,29,34,34,34,34,34,34,34,34,34,34,34,34],"relic_stats":{"Happy Flower":[16],"counters":[16,75],"Golden Idol":107,"Eternal Feather":4,"PreservedInsect":87,"Art of War":[2],"Cursed Key":0,"Smiling Mask":0,"obtain_stats":[{"SlaversCollar":34,"Happy Flower":11,"Golden Idol":4,"Eternal Feather":23,"PreservedInsect":19,"Art of War":6,"Cursed Key":17,"Smiling Mask":28,"Burning Blood":0,"Toy Ornithopter":9},{"SlaversCollar":15,"Happy Flower":7,"Golden Idol":3,"Eternal Feather":11,"PreservedInsect":9,"Art of War":4,"Cursed Key":8,"Smiling Mask":13,"Burning Blood":0,"Toy Ornithopter":5},{"SlaversCollar":68,"Happy Flower":25,"Golden Idol":11,"Eternal Feather":45,"PreservedInsect":35,"Art of War":13,"Cursed Key":31,"Smiling Mask":55,"Burning Blood":0,"Toy Ornithopter":16}],"Burning Blood":65,"Toy Ornithopter":16},"card_choices":[{"not_picked":["Magnetism","Secret Weapon"],"picked":"Mayhem","floor":0},{"not_picked":["Burning Pact","Body Slam"],"picked":"Pommel Strike","floor":1},{"not_picked":["Clash","Sword Boomerang"],"picked":"Carnage","floor":2},{"not_picked":["Burning Pact","Pummel"],"picked":"Spot Weakness","floor":3},{"not_picked":["True Grit","Inflame"],"picked":"Shrug It Off","floor":6},{"not_picked":["Power Through","Second Wind"],"picked":"Anger","floor":8},{"not_picked":["Armaments","Rage"],"picked":"Shrug It Off","floor":10},{"not_picked":["Blood for Blood","Armaments"],"picked":"Twin Strike","floor":11},{"not_picked":["Feed","Bludgeon"],"picked":"Reaper","floor":16},{"not_picked":["Ghostly Armor","Second Wind+1"],"picked":"Combust+1","floor":18},{"not_picked":["Whirlwind","Pommel Strike"],"picked":"Warcry+1","floor":22},{"not_picked":["Uppercut","Flex","Sever Soul"],"picked":"SKIP","floor":23},{"not_picked":["Disarm","Warcry","Perfected Strike"],"picked":"SKIP","floor":27},{"not_picked":["Twin Strike","Immolate","Sword Boomerang"],"picked":"SKIP","floor":28},{"not_picked":["Body Slam+1","Clothesline","True Grit"],"picked":"SKIP","floor":31},{"not_picked":["Reaper","Immolate"],"picked":"Double Tap","floor":33}],"player_experience":395078,"relics_obtained":[{"floor":6,"key":"Art of War"},{"floor":9,"key":"Toy Ornithopter"},{"floor":11,"key":"Happy Flower"},{"floor":23,"key":"Eternal Feather"},{"floor":28,"key":"Smiling Mask"}],"event_choices":[{"damage_healed":0,"gold_gain":0,"player_choice":"Take Damage","damage_taken":20,"relics_obtained":["Golden Idol"],"max_hp_gain":0,"max_hp_loss":0,"event_name":"Golden Idol","floor":4,"gold_loss":0},{"damage_healed":0,"gold_gain":0,"player_choice":"Donut","damage_taken":0,"max_hp_gain":5,"max_hp_loss":0,"event_name":"Big Fish","floor":5,"gold_loss":0},{"damage_healed":0,"gold_gain":175,"player_choice":"AGREE","damage_taken":0,"max_hp_gain":0,"max_hp_loss":0,"event_name":"Liars Game","floor":12,"gold_loss":0,"cards_obtained":["Doubt"]},{"damage_healed":0,"gold_gain":75,"player_choice":"Gather Gold","damage_taken":11,"max_hp_gain":0,"max_hp_loss":0,"event_name":"World of Goop","floor":14,"gold_loss":0},{"damage_healed":0,"gold_gain":0,"player_choice":"Became a vampire","damage_taken":0,"max_hp_gain":0,"max_hp_loss":26,"event_name":"Vampires","floor":20,"gold_loss":0,"cards_obtained":["Bite","Bite","Bite","Bite","Bite"]},{"damage_healed":0,"gold_gain":0,"player_choice":"Became a Ghost","damage_taken":0,"max_hp_gain":0,"max_hp_loss":30,"event_name":"Ghosts","floor":21,"gold_loss":0,"cards_obtained":["Ghostly","Ghostly","Ghostly","Ghostly","Ghostly"]},{"damage_healed":0,"gold_gain":0,"player_choice":"Shed Blood","damage_taken":7,"max_hp_gain":5,"max_hp_loss":0,"event_name":"Forgotten Altar","floor":25,"gold_loss":0},{"cards_removed":["Anger"],"damage_healed":0,"gold_gain":0,"player_choice":"Upgrade and Remove","damage_taken":0,"max_hp_gain":0,"max_hp_loss":0,"event_name":"Designer","floor":29,"gold_loss":90,"cards_upgraded":["Defend_R"]}],"is_beta":false,"boss_relics":[{"not_picked":["Runic Cube","Astrolabe"],"picked":"Cursed Key"},{"not_picked":["Velvet Choker","Snecko Eye"],"picked":"SlaversCollar"}],"items_purged_floors":[19],"is_endless":false,"potions_floor_spawned":[2,6,10,16,22,27,31,33],"killed_by":"3 Shapes","ascension_level":9}}