{"host":"xgo7i0560n9mwvr8","time":1612292716,"event":{"mods":["BaseMod","Colored Map","Downfall","Minty Spire (QoL Compilation)","Permanent Neow","StSLib"],"gold_per_floor":[99,114,114,133,148,162,213,213,229,129,148,180,191,341,353,456,456,356,374,374,474,64,99,99,112,12,39,60,45,45,45,69,170,170,170,184,202,66,85,85,163,81,81,81,109,109,138,148,169,169,169,169,169,169],"floor_reached":52,"language":"ENG","playtime":9863,"items_purged":[],"score":826,"play_id":"986e31b1-4150-4ca0-96da-b8d501c7a535","local_time":"20210202140516","is_ascension_mode":false,"campfire_choices":[{"data":"hexamod:Float","floor":1.0,"key":"SMITH"},{"floor":8.0,"key":"RECALL"},{"data":"hexamod:GhostflameBarrier","floor":10.0,"key":"SMITH"},{"data":"hexamod:ForkedFlame","floor":18.0,"key":"SMITH"},{"data":"hexamod:VolcanoVisage","floor":26.0,"key":"SMITH"},{"data":"hexamod:RainOfEmbers","floor":30.0,"key":"SMITH"},{"data":"hexamod:HeatShield","floor":35.0,"key":"SMITH"},{"data":"hexamod:UnleashSpirits","floor":43.0,"key":"SMITH"}],"circlet_count":0,"master_deck":["hexamod:Sear","hexamod:Float+1","hexamod:SoulSteal+1","hexamod:ChargedBarrage","hexamod:GhostflameBarrier+1","hexamod:Hexaguard","hexamod:FastForward+1","hexamod:GhostShield","hexamod:FifthSeal","hexamod:SixthSeal","hexamod:DynamicBlow","hexamod:ForkedFlame+1","hexamod:ShieldOfDarkness","hexamod:RecurringNightmare+1","hexamod:Haunt+1","hexamod:GhostOfSpirePast","hexamod:WildfireWeapon+1","hexamod:TimeWarp","hexamod:SkipABeat+1","hexamod:NightmareStrike+1","hexamod:ThirdSeal","hexamod:SpectersWail+1","hexamod:SpectersWail+1","hexamod:FirstSeal","hexamod:SoulSteal","hexamod:Incineration","hexamod:RainOfEmbers+1","expansioncontent:YouAreMine+1","hexamod:HeatShield+1","hexamod:HeatShield+1","hexamod:SecondSeal","hexamod:VolcanoVisage+1","hexamod:FourthSeal","hexamod:ChargedBarrage+1","hexamod:GhostflameInferno","hexamod:HeatCrush+1","hexamod:PhantomFireball+1","hexamod:GhostLash+1","hexamod:GhostflameBarrier","hexamod:ExtraCrispy","hexamod:FirstSeal","hexamod:UnleashSpirits+1","hexamod:NightmareGuise+1","hexamod:GhostOfSpirePresent","hexamod:ChargedBarrage+1","hexamod:GhostLash+1","hexamod:SixthSeal","hexamod:BurningTouch+1"],"relics":["hexamod:SpiritBrand","Centennial Puzzle","downfall:HeartBlessingRed","War Paint","Pandora\u0027s Box","downfall:HeartBlessingGreen","Mango","Letter Opener","Lee\u0027s Waffle","Strawberry","downfall:HeartBlessingBlue","Orichalcum","Runic Pyramid","Chemical X","Eternal Feather","Darkstone Periapt","PreservedInsect"],"acts_visited":["Exordium","TheCity","TheBeyond","TheEnding"],"potions_floor_usage":[],"damage_taken":[{"damage":0.0,"enemies":"2 Louse","floor":2.0,"turns":3.0},{"damage":0.0,"enemies":"Jaw Worm","floor":4.0,"turns":3.0},{"damage":3.0,"enemies":"Small Slimes","floor":5.0,"turns":4.0},{"damage":9.0,"enemies":"Blue Slaver","floor":6.0,"turns":4.0},{"damage":4.0,"enemies":"Lots of Slimes","floor":9.0,"turns":4.0},{"damage":0.0,"enemies":"3 Louse","floor":11.0,"turns":3.0},{"damage":0.0,"enemies":"Lagavulin","floor":12.0,"turns":7.0},{"damage":0.0,"enemies":"Exordium Wildlife","floor":13.0,"turns":4.0},{"damage":6.0,"enemies":"2 Fungi Beasts","floor":15.0,"turns":3.0},{"damage":52.0,"enemies":"SI_SHIV_ARCHETYPE","floor":16.0,"turns":14.0},{"damage":7.0,"enemies":"Shell Parasite","floor":19.0,"turns":6.0},{"damage":29.0,"enemies":"IC_STATUS_ARCHETYPE","floor":21.0,"turns":9.0},{"damage":5.0,"enemies":"downfall:FleeingMerchant","floor":22.0,"turns":4.0},{"damage":9.0,"enemies":"Gremlin Leader","floor":23.0,"turns":5.0},{"damage":17.0,"enemies":"Shelled Parasite and Fungi","floor":25.0,"turns":5.0},{"damage":21.0,"enemies":"Book of Stabbing","floor":27.0,"turns":6.0},{"damage":0.0,"enemies":"Snecko","floor":28.0,"turns":6.0},{"damage":0.0,"enemies":"downfall:FleeingMerchant","floor":29.0,"turns":4.0},{"damage":16.0,"enemies":"Snake Plant","floor":32.0,"turns":3.0},{"damage":22.0,"enemies":"DF_ARCHETYPE_CLAW","floor":33.0,"turns":10.0},{"damage":9.0,"enemies":"3 Darklings","floor":36.0,"turns":3.0},{"damage":17.0,"enemies":"3 Shapes","floor":37.0,"turns":3.0},{"damage":0.0,"enemies":"downfall:FleeingMerchant","floor":38.0,"turns":3.0},{"damage":10.0,"enemies":"Maw","floor":39.0,"turns":6.0},{"damage":31.0,"enemies":"Jaw Worm Horde","floor":45.0,"turns":3.0},{"damage":4.0,"enemies":"Reptomancer","floor":47.0,"turns":6.0},{"damage":21.0,"enemies":"4 Shapes","floor":48.0,"turns":13.0},{"damage":25.0,"enemies":"Writhing Mass","floor":49.0,"turns":8.0},{"damage":20.0,"enemies":"WA_ARCHETYPE_DIVINITY","floor":50.0,"turns":10.0},{"damage":146,"enemies":"downfall:CharBossMerchant","floor":52,"turns":8}],"seed_played":"-670036321986975198","potions_obtained":[{"floor":2.0,"key":"Strength Potion"},{"floor":4.0,"key":"Energy Potion"},{"floor":5.0,"key":"Energy Potion"},{"floor":12.0,"key":"Dexterity Potion"},{"floor":16.0,"key":"Explosive Potion"},{"floor":25.0,"key":"sneckomod:MuddlingPotion"},{"floor":27.0,"key":"Dexterity Potion"},{"floor":28.0,"key":"FearPotion"},{"floor":32.0,"key":"Ancient Potion"},{"floor":32.0,"key":"PowerPotion"},{"floor":37.0,"key":"SkillPotion"},{"floor":37.0,"key":"Explosive Potion"},{"floor":39.0,"key":"SkillPotion"},{"floor":45.0,"key":"EntropicBrew"},{"floor":47.0,"key":"DuplicationPotion"},{"floor":48.0,"key":"Energy Potion"},{"floor":49.0,"key":"Ancient Potion"}],"is_trial":false,"path_per_floor":["R","M","?","M","M","M","T","R","M","R","M","E","M","?","M","B",null,"R","M","?","?","$","E","T","M","R","E","M","$","R","?","M","B",null,"R","M","M","$","M","?","T","$","R","$","M","?","E","M","M","B",null,"E"],"character_chosen":"THE_SPIRIT","items_purchased":["hexamod:RainOfEmbers","Lee\u0027s Waffle","expansioncontent:YouAreMine","hexamod:HeatShield","Chemical X","hexamod:GhostflameBarrier","Eternal Feather","hexamod:UnleashSpirits"],"campfire_rested":0,"item_purchase_floors":[22,22,22,22,38,38,38,42],"current_hp_per_floor":[77,77,77,77,74,65,65,65,61,61,61,61,61,61,55,3,77,77,70,70,55,98,103,103,93,103,89,89,89,89,81,72,50,115,115,106,89,89,86,86,86,86,110,110,86,86,89,82,71,51,115,0,0,0],"gold":169,"neow_bonus":"TEN_PERCENT_HP_BONUS","is_daily":false,"chose_seed":false,"campfire_upgraded":7,"win_rate":0.0,"timestamp":1612292716,"path_taken":["R","M","?","M","M","M","T","R","M","R","M","E","M","?","M","BOSS","R","M","?","?","$","E","T","M","R","E","M","$","R","?","M","BOSS","R","M","M","$","?","?","T","$","R","$","M","?","E","M","M","BOSS","E"],"items_purchased_type":["Card","Relic","Card","Card","Relic","Card","Relic","Card"],"build_version":"2020-12-22","purchased_purges":0,"victory":false,"max_hp_per_floor":[77,77,77,77,77,77,77,77,77,77,77,77,77,77,77,77,77,77,77,77,91,98,105,105,105,115,115,115,115,115,115,115,115,115,115,115,115,115,115,115,115,115,115,115,115,115,115,115,115,115,115,115,115,115],"card_choices":[{"not_picked":["hexamod:PhantomCloak","hexamod:GhostShield"],"picked":"hexamod:SoulSteal","floor":2.0},{"not_picked":["hexamod:GhostLash","hexamod:FastForward"],"picked":"hexamod:ChargedBarrage","floor":4.0},{"not_picked":["hexamod:HeatMetal","hexamod:EtherealExpedition"],"picked":"hexamod:GhostflameBarrier","floor":5.0},{"not_picked":["hexamod:HeatMetal","hexamod:InspiringFlames"],"picked":"hexamod:Hexaguard","floor":6.0},{"not_picked":["hexamod:AdvancingGuard","hexamod:RetreatToShadows"],"picked":"hexamod:FastForward","floor":9.0},{"not_picked":["hexamod:ThermalTransfer","hexamod:HauntingEcho","hexamod:HeatMetal"],"picked":"SKIP","floor":11.0},{"not_picked":["hexamod:AdvancingGuard","hexamod:ChargedBarrage"],"picked":"hexamod:GhostShield","floor":12.0},{"not_picked":["hexamod:HeatMetal","hexamod:SecondSeal"],"picked":"hexamod:FifthSeal","floor":13.0},{"not_picked":["hexamod:FirstSeal","hexamod:FourthSeal"],"picked":"hexamod:SixthSeal","floor":15.0},{"not_picked":["hexamod:ShieldOfDarkness","hexamod:InspiringFlames"],"picked":"hexamod:DynamicBlow","floor":15.0},{"not_picked":["hexamod:UnleashSpirits","hexamod:SixthSeal"],"picked":"hexamod:ForkedFlame","floor":16.0},{"not_picked":["hexamod:GhostLash","hexamod:HauntingEcho"],"picked":"hexamod:NightmareStrike+1","floor":19.0},{"not_picked":["hexamod:NightmareGuise","hexamod:InspiringFlames"],"picked":"hexamod:SpectersWail+1","floor":21.0},{"not_picked":["hexamod:FastForward","hexamod:SkipABeat"],"picked":"hexamod:SpectersWail+1","floor":21.0},{"not_picked":["hexamod:FourthSeal","hexamod:ThirdSeal"],"picked":"hexamod:FirstSeal","floor":22.0},{"not_picked":["hexamod:SpectersWail+1","hexamod:ShieldOfDarkness"],"picked":"hexamod:SoulSteal","floor":22.0},{"not_picked":["hexamod:GhostShield","hexamod:RecurringNightmare+1"],"picked":"hexamod:Incineration","floor":22.0},{"not_picked":["hexamod:GhostOfSpireFuture","hexamod:HeatMetal+1"],"picked":"hexamod:HeatShield","floor":23.0},{"not_picked":["hexamod:ThirdSeal","hexamod:FourthSeal"],"picked":"hexamod:SecondSeal","floor":25.0},{"not_picked":["hexamod:ThermalTransfer","hexamod:Hexaguard"],"picked":"hexamod:VolcanoVisage","floor":25.0},{"not_picked":["hexamod:BacktrackSmack","hexamod:Incineration","hexamod:Firestarter"],"picked":"SKIP","floor":27.0},{"not_picked":["hexamod:SecondSeal","hexamod:SixthSeal"],"picked":"hexamod:FourthSeal","floor":28.0},{"not_picked":["hexamod:HeatCrush","hexamod:GhostLash"],"picked":"hexamod:ChargedBarrage+1","floor":28.0},{"not_picked":["hexamod:FourthSeal","hexamod:ShieldOfDarkness","hexamod:ThirdSeal"],"picked":"SKIP","floor":28.0},{"not_picked":["hexamod:NightmareGuise","hexamod:SoulSteal","hexamod:RainOfEmbers"],"picked":"SKIP","floor":29.0},{"not_picked":["hexamod:BacktrackSmack","hexamod:Hexaguard","hexamod:BurningTouch"],"picked":"SKIP","floor":32.0},{"not_picked":["hexamod:TimeOfNeed","hexamod:UnlimitedPower"],"picked":"hexamod:GhostflameInferno","floor":33.0},{"not_picked":["hexamod:SwordOfDarkness+1","hexamod:GhostLash"],"picked":"hexamod:HeatCrush+1","floor":36.0},{"not_picked":["hexamod:AdvancingGuard","hexamod:StepThrough+1"],"picked":"hexamod:PhantomFireball+1","floor":37.0},{"not_picked":["hexamod:StepThrough","hexamod:FastForward+1"],"picked":"hexamod:GhostLash+1","floor":38.0},{"not_picked":["hexamod:SpectersWail","hexamod:HauntingEcho"],"picked":"hexamod:ExtraCrispy","floor":39.0},{"not_picked":["hexamod:SixthSeal","hexamod:FourthSeal"],"picked":"hexamod:FirstSeal","floor":39.0},{"not_picked":["hexamod:NightmareGuise","hexamod:RainOfEmbers","hexamod:NightmareStrike"],"picked":"SKIP","floor":39.0},{"not_picked":["hexamod:GhostLash+1","hexamod:HauntingEcho+1"],"picked":"hexamod:NightmareGuise+1","floor":45.0},{"not_picked":["hexamod:HauntingEcho+1","hexamod:NightmareStrike"],"picked":"hexamod:GhostOfSpirePresent","floor":47.0},{"not_picked":["hexamod:EmpoweredFlame","hexamod:ShieldOfDarkness"],"picked":"hexamod:ChargedBarrage+1","floor":48.0},{"not_picked":["hexamod:NightmareGuise+1","hexamod:GhostShield"],"picked":"hexamod:GhostLash+1","floor":48.0},{"not_picked":["hexamod:FourthSeal","hexamod:FirstSeal"],"picked":"hexamod:SixthSeal","floor":48.0},{"not_picked":["hexamod:GhostLash","hexamod:GhostOfSpireFuture+1"],"picked":"hexamod:BurningTouch+1","floor":49.0}],"player_experience":975599,"relics_obtained":[{"floor":7.0,"key":"Centennial Puzzle"},{"floor":12.0,"key":"War Paint"},{"floor":21.0,"key":"Mango"},{"floor":21.0,"key":"Letter Opener"},{"floor":23.0,"key":"Strawberry"},{"floor":27.0,"key":"Orichalcum"},{"floor":41.0,"key":"Darkstone Periapt"},{"floor":47.0,"key":"PreservedInsect"}],"event_choices":[{"damage_healed":0.0,"max_hp_gain":0.0,"max_hp_loss":0.0,"gold_gain":0.0,"event_name":"The Library","player_choice":"Read","floor":20.0,"gold_loss":0.0,"damage_taken":0.0,"cards_obtained":["hexamod:ThirdSeal"]},{"damage_healed":0.0,"max_hp_gain":0.0,"max_hp_loss":0.0,"gold_gain":0.0,"event_name":"Mysterious Sphere","player_choice":"Ignored","floor":40.0,"gold_loss":0.0,"damage_taken":0.0}],"is_beta":false,"boss_relics":[{"not_picked":["Tiny House","Philosopher\u0027s Stone"],"picked":"Pandora\u0027s Box"},{"not_picked":["Sozu","Coffee Dripper"],"picked":"Runic Pyramid"}],"items_purged_floors":[],"is_endless":false,"potions_floor_spawned":[2,4,5,12,16,25,27,28,32,37,47,48],"killed_by":"downfall:CharBossMerchant","ascension_level":0}}