{"host":"928gv66myv2vlnsd","time":1612307775,"event":{"mods":["BaseMod","Highlight Path","Minty Spire (QoL Compilation)","StSLib"],"gold_per_floor":[119,269,269,280,280,306,306,333,356,388,13,29,104,104,104,179,179,199,199,177,190,190,223,223,237,237,237,264,264,280,327,327,401,401,418,433,444,459,57,87,87,87,111,17,27,61,61,80,80,80,80,80,26,26,26],"floor_reached":54,"language":"ENG","playtime":1556,"items_purged":["Doubt"],"score":1640,"play_id":"0824a487-3fd2-4f61-bc6b-ea83bc0420f4","local_time":"20210202181615","is_ascension_mode":true,"campfire_choices":[{"data":"Deadly Poison","floor":7,"key":"SMITH"},{"floor":15,"key":"REST"},{"data":"Catalyst","floor":24,"key":"SMITH"},{"floor":27,"key":"REST"},{"data":"Burst","floor":32,"key":"SMITH"},{"data":"Bouncing Flask","floor":41,"key":"SMITH"},{"floor":49,"key":"RECALL"},{"data":"Deadly Poison","floor":52,"key":"SMITH"}],"circlet_count":0,"master_deck":["AscendersBane","Defend_G","Defend_G","Defend_G","Defend_G","Defend_G","Survivor","Neutralize","Bouncing Flask+1","Deadly Poison+1","Calculated Gamble","Calculated Gamble","Catalyst+1","Burst+1","Bite","Bite","Bite","Bite","Catalyst+1","Blur","Venomology","Deadly Poison+1","Well Laid Plans","Noxious Fumes","Calculated Gamble"],"relics":["Ring of the Snake","NeowsBlessing","Snake Skull","Ninja Scroll","Akabeko","Oddly Smooth Stone","Tough Bandages","TungstenRod","HoveringKite","StrikeDummy","Singing Bowl","InkBottle","Strawberry","Velvet Choker","PreservedInsect","OrangePellets","Smiling Mask","Paper Crane"],"acts_visited":["Exordium","TheCity","TheBeyond","TheEnding"],"potions_floor_usage":[16,16,16,25,35,38,38,50],"damage_taken":[{"damage":0,"enemies":"2 Louse","floor":1,"turns":1},{"damage":0,"enemies":"Small Slimes","floor":4,"turns":1},{"damage":0,"enemies":"Gremlin Nob","floor":6,"turns":1},{"damage":25,"enemies":"Lagavulin","floor":8,"turns":5},{"damage":21,"enemies":"3 Sentries","floor":10,"turns":9},{"damage":0,"enemies":"Cultist","floor":12,"turns":2},{"damage":6,"enemies":"Hexaghost","floor":16,"turns":9},{"damage":0,"enemies":"Spheric Guardian","floor":18,"turns":2},{"damage":3,"enemies":"2 Thieves","floor":20,"turns":4},{"damage":0,"enemies":"Snake Plant","floor":21,"turns":2},{"damage":29,"enemies":"Book of Stabbing","floor":23,"turns":4},{"damage":9,"enemies":"Sentry and Sphere","floor":25,"turns":4},{"damage":0,"enemies":"Gremlin Leader","floor":28,"turns":1},{"damage":0,"enemies":"Snecko","floor":30,"turns":3},{"damage":52,"enemies":"Champ","floor":33,"turns":7},{"damage":16,"enemies":"3 Darklings","floor":35,"turns":5},{"damage":0,"enemies":"Orb Walker","floor":36,"turns":2},{"damage":0,"enemies":"Transient","floor":37,"turns":4},{"damage":23,"enemies":"3 Darklings","floor":38,"turns":5},{"damage":2,"enemies":"Reptomancer","floor":40,"turns":2},{"damage":8,"enemies":"4 Shapes","floor":45,"turns":4},{"damage":0,"enemies":"Giant Head","floor":46,"turns":3},{"damage":0,"enemies":"Writhing Mass","floor":48,"turns":1},{"damage":18,"enemies":"Time Eater","floor":50,"turns":3},{"damage":73,"enemies":"Shield and Spear","floor":54,"turns":3}],"seed_played":"808468853937875020","potions_obtained":[{"floor":1,"key":"EssenceOfSteel"},{"floor":6,"key":"AttackPotion"},{"floor":8,"key":"EntropicBrew"},{"floor":18,"key":"SkillPotion"},{"floor":28,"key":"GhostInAJar"},{"floor":36,"key":"Poison Potion"},{"floor":38,"key":"SkillPotion"}],"is_trial":false,"path_per_floor":["M","?","?","M","?","E","R","E","T","E","$","M","?","?","R","B",null,"M","?","M","M","?","E","R","M","T","R","E","?","M","T","R","B",null,"M","M","M","M","$","E","R","?","T","$","M","E","?","M","R","B",null,"R","$","E"],"character_chosen":"THE_SILENT","items_purchased":["Catalyst","TungstenRod","Well Laid Plans","PreservedInsect","OrangePellets","Noxious Fumes","Poison Potion"],"campfire_rested":2,"item_purchase_floors":[11,11,39,39,39,44,53],"current_hp_per_floor":[59,59,54,54,59,59,59,34,34,13,13,13,3,3,24,18,58,58,58,55,55,49,24,24,19,19,33,35,35,39,46,46,4,46,34,40,48,39,39,39,39,39,39,39,41,43,43,45,45,29,61,61,61,0,0],"gold":26,"neow_bonus":"THREE_ENEMY_KILL","is_daily":false,"chose_seed":false,"campfire_upgraded":5,"win_rate":0.0,"timestamp":1612307775,"path_taken":["M","?","?","M","?","E","R","E","T","E","$","M","?","?","R","BOSS","M","?","M","?","?","E","R","M","T","R","E","?","M","?","R","BOSS","M","?","M","M","$","E","R","?","T","$","M","E","?","?","R","BOSS","R","$","E"],"items_purchased_type":["Card","Relic","Card","Relic","Relic","Card","Potion"],"build_version":"2020-12-22","purchased_purges":1,"victory":false,"max_hp_per_floor":[66,66,66,66,71,71,71,71,71,71,71,71,71,71,71,71,71,71,71,71,71,49,49,49,49,49,49,51,51,53,60,60,60,60,62,64,64,66,66,68,68,68,68,68,70,70,70,72,72,72,72,72,72,72,72],"card_choices":[{"not_picked":["Calculated Gamble","Crippling Poison"],"picked":"Bouncing Flask","floor":1},{"not_picked":["Infinite Blades","Blur"],"picked":"Deadly Poison","floor":4},{"not_picked":["Flying Knee","Dagger Spray"],"picked":"Calculated Gamble","floor":6},{"not_picked":["A Thousand Cuts","Reflex","Flechettes"],"picked":"SKIP","floor":8},{"not_picked":["Backstab","Bouncing Flask"],"picked":"Calculated Gamble","floor":10},{"not_picked":["Outmaneuver","Bane","Slice"],"picked":"SKIP","floor":12},{"not_picked":["Bullet Time","Phantasmal Killer"],"picked":"Burst","floor":16},{"not_picked":["Poisoned Stab","Predator","Blade Dance"],"picked":"SKIP","floor":18},{"not_picked":["Blade Dance","Quick Slash","Escape Plan"],"picked":"SKIP","floor":20},{"not_picked":["Flying Knee","Skewer"],"picked":"Deadly Poison","floor":21},{"not_picked":["Die Die Die","Deflect"],"picked":"Catalyst","floor":23},{"not_picked":["Blur","Bane+1","Sucker Punch"],"picked":"SKIP","floor":25},{"not_picked":["Bane+1","Sucker Punch"],"picked":"Blur","floor":25},{"not_picked":["PiercingWail","Riddle With Holes","Choke"],"picked":"Singing Bowl","floor":28},{"not_picked":["Sucker Punch+1","Deflect+1","Dagger Throw"],"picked":"Singing Bowl","floor":30},{"not_picked":["Envenom","Night Terror"],"picked":"Venomology","floor":33},{"not_picked":["Bane","Accuracy","Dodge and Roll"],"picked":"Singing Bowl","floor":35},{"not_picked":["Predator","Dagger Throw","Poisoned Stab+1"],"picked":"Singing Bowl","floor":36},{"not_picked":["Riddle With Holes","Prepared"],"picked":"Deadly Poison","floor":37},{"not_picked":["Prepared","Predator","Eviscerate"],"picked":"Singing Bowl","floor":38},{"not_picked":["Slice","Endless Agony","Flying Knee"],"picked":"Singing Bowl","floor":40},{"not_picked":["Sucker Punch","Crippling Poison+1","Distraction+1"],"picked":"Singing Bowl","floor":45},{"not_picked":["Outmaneuver","Finisher"],"picked":"Calculated Gamble","floor":46},{"not_picked":["Deflect","Leg Sweep","Outmaneuver+1"],"picked":"Singing Bowl","floor":48}],"player_experience":1422237,"relics_obtained":[{"floor":6,"key":"Ninja Scroll"},{"floor":8,"key":"Akabeko"},{"floor":9,"key":"Oddly Smooth Stone"},{"floor":10,"key":"Tough Bandages"},{"floor":23,"key":"StrikeDummy"},{"floor":26,"key":"Singing Bowl"},{"floor":28,"key":"InkBottle"},{"floor":31,"key":"Strawberry"},{"floor":40,"key":"Smiling Mask"},{"floor":46,"key":"Paper Crane"}],"event_choices":[{"damage_healed":0,"gold_gain":150,"player_choice":"AGREE","damage_taken":0,"max_hp_gain":0,"max_hp_loss":0,"event_name":"Liars Game","floor":2,"gold_loss":0,"cards_obtained":["Doubt"]},{"damage_healed":0,"gold_gain":0,"player_choice":"Success","damage_taken":5,"relics_obtained":["Snake Skull"],"max_hp_gain":0,"max_hp_loss":0,"event_name":"Scrap Ooze","floor":3,"gold_loss":0},{"damage_healed":0,"gold_gain":0,"player_choice":"Donut","damage_taken":0,"max_hp_gain":5,"max_hp_loss":0,"event_name":"Big Fish","floor":5,"gold_loss":0},{"damage_healed":0,"gold_gain":75,"player_choice":"Gather Gold","damage_taken":11,"max_hp_gain":0,"max_hp_loss":0,"event_name":"World of Goop","floor":13,"gold_loss":0},{"damage_healed":0,"gold_gain":0,"player_choice":"Ignored","damage_taken":0,"max_hp_gain":0,"max_hp_loss":0,"event_name":"Golden Wing","floor":14,"gold_loss":0},{"damage_healed":0,"gold_gain":0,"player_choice":"Forge","damage_taken":0,"max_hp_gain":0,"max_hp_loss":0,"event_name":"Accursed Blacksmith","floor":19,"gold_loss":0,"cards_upgraded":["Catalyst"]},{"damage_healed":0,"gold_gain":0,"player_choice":"Became a vampire","damage_taken":0,"max_hp_gain":0,"max_hp_loss":22,"event_name":"Vampires","floor":22,"gold_loss":0,"cards_obtained":["Bite","Bite","Bite","Bite","Bite"]},{"damage_healed":0,"gold_gain":0,"player_choice":"Ignored","damage_taken":0,"max_hp_gain":0,"max_hp_loss":0,"event_name":"Ghosts","floor":29,"gold_loss":0},{"cards_removed":["Bite"],"damage_healed":0,"gold_gain":0,"player_choice":"Removed Attack","damage_taken":0,"max_hp_gain":0,"max_hp_loss":0,"event_name":"Falling","floor":42,"gold_loss":0},{"cards_removed":["Deadly Poison"],"damage_healed":0,"gold_gain":0,"player_choice":"Purged","damage_taken":0,"max_hp_gain":0,"max_hp_loss":0,"event_name":"Purifier","floor":47,"gold_loss":0}],"is_beta":false,"boss_relics":[{"not_picked":["Ring of the Serpent","Busted Crown"],"picked":"HoveringKite"},{"not_picked":["Tiny House","Pandora\u0027s Box"],"picked":"Velvet Choker"}],"items_purged_floors":[44],"is_endless":false,"potions_floor_spawned":[1,6,8,12,18,23,28,30,36,37,38],"killed_by":"Shield and Spear","ascension_level":19}}