{"host":"g2yp6paluzgljz05","time":1612247578,"event":{"mods":["BaseMod","Bestiary","Colored Powertips","DeckTracker","Highlight Path","Minty Spire (QoL Compilation)","Quick Restart"],"gold_per_floor":[115,115,40,50,50,50,70,70,70,11,11,36,51,67,67,170,170,170,170,45,45,45,45,45,45,45,45,45,45,45,45,45,45,45,45,45,45,45,45,45,45],"floor_reached":40,"language":"ENG","playtime":1749,"items_purged":["Strike_R"],"score":566,"play_id":"8b5eb370-344a-4aa7-beee-8498f7ca0d2e","local_time":"20210202173258","is_ascension_mode":true,"campfire_choices":[{"data":"Armaments","floor":6,"key":"SMITH"},{"data":"Flame Barrier","floor":8,"key":"SMITH"},{"data":"Rupture","floor":11,"key":"SMITH"},{"floor":15,"key":"REST"},{"floor":23,"key":"REST"},{"floor":25,"key":"REST"},{"floor":27,"key":"REST"},{"floor":30,"key":"REST"},{"data":"Brutality","floor":32,"key":"SMITH"}],"circlet_count":0,"master_deck":["Strike_R","Strike_R+1","Strike_R","Defend_R","Defend_R","Defend_R","Defend_R","Armaments+1","Combust+1","Inflame","Flame Barrier+1","Rupture+1","Brutality+1","Heavy Blade","Fiend Fire","Combust+1","Combust+1","Reaper","Demon Form","Burning Pact+1"],"relics":["Burning Blood","Bag of Marbles","The Courier","Bottled Lightning","Ectoplasm","Red Mask","Orichalcum","Regal Pillow","Letter Opener","Runic Dome"],"acts_visited":["Exordium","TheCity","TheBeyond"],"potions_floor_usage":[16,19,28,29],"damage_taken":[{"damage":6,"enemies":"Cultist","floor":1,"turns":3},{"damage":11,"enemies":"Jaw Worm","floor":4,"turns":4},{"damage":4,"enemies":"2 Louse","floor":7,"turns":2},{"damage":9,"enemies":"Lagavulin","floor":12,"turns":7},{"damage":9,"enemies":"Blue Slaver","floor":13,"turns":4},{"damage":19,"enemies":"Looter","floor":14,"turns":3},{"damage":16,"enemies":"Hexaghost","floor":16,"turns":6},{"damage":10,"enemies":"Chosen","floor":18,"turns":3},{"damage":32,"enemies":"Masked Bandits","floor":19,"turns":3},{"damage":28,"enemies":"Spheric Guardian","floor":21,"turns":4},{"damage":11,"enemies":"Chosen and Byrds","floor":22,"turns":3},{"damage":15,"enemies":"Snake Plant","floor":24,"turns":3},{"damage":47,"enemies":"Slavers","floor":28,"turns":6},{"damage":37,"enemies":"Shelled Parasite and Fungi","floor":29,"turns":5},{"damage":48,"enemies":"Automaton","floor":33,"turns":6},{"damage":12,"enemies":"3 Shapes","floor":35,"turns":3},{"damage":12,"enemies":"Orb Walker","floor":39,"turns":3},{"damage":74,"enemies":"Reptomancer","floor":40,"turns":3}],"seed_played":"-8640880009360267163","potions_obtained":[{"floor":4,"key":"DuplicationPotion"},{"floor":7,"key":"ColorlessPotion"},{"floor":13,"key":"SkillPotion"},{"floor":16,"key":"SpeedPotion"},{"floor":19,"key":"Swift Potion"},{"floor":28,"key":"Block Potion"},{"floor":29,"key":"SpeedPotion"},{"floor":39,"key":"HeartOfIron"}],"is_trial":false,"path_per_floor":["M","?","$","M","?","R","M","R","T","$","R","E","M","M","R","B",null,"M","?","$","M","M","R","M","R","T","R","E","M","R","$","R","B",null,"M","$","?","?","M","E"],"character_chosen":"IRONCLAD","items_purchased":["Rupture","Orichalcum"],"campfire_rested":5,"item_purchase_floors":[10,20],"current_hp_per_floor":[72,72,72,67,51,51,53,53,53,53,53,50,47,34,58,48,72,68,42,42,20,15,39,30,54,54,80,39,8,47,47,47,37,69,63,63,63,63,64,0,0],"gold":45,"neow_bonus":"RANDOM_COMMON_RELIC","is_daily":false,"chose_seed":false,"campfire_upgraded":4,"win_rate":0.0,"timestamp":1612247578,"path_taken":["M","?","$","?","?","R","M","R","T","$","R","E","M","M","R","BOSS","M","?","$","M","M","R","M","R","T","R","E","M","R","$","R","BOSS","M","$","?","?","M","E"],"items_purchased_type":["Card","Relic"],"build_version":"2020-12-22","purchased_purges":1,"victory":false,"max_hp_per_floor":[80,80,80,80,80,80,80,80,80,80,80,80,80,80,80,80,80,80,80,80,80,80,80,80,80,80,80,80,80,80,80,80,80,80,80,80,80,80,80,80,80],"card_choices":[{"not_picked":["Twin Strike","Sword Boomerang"],"picked":"Armaments","floor":1},{"not_picked":["Cleave","Twin Strike"],"picked":"Inflame","floor":4},{"not_picked":["Body Slam","Havoc"],"picked":"Flame Barrier","floor":7},{"not_picked":["Clothesline","Feel No Pain"],"picked":"Brutality","floor":12},{"not_picked":["Thunderclap","Iron Wave","Perfected Strike"],"picked":"SKIP","floor":13},{"not_picked":["Carnage","Flame Barrier"],"picked":"Heavy Blade","floor":14},{"not_picked":["Demon Form","Feed"],"picked":"Fiend Fire","floor":16},{"not_picked":["Warcry","True Grit"],"picked":"Combust+1","floor":18},{"not_picked":["Wild Strike","Clothesline","Sword Boomerang+1"],"picked":"SKIP","floor":21},{"not_picked":["Inflame","Iron Wave","Sever Soul"],"picked":"SKIP","floor":22},{"not_picked":["Uppercut","Dark Embrace"],"picked":"Combust+1","floor":24},{"not_picked":["Sword Boomerang","Feed"],"picked":"Reaper","floor":28},{"not_picked":["Fire Breathing+1","Reckless Charge+1","Cleave+1"],"picked":"SKIP","floor":29},{"not_picked":["Limit Break","Barricade"],"picked":"Demon Form","floor":33},{"not_picked":["Sword Boomerang","Havoc","Spot Weakness"],"picked":"SKIP","floor":35},{"not_picked":["Sword Boomerang","Cleave"],"picked":"Burning Pact+1","floor":39}],"player_experience":301517,"relics_obtained":[{"floor":9,"key":"The Courier"},{"floor":12,"key":"Bottled Lightning"},{"floor":19,"key":"Red Mask"},{"floor":26,"key":"Regal Pillow"},{"floor":28,"key":"Letter Opener"}],"event_choices":[{"damage_healed":0,"gold_gain":0,"cards_transformed":["Strike_R"],"player_choice":"Transformed","damage_taken":0,"max_hp_gain":0,"max_hp_loss":0,"event_name":"Transmorgrifier","floor":2,"gold_loss":0,"cards_obtained":["Combust"]},{"damage_healed":0,"gold_gain":0,"player_choice":"Entered Light","damage_taken":16,"max_hp_gain":0,"max_hp_loss":0,"event_name":"Shining Light","floor":5,"gold_loss":0,"cards_upgraded":["Strike_R","Combust"]},{"damage_healed":0,"gold_gain":0,"player_choice":"Fought Bandits","damage_taken":0,"max_hp_gain":0,"max_hp_loss":0,"event_name":"Masked Bandits","floor":19,"gold_loss":0},{"damage_healed":0,"gold_gain":222,"player_choice":"Wore Mask","damage_taken":0,"max_hp_gain":0,"max_hp_loss":0,"event_name":"Tomb of Lord Red Mask","floor":37,"gold_loss":0},{"cards_removed":["Bash"],"damage_healed":0,"gold_gain":0,"player_choice":"Removed Attack","damage_taken":0,"max_hp_gain":0,"max_hp_loss":0,"event_name":"Falling","floor":38,"gold_loss":0}],"is_beta":false,"boss_relics":[{"not_picked":["SacredBark","Mark of Pain"],"picked":"Ectoplasm"},{"not_picked":["Fusion Hammer","Philosopher\u0027s Stone"],"picked":"Runic Dome"}],"items_purged_floors":[3],"is_endless":false,"potions_floor_spawned":[4,7,13,16,19,24,28,29,39],"killed_by":"Reptomancer","ascension_level":8}}