{"host":"jlk2k69f9c6o7b3e","time":1612250627,"event":{"mods":["AchievementEnabler","BaseMod","Minty Spire (QoL Compilation)","StSLib"],"gold_per_floor":[116,291,291,291,304,348,361,361,361,386,422,437,481,261,261,381,444,462,462,487,487,487,487,525,538,538,293,306,162,162,162,162,288,288,302,361,385,408,422,465,465,465,465,282,282,282],"floor_reached":45,"language":"ZHS","playtime":2401,"items_purged":["Doubt","Zap"],"score":659,"play_id":"cb349e12-82ca-4d16-a431-2efe68c643c2","local_time":"20210202152347","is_ascension_mode":true,"campfire_choices":[{"data":"Go for the Eyes","floor":8.0,"key":"SMITH"},{"data":"Hologram","floor":15.0,"key":"SMITH"},{"floor":32.0,"key":"RECALL"},{"data":"Dualcast","floor":42,"key":"PURGE"}],"circlet_count":0,"master_deck":["Defend_B","Defend_B","Defend_B+1","Defend_B","Go for the Eyes","Go for the Eyes","Steam+1","Go for the Eyes+1","Beam Cell","Hologram+1","Steam+1","Hyperbeam","Gash","FTL","Go for the Eyes+1","Sunder+1","Bite","Bite+1","Bite","Bite","Bite","Go for the Eyes","Beam Cell+1","Gash","Scrape+1","Hologram"],"relics":["Cracked Core","NeowsBlessing","Golden Idol","Shuriken","Pen Nib","Art of War","Turnip","Tiny Chest","Tiny House","Dream Catcher","Pantograph","Incense Burner","Ginger","Matryoshka","Bag of Marbles","HornCleat","Whetstone","Philosopher\u0027s Stone","Peace Pipe","Bronze Scales","War Paint","Molten Egg 2"],"acts_visited":["Exordium","TheCity","TheBeyond"],"potions_floor_usage":[37],"damage_taken":[{"damage":0.0,"enemies":"2 Louse","floor":1.0,"turns":1.0},{"damage":0.0,"enemies":"Cultist","floor":5.0,"turns":1.0},{"damage":0.0,"enemies":"Gremlin Nob","floor":6.0,"turns":1.0},{"damage":0.0,"enemies":"Small Slimes","floor":7.0,"turns":3.0},{"damage":0.0,"enemies":"3 Louse","floor":10.0,"turns":3.0},{"damage":13.0,"enemies":"Lagavulin","floor":11.0,"turns":6.0},{"damage":6.0,"enemies":"2 Fungi Beasts","floor":12.0,"turns":4.0},{"damage":2.0,"enemies":"Gremlin Nob","floor":13.0,"turns":3.0},{"damage":27.0,"enemies":"The Guardian","floor":16.0,"turns":10.0},{"damage":3.0,"enemies":"Chosen","floor":18.0,"turns":4.0},{"damage":12.0,"enemies":"2 Thieves","floor":20.0,"turns":3.0},{"damage":0.0,"enemies":"Gremlin Leader","floor":24.0,"turns":6.0},{"damage":16.0,"enemies":"Centurion and Healer","floor":25.0,"turns":6.0},{"damage":0.0,"enemies":"Chosen and Byrds","floor":28.0,"turns":3.0},{"damage":8.0,"enemies":"Champ","floor":33.0,"turns":7.0},{"damage":12.0,"enemies":"Orb Walker","floor":35.0,"turns":4.0},{"damage":19.0,"enemies":"2 Orb Walkers","floor":36.0,"turns":5.0},{"damage":13,"enemies":"3 Darklings","floor":37,"turns":5},{"damage":9,"enemies":"Jaw Worm Horde","floor":38,"turns":4},{"damage":6,"enemies":"Maw","floor":39,"turns":5},{"damage":1,"enemies":"Nemesis","floor":40,"turns":5},{"damage":56,"enemies":"4 Shapes","floor":45,"turns":3}],"seed_played":"2623227444950327805","potions_obtained":[{"floor":1.0,"key":"EntropicBrew"},{"floor":4.0,"key":"FocusPotion"},{"floor":4.0,"key":"Ancient Potion"},{"floor":7.0,"key":"EssenceOfDarkness"},{"floor":12.0,"key":"FearPotion"},{"floor":16.0,"key":"LiquidMemories"},{"floor":17.0,"key":"Energy Potion"},{"floor":25.0,"key":"Weak Potion"},{"floor":28.0,"key":"AttackPotion"},{"floor":33.0,"key":"BlessingOfTheForge"},{"floor":35.0,"key":"Weak Potion"},{"floor":40,"key":"Energy Potion"}],"is_trial":false,"path_per_floor":["M","?","?","?","M","E","M","R","T","M","E","M","E","$","R","B",null,"M","?","M","?","?","T","E","M","T","$","M","$","?","T","R","B",null,"M","?","M","M","M","E","?","R","T","$","M"],"character_chosen":"DEFECT","items_purchased":["Tiny Chest","Matryoshka","Bag of Marbles","Scrape+1","Hologram"],"campfire_rested":0,"item_purchase_floors":[14,27,29,44,44],"current_hp_per_floor":[75,75,57,57,57,57,57,57,57,57,44,38,36,36,36,9,80,77,77,65,50,50,50,50,34,34,34,34,34,34,34,34,57,59,50,42,39,39,42,50,50,50,50,50,0,0],"gold":282,"neow_bonus":"THREE_ENEMY_KILL","is_daily":false,"chose_seed":false,"campfire_upgraded":2,"win_rate":0.0,"timestamp":1612250627,"path_taken":["M","?","?","?","M","E","?","R","T","M","E","M","E","$","R","BOSS","M","?","M","?","?","?","E","M","T","?","?","$","?","?","R","BOSS","M","?","M","M","M","E","?","R","T","$","M"],"items_purchased_type":["Relic","Relic","Relic","Card","Card"],"build_version":"2020-12-22","purchased_purges":2,"victory":false,"max_hp_per_floor":[75,75,75,75,75,75,75,75,75,75,75,75,75,75,75,75,80,80,80,80,85,85,85,85,85,85,85,85,85,59,59,59,59,59,59,59,59,59,59,59,56,56,56,56,56,56],"card_choices":[{"not_picked":["Fusion","Reinforced Body"],"picked":"Go for the Eyes","floor":1.0},{"not_picked":["Coolheaded","Streamline"],"picked":"Go for the Eyes","floor":5.0},{"not_picked":["Cold Snap","Defragment"],"picked":"Steam","floor":6.0},{"not_picked":["Melter","Compile Driver"],"picked":"Go for the Eyes","floor":7.0},{"not_picked":["Defragment","Core Surge"],"picked":"Beam Cell","floor":10.0},{"not_picked":["Turbo","Cold Snap"],"picked":"Hologram","floor":11.0},{"not_picked":["Sweeping Beam","Streamline","Multi-Cast"],"picked":"SKIP","floor":12.0},{"not_picked":["Compile Driver","Chaos"],"picked":"Steam","floor":13.0},{"not_picked":["Rainbow","Echo Form"],"picked":"Hyperbeam","floor":16.0},{"not_picked":["Barrage","Go for the Eyes"],"picked":"Gash","floor":17.0},{"not_picked":["Ball Lightning+1","Recycle","Sweeping Beam"],"picked":"SKIP","floor":18.0},{"not_picked":["Cold Snap","Storm+1"],"picked":"FTL","floor":20.0},{"not_picked":["Redo+1","Recycle"],"picked":"Go for the Eyes","floor":24.0},{"not_picked":["Fusion+1","Chaos","Compile Driver"],"picked":"SKIP","floor":25.0},{"not_picked":["Reinforced Body+1","Hyperbeam"],"picked":"Sunder+1","floor":28.0},{"not_picked":["Streamline","Reinforced Body","Cold Snap+1"],"picked":"SKIP","floor":35.0},{"not_picked":["Rip and Tear+1","Compile Driver+1"],"picked":"Go for the Eyes","floor":36.0},{"not_picked":["Ball Lightning","Barrage+1"],"picked":"Beam Cell+1","floor":37},{"not_picked":["Rebound","Redo","Streamline"],"picked":"SKIP","floor":38},{"not_picked":["Steam Power+1","Cold Snap+1"],"picked":"Gash","floor":39},{"not_picked":["Glacier","Turbo+1","Sweeping Beam+1"],"picked":"SKIP","floor":40}],"player_experience":313415,"relics_obtained":[{"floor":6.0,"key":"Shuriken"},{"floor":9.0,"key":"Pen Nib"},{"floor":11.0,"key":"Art of War"},{"floor":13.0,"key":"Turnip"},{"floor":23.0,"key":"Pantograph"},{"floor":24.0,"key":"Incense Burner"},{"floor":26.0,"key":"Ginger"},{"floor":31.0,"key":"HornCleat"},{"floor":31.0,"key":"Whetstone"},{"floor":36.0,"key":"Peace Pipe"},{"floor":40,"key":"Bronze Scales"},{"floor":43,"key":"War Paint"},{"floor":43,"key":"Molten Egg 2"}],"event_choices":[{"damage_healed":0.0,"max_hp_gain":0.0,"max_hp_loss":0.0,"gold_gain":175.0,"event_name":"Liars Game","player_choice":"AGREE","floor":2.0,"gold_loss":0.0,"damage_taken":0.0,"cards_obtained":["Doubt"]},{"damage_healed":0.0,"max_hp_gain":0.0,"max_hp_loss":0.0,"gold_gain":0.0,"event_name":"Golden Idol","player_choice":"Take Damage","floor":3.0,"gold_loss":0.0,"damage_taken":18.0,"relics_obtained":["Golden Idol"]},{"damage_healed":0.0,"max_hp_gain":0.0,"max_hp_loss":0.0,"gold_gain":0.0,"event_name":"Lab","player_choice":"Got Potions","floor":4.0,"gold_loss":0.0,"damage_taken":0.0},{"cards_removed":["Strike_B"],"damage_healed":0.0,"max_hp_gain":0.0,"max_hp_loss":0.0,"gold_gain":0.0,"event_name":"Back to Basics","player_choice":"Elegance","floor":19.0,"gold_loss":0.0,"damage_taken":0.0},{"damage_healed":0.0,"max_hp_gain":5.0,"max_hp_loss":0.0,"gold_gain":0.0,"event_name":"Forgotten Altar","player_choice":"Shed Blood","floor":21.0,"gold_loss":0.0,"damage_taken":20.0},{"damage_healed":0.0,"max_hp_gain":0.0,"max_hp_loss":0.0,"gold_gain":0.0,"event_name":"The Mausoleum","player_choice":"Opened","floor":22.0,"gold_loss":0.0,"damage_taken":0.0,"relics_obtained":["Dream Catcher"]},{"damage_healed":0.0,"max_hp_gain":0.0,"max_hp_loss":26.0,"gold_gain":0.0,"event_name":"Vampires","player_choice":"Became a vampire","floor":30.0,"gold_loss":0.0,"damage_taken":0.0,"cards_obtained":["Bite","Bite","Bite","Bite","Bite"]},{"damage_healed":0.0,"max_hp_gain":0.0,"max_hp_loss":0.0,"gold_gain":0.0,"event_name":"Mysterious Sphere","player_choice":"Fight","floor":36.0,"gold_loss":0.0,"damage_taken":0.0},{"damage_healed":0,"gold_gain":0,"player_choice":"Max HP","damage_taken":0,"max_hp_gain":0,"max_hp_loss":3,"event_name":"Winding Halls","floor":41,"gold_loss":0}],"is_beta":false,"boss_relics":[{"not_picked":["Snecko Eye","Velvet Choker"],"picked":"Tiny House"},{"not_picked":["Sozu","Pandora\u0027s Box"],"picked":"Philosopher\u0027s Stone"}],"items_purged_floors":[14,44],"is_endless":false,"potions_floor_spawned":[1,7,12,16,25,28,33,35,40],"killed_by":"4 Shapes","ascension_level":2}}