{"host":"vyjryxuuuxkt43k4","time":1612253900,"event":{"mods":["AchievementEnabler","BaseMod","Colored Map","DeckTracker","Keyboard Shortcuts","Minty Spire (QoL Compilation)","Permanent Neow","Quick Restart","Rare Cards Sparkle","Relic Stats","StSLib","SuperFastMode","everything is the same but u backflip on backflip"],"gold_per_floor":[115,115,40,54,67,67,27,27,27,77,111,111,123,135,135,212,212,229,249,249,174,174,174,174,214,267,291,291,291,291,308,308,308,308],"floor_reached":33,"language":"KOR","playtime":2591,"items_purged":["Strike_G"],"score":473,"play_id":"bbf13d82-a40c-47a8-b580-c8bd42d797a3","local_time":"20210202171820","is_ascension_mode":true,"campfire_choices":[{"data":"Neutralize","floor":6.0,"key":"SMITH"},{"data":"Noxious Fumes","floor":8.0,"key":"SMITH"},{"data":"Prepared","floor":12.0,"key":"SMITH"},{"data":"Dodge and Roll","floor":15.0,"key":"SMITH"},{"data":"Tactician","floor":23.0,"key":"SMITH"},{"data":"Well Laid Plans","floor":24.0,"key":"SMITH"},{"data":"After Image","floor":28,"key":"SMITH"},{"data":"Footwork","floor":30,"key":"SMITH"},{"floor":32,"key":"REST"}],"circlet_count":0,"master_deck":["AscendersBane","Strike_G","Strike_G","Strike_G","Defend_G","Defend_G","Defend_G","Defend_G","Defend_G","Survivor","Neutralize+1","Blade Dance","Dagger Spray","Well Laid Plans+1","Noxious Fumes+1","Prepared+1","Blade Dance","Dodge and Roll+1","After Image+1","Cloak And Dagger","Underhanded Strike+1","Tactician+1","Venomology","Footwork+1"],"relics":["Ring of the Snake","Bird Faced Urn","Blood Vial","WingedGreaves","Snake Skull","Sozu","Nilry\u0027s Codex","CeramicFish","Nunchaku","Strawberry"],"acts_visited":["Exordium","TheCity"],"potions_floor_usage":[],"damage_taken":[{"damage":1.0,"enemies":"Jaw Worm","floor":1.0,"turns":7.0},{"damage":0.0,"enemies":"2 Louse","floor":4.0,"turns":2.0},{"damage":0.0,"enemies":"Cultist","floor":5.0,"turns":4.0},{"damage":11.0,"enemies":"Lagavulin","floor":11.0,"turns":7.0},{"damage":0.0,"enemies":"2 Fungi Beasts","floor":13.0,"turns":4.0},{"damage":4.0,"enemies":"Large Slime","floor":14.0,"turns":5.0},{"damage":36.0,"enemies":"The Guardian","floor":16.0,"turns":12.0},{"damage":14.0,"enemies":"Spheric Guardian","floor":18.0,"turns":6.0},{"damage":0.0,"enemies":"Shell Parasite","floor":19.0,"turns":6.0},{"damage":33.0,"enemies":"Gremlin Leader","floor":25.0,"turns":7.0},{"damage":11,"enemies":"Cultist and Chosen","floor":27,"turns":7},{"damage":16,"enemies":"Centurion and Healer","floor":31,"turns":6},{"damage":58,"enemies":"Collector","floor":33,"turns":7}],"seed_played":"152509268950737146","potions_obtained":[{"floor":11.0,"key":"CunningPotion"},{"floor":13.0,"key":"Fruit Juice"},{"floor":16.0,"key":"SkillPotion"}],"is_trial":false,"path_per_floor":["M","?","$","M","M","R","$","R","T","?","E","R","M","M","R","B",null,"M","M","?","?","?","R","R","E","T","M","R","T","R","M","R","B"],"character_chosen":"THE_SILENT","items_purchased":["Noxious Fumes"],"campfire_rested":1,"item_purchase_floors":[7],"current_hp_per_floor":[58,32,32,34,36,36,36,36,36,36,31,31,42,44,44,14,52,46,54,33,33,33,33,33,8,8,7,7,14,14,8,29,0,0],"gold":308,"neow_bonus":"ONE_RARE_RELIC","is_daily":false,"chose_seed":false,"campfire_upgraded":8,"win_rate":0.0,"timestamp":1612253900,"path_taken":["M","?","$","M","M","R","$","R","T","?","E","R","M","?","R","BOSS","M","M","?","?","?","R","R","E","T","M","R","?","R","M","R","BOSS"],"items_purchased_type":["Card"],"build_version":"2020-12-22","purchased_purges":1,"victory":false,"max_hp_per_floor":[60,60,60,60,60,60,60,60,60,60,60,60,65,65,65,65,65,65,65,65,65,65,65,65,65,65,65,65,72,72,72,72,72,72],"relic_stats":{"Blood Vial":24,"Sozu":3,"Nunchaku":[6],"counters":[13,80],"Bird Faced Urn":[60],"CeramicFish":18,"Snake Skull":[63],"obtain_stats":[{"Blood Vial":2,"Sozu":17,"Nunchaku":26,"Nilry\u0027s Codex":20,"Bird Faced Urn":0,"CeramicFish":25,"Strawberry":29,"WingedGreaves":9,"Snake Skull":11,"Ring of the Snake":0},{"Blood Vial":1,"Sozu":7,"Nunchaku":10,"Nilry\u0027s Codex":9,"Bird Faced Urn":0,"CeramicFish":10,"Strawberry":11,"WingedGreaves":3,"Snake Skull":4,"Ring of the Snake":0},{"Blood Vial":7,"Sozu":41,"Nunchaku":60,"Nilry\u0027s Codex":53,"Bird Faced Urn":0,"CeramicFish":60,"Strawberry":67,"WingedGreaves":13,"Snake Skull":20,"Ring of the Snake":0}],"Ring of the Snake":[26]},"card_choices":[{"not_picked":["Slice","Underhanded Strike"],"picked":"Blade Dance","floor":1.0},{"not_picked":["Bane","PiercingWail"],"picked":"Dagger Spray","floor":4.0},{"not_picked":["Poisoned Stab","Blade Dance"],"picked":"Well Laid Plans","floor":5.0},{"not_picked":["Poisoned Stab","Flying Knee"],"picked":"Prepared","floor":11.0},{"not_picked":["Expertise","Distraction"],"picked":"Blade Dance","floor":13.0},{"not_picked":["Bullet Time","Expertise"],"picked":"Dodge and Roll","floor":14.0},{"not_picked":["Doppelganger","A Thousand Cuts"],"picked":"After Image","floor":16.0},{"not_picked":["PiercingWail","Sucker Punch"],"picked":"Cloak And Dagger","floor":18.0},{"not_picked":["Bane","Expertise"],"picked":"Underhanded Strike+1","floor":19.0},{"not_picked":["Sucker Punch","Distraction"],"picked":"Venomology","floor":25.0},{"not_picked":["Sucker Punch","Deadly Poison"],"picked":"Footwork","floor":27},{"not_picked":["Slice","Dodge and Roll","Blade Dance"],"picked":"SKIP","floor":31}],"player_experience":614311,"relics_obtained":[{"floor":9.0,"key":"WingedGreaves"},{"floor":11.0,"key":"Snake Skull"},{"floor":20.0,"key":"Nilry\u0027s Codex"},{"floor":25.0,"key":"CeramicFish"},{"floor":26.0,"key":"Nunchaku"},{"floor":29,"key":"Strawberry"}],"event_choices":[{"damage_healed":0.0,"max_hp_gain":0.0,"max_hp_loss":0.0,"gold_gain":0.0,"event_name":"Scrap Ooze","player_choice":"Success","floor":2.0,"gold_loss":0.0,"damage_taken":26.0,"relics_obtained":["Blood Vial"]},{"damage_healed":0.0,"max_hp_gain":0.0,"max_hp_loss":0.0,"gold_gain":50.0,"event_name":"Golden Shrine","player_choice":"Pray","floor":10.0,"gold_loss":0.0,"damage_taken":0.0},{"damage_healed":0.0,"max_hp_gain":0.0,"max_hp_loss":0.0,"gold_gain":0.0,"event_name":"Cursed Tome","player_choice":"Obtained Book","floor":20.0,"gold_loss":0.0,"damage_taken":21.0},{"cards_removed":["Strike_G"],"damage_healed":0.0,"max_hp_gain":0.0,"max_hp_loss":0.0,"gold_gain":0.0,"event_name":"Beggar","player_choice":"Gave Gold","floor":21.0,"gold_loss":75.0,"damage_taken":0.0},{"damage_healed":0.0,"max_hp_gain":0.0,"max_hp_loss":0.0,"gold_gain":0.0,"event_name":"The Library","player_choice":"Read","floor":22.0,"gold_loss":0.0,"damage_taken":0.0,"cards_obtained":["Tactician"]}],"is_beta":false,"boss_relics":[{"not_picked":["Philosopher\u0027s Stone","Busted Crown"],"picked":"Sozu"}],"items_purged_floors":[3],"is_endless":false,"potions_floor_spawned":[11,13,16,19,27,31],"killed_by":"Collector","ascension_level":16}}