{"host":"og6lam4kt3nibbw0","time":1612288075,"event":{"mods":["AchievementEnabler","BaseMod","Colored Map","DeckTracker","Highlight Path","Keyboard Shortcuts","Minty Spire (QoL Compilation)","Permanent Neow","Quick Restart","StSLib","SuperFastMode"],"gold_per_floor":[369,369,369,369,385,385,417,417,417,417,417,438,462,540,540,630,630,649,75,90,90,47,86,86,129,155,199,199,223,38,63,63,159,159,179,179,179,179,90,90,104,138,165,178,201,222,222,222],"floor_reached":47,"language":"KOR","playtime":1650,"items_purged":["Strike_R","Perfected Strike"],"score":1097,"play_id":"e140db14-92c2-4679-bfe9-e2dd8b16795e","local_time":"20210203024755","is_ascension_mode":true,"campfire_choices":[{"floor":6.0,"key":"REST"},{"data":"Perfected Strike","floor":8.0,"key":"SMITH"},{"data":"Inflame","floor":15.0,"key":"SMITH"},{"floor":24.0,"key":"REST"},{"data":"Barricade","floor":28.0,"key":"SMITH"},{"data":"Armaments","floor":32.0,"key":"SMITH"},{"data":"Madness","floor":40.0,"key":"SMITH"}],"circlet_count":0,"master_deck":["AscendersBane","Strike_R","Strike_R","Strike_R","Strike_R","Defend_R","Defend_R","Defend_R+1","Defend_R+1","Bash","Perfected Strike+1","Wild Strike","Inflame+1","Barricade+1","CurseOfTheBell","Whirlwind","Wild Strike","Flame Barrier","Spot Weakness","Armaments+1","Impervious","Battle Trance","Exhume","Madness+1","Madness","Fire Breathing","Parasite"],"relics":["Burning Blood","PreservedInsect","Mercury Hourglass","Eternal Feather","Golden Idol","Calling Bell","Dream Catcher","HornCleat","Unceasing Top","Chemical X","Strawberry","Akabeko","Letter Opener","Regal Pillow","Pen Nib","Oddly Smooth Stone","Busted Crown","Red Skull"],"acts_visited":["Exordium","TheCity","TheBeyond"],"potions_floor_usage":[47,47],"damage_taken":[{"damage":5.0,"enemies":"Small Slimes","floor":1.0,"turns":4.0},{"damage":2.0,"enemies":"Jaw Worm","floor":5.0,"turns":4.0},{"damage":17.0,"enemies":"3 Sentries","floor":7.0,"turns":6.0},{"damage":0.0,"enemies":"Cultist","floor":12.0,"turns":2.0},{"damage":6.0,"enemies":"Exordium Wildlife","floor":13.0,"turns":3.0},{"damage":4.0,"enemies":"Slime Boss","floor":16.0,"turns":8.0},{"damage":41.0,"enemies":"3 Byrds","floor":18.0,"turns":5.0},{"damage":0.0,"enemies":"Chosen","floor":20.0,"turns":3.0},{"damage":40.0,"enemies":"Book of Stabbing","floor":23.0,"turns":4.0},{"damage":23.0,"enemies":"Slavers","floor":25.0,"turns":4.0},{"damage":11.0,"enemies":"Gremlin Leader","floor":27.0,"turns":4.0},{"damage":5.0,"enemies":"Centurion and Healer","floor":29.0,"turns":5.0},{"damage":12.0,"enemies":"Shelled Parasite and Fungi","floor":31.0,"turns":3.0},{"damage":48.0,"enemies":"Automaton","floor":33.0,"turns":10.0},{"damage":9.0,"enemies":"3 Shapes","floor":35.0,"turns":7.0},{"damage":0.0,"enemies":"Orb Walker","floor":41.0,"turns":3.0},{"damage":16.0,"enemies":"Nemesis","floor":42.0,"turns":5.0},{"damage":9.0,"enemies":"Sphere and 2 Shapes","floor":44.0,"turns":6.0},{"damage":4.0,"enemies":"Writhing Mass","floor":45.0,"turns":7.0},{"damage":32.0,"enemies":"Jaw Worm Horde","floor":46.0,"turns":4.0},{"damage":46,"enemies":"Giant Head","floor":47,"turns":7}],"seed_played":"7985705674053301631","potions_obtained":[{"floor":7.0,"key":"Block Potion"},{"floor":12.0,"key":"LiquidBronze"},{"floor":13.0,"key":"FearPotion"},{"floor":20.0,"key":"Block Potion"},{"floor":27.0,"key":"Block Potion"},{"floor":29.0,"key":"ElixirPotion"},{"floor":41.0,"key":"GamblersBrew"},{"floor":44.0,"key":"PowerPotion"}],"is_trial":false,"path_per_floor":["M","$","?","?","M","R","E","R","T","?","?","M","M","?","R","B",null,"M","$","M","?","$","E","R","E","T","E","R","M","$","M","R","B",null,"M","?","?","?","$","R","M","E","T","M","M","M","E"],"character_chosen":"IRONCLAD","items_purchased":["Wild Strike","Chemical X","Strawberry","Fruit Juice","Spot Weakness","Battle Trance","Fire Breathing"],"campfire_rested":2,"item_purchase_floors":[19,19,19,19,22,30,39],"current_hp_per_floor":[51,51,28,10,14,36,25,25,25,25,30,36,36,36,45,47,67,32,44,50,50,50,16,53,36,36,31,43,44,44,38,50,8,66,63,48,48,48,48,63,69,59,59,56,58,32,0,0],"gold":222,"neow_bonus":"TWO_FIFTY_GOLD","is_daily":false,"chose_seed":false,"campfire_upgraded":5,"win_rate":0.0,"timestamp":1612288075,"path_taken":["M","$","?","?","M","R","E","R","T","?","?","M","M","?","R","BOSS","M","$","M","?","?","E","R","E","T","E","R","?","$","M","R","BOSS","M","?","?","?","?","R","M","E","T","M","M","M","E"],"items_purchased_type":["Card","Relic","Relic","Potion","Card","Card","Card"],"build_version":"2020-12-22","purchased_purges":2,"victory":false,"max_hp_per_floor":[75,75,75,75,75,75,75,75,75,68,73,73,73,73,73,73,73,73,85,85,85,85,85,85,85,85,85,85,85,85,85,85,85,85,85,85,85,85,85,85,85,85,85,85,85,85,85,85],"card_choices":[{"not_picked":["Intimidate","Anger"],"picked":"Perfected Strike","floor":1.0},{"not_picked":["Sword Boomerang","Headbutt"],"picked":"Wild Strike","floor":5.0},{"not_picked":["Feel No Pain","Flex"],"picked":"Inflame","floor":7.0},{"not_picked":["Clothesline","Exhume"],"picked":"Perfected Strike","floor":12.0},{"not_picked":["Havoc","Dark Embrace","Carnage"],"picked":"SKIP","floor":13.0},{"not_picked":["Juggernaut","Demon Form"],"picked":"Barricade","floor":16.0},{"not_picked":["Sword Boomerang","Seeing Red"],"picked":"Whirlwind","floor":18.0},{"not_picked":["True Grit","Cleave"],"picked":"Flame Barrier","floor":20.0},{"not_picked":["Headbutt","Immolate","Iron Wave"],"picked":"SKIP","floor":23.0},{"not_picked":["Spot Weakness","Cleave"],"picked":"Armaments","floor":25.0},{"not_picked":["Metallicize","Clash"],"picked":"Impervious","floor":27.0},{"not_picked":["Thunderclap","Disarm","Cleave"],"picked":"SKIP","floor":29.0},{"not_picked":["Armaments","Wild Strike+1","Pummel"],"picked":"SKIP","floor":31.0},{"not_picked":["Offering","Berserk"],"picked":"Exhume","floor":33.0},{"not_picked":["Wild Strike"],"picked":"SKIP","floor":35.0},{"not_picked":["Headbutt+1"],"picked":"SKIP","floor":41.0},{"not_picked":["Searing Blow"],"picked":"SKIP","floor":42.0},{"not_picked":["Headbutt+1"],"picked":"SKIP","floor":44.0},{"not_picked":["Hemokinesis"],"picked":"SKIP","floor":45.0},{"not_picked":["Anger"],"picked":"SKIP","floor":46.0}],"player_experience":976390,"relics_obtained":[{"floor":7.0,"key":"Mercury Hourglass"},{"floor":9.0,"key":"Eternal Feather"},{"floor":17.0,"key":"Dream Catcher"},{"floor":17.0,"key":"HornCleat"},{"floor":17.0,"key":"Unceasing Top"},{"floor":21.0,"key":"Akabeko"},{"floor":23.0,"key":"Letter Opener"},{"floor":25.0,"key":"Regal Pillow"},{"floor":26.0,"key":"Pen Nib"},{"floor":27.0,"key":"Oddly Smooth Stone"},{"floor":42.0,"key":"Red Skull"}],"event_choices":[{"damage_healed":0.0,"max_hp_gain":0.0,"max_hp_loss":0.0,"gold_gain":0.0,"event_name":"Shining Light","player_choice":"Entered Light","floor":3.0,"gold_loss":0.0,"damage_taken":23.0,"cards_upgraded":["Defend_R","Defend_R"]},{"damage_healed":0.0,"max_hp_gain":0.0,"max_hp_loss":0.0,"gold_gain":0.0,"event_name":"Scrap Ooze","player_choice":"Success","floor":4.0,"gold_loss":0.0,"damage_taken":18.0,"relics_obtained":["PreservedInsect"]},{"damage_healed":0.0,"max_hp_gain":0.0,"max_hp_loss":7.0,"gold_gain":0.0,"event_name":"Golden Idol","player_choice":"Lose Max HP","floor":10.0,"gold_loss":0.0,"damage_taken":0.0,"relics_obtained":["Golden Idol"]},{"damage_healed":0.0,"max_hp_gain":5.0,"max_hp_loss":0.0,"gold_gain":0.0,"event_name":"Big Fish","player_choice":"Donut","floor":11.0,"gold_loss":0.0,"damage_taken":0.0},{"damage_healed":0.0,"max_hp_gain":0.0,"max_hp_loss":0.0,"gold_gain":78.0,"event_name":"Golden Wing","player_choice":"Gained Gold","floor":14.0,"gold_loss":0.0,"damage_taken":0.0},{"damage_healed":0.0,"max_hp_gain":0.0,"max_hp_loss":0.0,"gold_gain":0.0,"event_name":"Wheel of Change","player_choice":"Relic","floor":21.0,"gold_loss":0.0,"damage_taken":0.0},{"damage_healed":0.0,"max_hp_gain":0.0,"max_hp_loss":0.0,"gold_gain":0.0,"event_name":"Winding Halls","player_choice":"Embrace Madness","floor":36.0,"gold_loss":0.0,"damage_taken":15.0,"cards_obtained":["Madness","Madness"]},{"damage_healed":0.0,"max_hp_gain":0.0,"max_hp_loss":0.0,"gold_gain":0.0,"event_name":"Mysterious Sphere","player_choice":"Ignored","floor":37.0,"gold_loss":0.0,"damage_taken":0.0},{"damage_healed":0.0,"max_hp_gain":0.0,"max_hp_loss":0.0,"gold_gain":0.0,"event_name":"Tomb of Lord Red Mask","player_choice":"Ignored","floor":38.0,"gold_loss":0.0,"damage_taken":0.0}],"is_beta":false,"boss_relics":[{"not_picked":["Velvet Choker","Runic Dome"],"picked":"Calling Bell"},{"not_picked":["Snecko Eye","Coffee Dripper"],"picked":"Busted Crown"}],"items_purged_floors":[19,30],"is_endless":false,"potions_floor_spawned":[7,12,13,20,27,29,41,44],"killed_by":"Giant Head","ascension_level":20}}