{"host":"ih7ofq2zpufcoifs","time":1612293947,"event":{"mods":["BaseMod","Colored Map","Minty Spire (QoL Compilation)"],"gold_per_floor":[210,225,237,250,50,50,78,88,88,88,108,108,108,139,139,230,230,255,255,273,273,11,11,25,25,25,51,51,411,444,476,488,578,590,614,626,648,22,22,57,57,89,112,112,145,160,160,160,160,160,160,160,160,3,37,37],"floor_reached":57,"language":"ENG","playtime":5754,"items_purged":["Strike_G","Strike_G","Strike_G"],"score":3047,"play_id":"15de5a50-4eb8-4767-8892-40b62694bb02","local_time":"20210203052547","is_ascension_mode":true,"campfire_choices":[{"data":"Neutralize","floor":6.0,"key":"SMITH"},{"data":"Footwork","floor":10.0,"key":"SMITH"},{"data":"Burst","floor":13.0,"key":"SMITH"},{"data":"Well Laid Plans","floor":15.0,"key":"SMITH"},{"data":"Footwork","floor":23.0,"key":"SMITH"},{"data":"Corpse Explosion","floor":25.0,"key":"SMITH"},{"data":"Outmaneuver","floor":28.0,"key":"SMITH"},{"data":"Catalyst","floor":32.0,"key":"SMITH"},{"floor":41.0,"key":"RECALL"},{"floor":44.0,"key":"REST"},{"floor":47.0,"key":"REST"},{"floor":49.0,"key":"REST"},{"floor":53.0,"key":"REST"}],"circlet_count":0,"master_deck":["AscendersBane","Strike_G","Defend_G","Defend_G","Defend_G","Defend_G","Defend_G","Survivor","Neutralize+1","Blade Dance","Acrobatics","Footwork+1","Endless Agony","Predator","Well Laid Plans+1","Burst+1","Deadly Poison","Blade Dance","Footwork+1","Tools of the Trade","Outmaneuver+1","Dodge and Roll","Corpse Explosion+1","Catalyst+1","Catalyst","Catalyst+1","After Image","PiercingWail","Dodge and Roll+1","Envenom","Apotheosis","Dark Shackles","Secret Technique","Caltrops"],"relics":["Ring of the Snake","Gremlin Horn","Ninja Scroll","Bloody Idol","Letter Opener","Runic Pyramid","Ornamental Fan","OrangePellets","Molten Egg 2","MawBank","Fusion Hammer","Oddly Smooth Stone","Calipers","Meat on the Bone","Paper Crane","Toy Ornithopter","Bag of Marbles","Frozen Eye","Bottled Tornado"],"acts_visited":["Exordium","TheCity","TheBeyond","TheEnding"],"potions_floor_usage":[],"damage_taken":[{"damage":1.0,"enemies":"Cultist","floor":1.0,"turns":5.0},{"damage":12.0,"enemies":"Jaw Worm","floor":2.0,"turns":6.0},{"damage":0.0,"enemies":"2 Louse","floor":3.0,"turns":5.0},{"damage":8.0,"enemies":"Red Slaver","floor":4.0,"turns":6.0},{"damage":6.0,"enemies":"Gremlin Nob","floor":7.0,"turns":3.0},{"damage":0.0,"enemies":"Blue Slaver","floor":8.0,"turns":4.0},{"damage":4.0,"enemies":"Looter","floor":11.0,"turns":4.0},{"damage":12.0,"enemies":"Lagavulin","floor":14.0,"turns":6.0},{"damage":0.0,"enemies":"The Guardian","floor":16.0,"turns":12.0},{"damage":6.0,"enemies":"Spheric Guardian","floor":18.0,"turns":10.0},{"damage":17.0,"enemies":"Shell Parasite","floor":20.0,"turns":5.0},{"damage":1.0,"enemies":"Snecko","floor":24.0,"turns":6.0},{"damage":8.0,"enemies":"Slavers","floor":27.0,"turns":5.0},{"damage":0.0,"enemies":"Gremlin Leader","floor":30.0,"turns":2.0},{"damage":4.0,"enemies":"Snake Plant","floor":31.0,"turns":3.0},{"damage":14.0,"enemies":"Collector","floor":33.0,"turns":5.0},{"damage":0.0,"enemies":"Orb Walker","floor":35.0,"turns":3.0},{"damage":11.0,"enemies":"3 Darklings","floor":37.0,"turns":4.0},{"damage":0.0,"enemies":"Giant Head","floor":40.0,"turns":3.0},{"damage":7.0,"enemies":"Reptomancer","floor":42.0,"turns":4.0},{"damage":0.0,"enemies":"Nemesis","floor":45.0,"turns":5.0},{"damage":0.0,"enemies":"Maw","floor":46.0,"turns":4.0},{"damage":9.0,"enemies":"Time Eater","floor":50.0,"turns":6.0},{"damage":31.0,"enemies":"Awakened One","floor":51.0,"turns":9.0},{"damage":8.0,"enemies":"Shield and Spear","floor":55.0,"turns":5.0},{"damage":44,"enemies":"The Heart","floor":56,"turns":8}],"seed_played":"-5040875220519323806","potions_obtained":[{"floor":3.0,"key":"PowerPotion"},{"floor":7.0,"key":"AttackPotion"},{"floor":11.0,"key":"Strength Potion"},{"floor":14.0,"key":"FairyPotion"},{"floor":20.0,"key":"SteroidPotion"},{"floor":27.0,"key":"GhostInAJar"}],"is_trial":false,"path_per_floor":["M","M","M","M","$","R","E","M","T","R","M","?","R","E","R","B",null,"M","?","M","T","$","R","M","R","T","E","R","?","E","M","R","B",null,"M","?","M","$","?","E","R","E","T","R","E","M","R","?","R","B","B",null,"R","$","E","B",null],"character_chosen":"THE_SILENT","items_purchased":["Predator","Well Laid Plans","OrangePellets","Oddly Smooth Stone","Calipers","Frozen Eye"],"campfire_rested":4,"item_purchase_floors":[5,5,22,38,38,54],"current_hp_per_floor":[58,46,46,38,38,38,32,32,32,32,28,28,28,16,16,16,49,43,43,31,31,31,31,35,35,35,32,32,16,21,27,32,28,53,60,60,54,59,59,60,60,58,60,60,60,60,60,50,60,51,32,53,60,60,57,25],"gold":37,"neow_bonus":"HUNDRED_GOLD","is_daily":false,"chose_seed":false,"campfire_upgraded":8,"win_rate":0.0,"timestamp":1612293947,"path_taken":["M","M","M","M","$","R","E","M","T","R","?","?","R","E","R","BOSS","M","?","M","?","$","R","M","R","T","E","R","?","E","?","R","BOSS","M","?","M","$","?","E","R","E","T","R","E","?","R","?","R","BOSS","BOSS","R","$","E","BOSS"],"items_purchased_type":["Card","Card","Relic","Relic","Relic","Relic"],"build_version":"2020-12-22","purchased_purges":3,"victory":true,"max_hp_per_floor":[66,66,66,66,66,66,66,66,66,66,66,60,60,60,60,60,60,60,60,60,60,60,60,60,60,60,60,60,60,60,60,60,60,60,60,60,60,60,60,60,60,60,60,60,60,60,60,60,60,60,60,60,60,60,60,60],"card_choices":[{"not_picked":["Tactician","Dagger Spray"],"picked":"Blade Dance","floor":1.0},{"not_picked":["Slice","Expertise"],"picked":"Acrobatics","floor":2.0},{"not_picked":["Flying Knee","Dash"],"picked":"Footwork","floor":3.0},{"not_picked":["Underhanded Strike","Cloak And Dagger"],"picked":"Endless Agony","floor":4.0},{"not_picked":["Dagger Throw","Finisher"],"picked":"Burst","floor":7.0},{"not_picked":["Bane","Dagger Spray"],"picked":"Deadly Poison","floor":8.0},{"not_picked":["Backflip","Cloak And Dagger"],"picked":"Blade Dance","floor":11.0},{"not_picked":["Predator","Endless Agony"],"picked":"Footwork","floor":14.0},{"not_picked":["Glass Knife","Envenom"],"picked":"Tools of the Trade","floor":16.0},{"not_picked":["Prepared","Acrobatics"],"picked":"Outmaneuver","floor":18.0},{"not_picked":["Deadly Poison+1","Flying Knee"],"picked":"Dodge and Roll","floor":20.0},{"not_picked":["Outmaneuver","Dash"],"picked":"Corpse Explosion","floor":24.0},{"not_picked":["Distraction","Bouncing Flask"],"picked":"Catalyst+1","floor":27.0},{"not_picked":["Well Laid Plans","Outmaneuver"],"picked":"Catalyst","floor":30.0},{"not_picked":["Flying Knee+1","Acrobatics"],"picked":"Catalyst","floor":31.0},{"not_picked":["Doppelganger","Bullet Time"],"picked":"After Image","floor":33.0},{"not_picked":["Flying Knee+1","Underhanded Strike+1"],"picked":"PiercingWail","floor":35.0},{"not_picked":["Outmaneuver","Dagger Throw+1"],"picked":"Dodge and Roll+1","floor":37.0},{"not_picked":["All Out Attack+1","Dagger Throw+1"],"picked":"Envenom","floor":40.0},{"not_picked":["Cloak And Dagger","All Out Attack+1","Skewer+1"],"picked":"SKIP","floor":42.0},{"not_picked":["Quick Slash+1","Poisoned Stab+1","Expertise"],"picked":"SKIP","floor":45.0},{"not_picked":["Prepared","Accuracy+1","Blade Dance"],"picked":"SKIP","floor":46.0},{"not_picked":["Finesse","Dark Shackles"],"picked":"Apotheosis","floor":48.0},{"not_picked":["PanicButton","Master of Strategy"],"picked":"Dark Shackles","floor":48.0},{"not_picked":["Panacea","Panache"],"picked":"Secret Technique","floor":48.0},{"not_picked":["Terror","Outmaneuver"],"picked":"Caltrops","floor":55.0}],"player_experience":497762,"relics_obtained":[{"floor":7.0,"key":"Gremlin Horn"},{"floor":9.0,"key":"Ninja Scroll"},{"floor":14.0,"key":"Letter Opener"},{"floor":21.0,"key":"Ornamental Fan"},{"floor":27.0,"key":"Molten Egg 2"},{"floor":30.0,"key":"MawBank"},{"floor":40.0,"key":"Meat on the Bone"},{"floor":42.0,"key":"Paper Crane"},{"floor":43.0,"key":"Toy Ornithopter"},{"floor":45.0,"key":"Bag of Marbles"},{"floor":55.0,"key":"Bottled Tornado"}],"event_choices":[{"damage_healed":0.0,"max_hp_gain":0.0,"max_hp_loss":6.0,"gold_gain":0.0,"event_name":"Golden Idol","player_choice":"Lose Max HP","floor":12.0,"gold_loss":0.0,"damage_taken":0.0,"relics_obtained":["Golden Idol"]},{"damage_healed":0.0,"max_hp_gain":0.0,"max_hp_loss":0.0,"gold_gain":0.0,"event_name":"Forgotten Altar","player_choice":"Gave Idol","floor":19.0,"relics_lost":["Golden Idol"],"gold_loss":0.0,"damage_taken":0.0,"relics_obtained":["Bloody Idol"]},{"damage_healed":0.0,"max_hp_gain":0.0,"max_hp_loss":0.0,"gold_gain":360.0,"event_name":"Knowing Skull","player_choice":"GOLD GOLD GOLD GOLD ","floor":29.0,"potions_obtained":[],"gold_loss":0.0,"damage_taken":36.0,"cards_obtained":[]},{"damage_healed":0.0,"max_hp_gain":0.0,"max_hp_loss":0.0,"gold_gain":0.0,"event_name":"Tomb of Lord Red Mask","player_choice":"Ignored","floor":36.0,"gold_loss":0.0,"damage_taken":0.0},{"cards_removed":["Strike_G"],"damage_healed":0.0,"max_hp_gain":0.0,"max_hp_loss":0.0,"gold_gain":0.0,"event_name":"Bonfire Elementals","player_choice":"Offered Basic","floor":39.0,"gold_loss":0.0,"damage_taken":0.0},{"damage_healed":0.0,"max_hp_gain":0.0,"max_hp_loss":0.0,"gold_gain":0.0,"event_name":"SensoryStone","player_choice":"Memory 3","floor":48.0,"gold_loss":0.0,"damage_taken":10.0}],"is_beta":false,"boss_relics":[{"not_picked":["Ectoplasm","Empty Cage"],"picked":"Runic Pyramid"},{"not_picked":["Velvet Choker","HoveringKite"],"picked":"Fusion Hammer"}],"items_purged_floors":[5,22,38],"is_endless":false,"potions_floor_spawned":[3,7,11,14,20,27,31,40,45],"ascension_level":20}}