{"host":"zrwwt1jjq0fpdjej","time":1612243521,"event":{"mods":["AchievementEnabler","BaseMod","Colored Map","Minty Spire (QoL Compilation)","StSLib","SuperFastMode"],"gold_per_floor":[112,112,112,131,131,131,152,152,152,152,175,213,38,113,113,113,113],"floor_reached":16,"language":"KOR","playtime":2594,"items_purged":[],"score":147,"play_id":"a31529d7-1952-4d1c-b0c1-f32abb0bf739","local_time":"20210202142521","is_ascension_mode":true,"campfire_choices":[{"data":"Whirlwind","floor":6.0,"key":"SMITH"},{"data":"Bash","floor":8.0,"key":"SMITH"},{"floor":10.0,"key":"REST"},{"data":"Armaments","floor":15.0,"key":"SMITH"}],"circlet_count":0,"master_deck":["AscendersBane","Strike_R","Strike_R","Strike_R","Strike_R","Defend_R","Defend_R","Defend_R","Defend_R","Bash+1","Barricade+1","Whirlwind+1","Cleave","Armaments+1","Armaments"],"relics":["Burning Blood","Golden Idol","Bottled Flame","Centennial Puzzle","Nunchaku"],"acts_visited":["Exordium"],"potions_floor_usage":[],"damage_taken":[{"damage":0.0,"enemies":"Small Slimes","floor":1.0,"turns":6.0},{"damage":13.0,"enemies":"Jaw Worm","floor":4.0,"turns":4.0},{"damage":6.0,"enemies":"Cultist","floor":7.0,"turns":4.0},{"damage":0.0,"enemies":"3 Louse","floor":11.0,"turns":1.0},{"damage":31.0,"enemies":"Gremlin Nob","floor":12.0,"turns":4.0},{"damage":31,"enemies":"The Guardian","floor":16,"turns":3}],"seed_played":"7215505803144189511","potions_obtained":[{"floor":12.0,"key":"Dexterity Potion"}],"is_trial":false,"path_per_floor":["M","?","?","M","?","R","M","R","T","R","M","E","$","?","R","B"],"character_chosen":"IRONCLAD","items_purchased":["Armaments","Nunchaku"],"campfire_rested":1,"item_purchase_floors":[13,13],"current_hp_per_floor":[78,58,51,44,44,44,44,44,44,68,74,49,49,38,38,7,7],"gold":113,"neow_bonus":"ONE_RANDOM_RARE_CARD","is_daily":false,"chose_seed":false,"campfire_upgraded":3,"win_rate":0.0,"timestamp":1612243521,"path_taken":["M","?","?","M","?","R","M","R","T","R","?","E","$","?","R","BOSS"],"items_purchased_type":["Card","Relic"],"build_version":"2020-12-22","purchased_purges":0,"victory":false,"max_hp_per_floor":[80,80,80,80,80,80,80,80,80,80,80,80,80,80,80,80,80],"card_choices":[{"not_picked":["Thunderclap","Pommel Strike","Bloodletting"],"picked":"SKIP","floor":1.0},{"not_picked":["Shockwave","Twin Strike"],"picked":"Whirlwind","floor":4.0},{"not_picked":["Heavy Blade","Flex"],"picked":"Cleave","floor":7.0},{"not_picked":["Havoc","Perfected Strike","Fire Breathing"],"picked":"SKIP","floor":11.0},{"not_picked":["Shrug It Off","Heavy Blade"],"picked":"Armaments","floor":12.0}],"player_experience":251208,"relics_obtained":[{"floor":9.0,"key":"Bottled Flame"},{"floor":12.0,"key":"Centennial Puzzle"}],"event_choices":[{"damage_healed":0.0,"max_hp_gain":0.0,"max_hp_loss":0.0,"gold_gain":0.0,"event_name":"Golden Idol","player_choice":"Take Damage","floor":2.0,"gold_loss":0.0,"damage_taken":20.0,"relics_obtained":["Golden Idol"]},{"cards_removed":["Strike_R"],"damage_healed":0.0,"max_hp_gain":0.0,"max_hp_loss":0.0,"gold_gain":0.0,"event_name":"Golden Wing","player_choice":"Card Removal","floor":3.0,"gold_loss":0.0,"damage_taken":7.0},{"damage_healed":0.0,"max_hp_gain":0.0,"max_hp_loss":0.0,"gold_gain":0.0,"event_name":"Living Wall","player_choice":"Grow","floor":5.0,"gold_loss":0.0,"damage_taken":0.0,"cards_upgraded":["Barricade"]},{"damage_healed":0.0,"max_hp_gain":0.0,"max_hp_loss":0.0,"gold_gain":75.0,"event_name":"World of Goop","player_choice":"Gather Gold","floor":14.0,"gold_loss":0.0,"damage_taken":11.0}],"is_beta":false,"boss_relics":[],"items_purged_floors":[],"is_endless":false,"potions_floor_spawned":[12],"killed_by":"The Guardian","ascension_level":10}}