{"host":"ks0rgj8xgppw8yky","time":1612279877,"event":{"mods":["BaseMod","Better Match","Better Note","Better Sensory Stone","Colored Powertips","Conspire","Downfall","Glutton Mod","GungeonMod","Hubris","Jorbs\u0027s Wanderer Trilogy","Marisa????????","Melee Mod","Minty Spire (QoL Compilation)","Remilia??????","StSLib","The Bug Knight","The Cursed","The Druid","The Forsaken","The Jungle","The Servant 0.9.4"],"gold_per_floor":[99,115,115,128,24,24,24,24,42,57,74,114,114,134,147,147,147,147],"floor_reached":16,"language":"ENG","playtime":1200,"items_purged":[],"score":94,"play_id":"98d35bc6-2622-4c98-b3d4-d4b7240ed3e5","local_time":"20210202103117","is_ascension_mode":false,"campfire_choices":[{"data":"hexamod:Sear","floor":1,"key":"SMITH"},{"data":"hexamod:FastForward","floor":8,"key":"SMITH"},{"floor":13,"key":"REST"}],"circlet_count":0,"master_deck":["hexamod:Strike","hexamod:Strike","hexamod:Strike","hexamod:Strike","hexamod:Defend","hexamod:Defend","hexamod:Defend","hexamod:Defend","hexamod:Sear+1","hexamod:Float","hexamod:HauntingEcho","hexamod:ExtraCrispy","hexamod:FastForward+1","Flash of Steel","hexamod:BurningTouch","hexamod:DynamicBlow","hexamod:RadiantFlame","hexamod:FirstSeal","hexamod:HeatMetal","hexamod:SearingWound","hexamod:GhostShield"],"relics":["hexamod:SpiritBrand","Centennial Puzzle","Dream Catcher"],"acts_visited":["Exordium"],"potions_floor_usage":[],"damage_taken":[{"damage":0,"enemies":"2 Louse","floor":2,"turns":4},{"damage":0,"enemies":"Cultist","floor":4,"turns":3},{"damage":3,"enemies":"downfall:FleeingMerchant","floor":5,"turns":4},{"damage":4,"enemies":"Small Slimes","floor":9,"turns":4},{"damage":11,"enemies":"Red Slaver","floor":10,"turns":4},{"damage":5,"enemies":"Lots of Slimes","floor":11,"turns":6},{"damage":19,"enemies":"conspire:MimicChest","floor":12,"turns":6},{"damage":11,"enemies":"Large Slime","floor":14,"turns":3},{"damage":6,"enemies":"Blue Slaver","floor":15,"turns":3},{"damage":76,"enemies":"WA_ARCHETYPE_RETAIN","floor":16,"turns":7}],"seed_played":"8074951707009274487","potions_obtained":[{"floor":2,"key":"hexamod:EctoCoolerPotion"},{"floor":4,"key":"LiquidMemories"},{"floor":9,"key":"PowerPotion"}],"is_trial":false,"path_per_floor":["R","M","?","M","$","?","T","R","M","M","M","?","R","M","M","B"],"character_chosen":"THE_SPIRIT","items_purchased":["Flash of Steel"],"campfire_rested":1,"item_purchase_floors":[5],"current_hp_per_floor":[77,77,82,82,79,79,79,79,75,64,59,40,64,60,54,0,0,0],"gold":147,"neow_bonus":"TEN_PERCENT_HP_BONUS","is_daily":false,"chose_seed":false,"campfire_upgraded":2,"win_rate":0.0,"timestamp":1612279877,"path_taken":["R","M","?","M","$","?","T","R","?","M","M","?","R","M","M","BOSS"],"items_purchased_type":["Card"],"build_version":"2020-12-22","purchased_purges":0,"victory":false,"max_hp_per_floor":[77,77,82,82,82,82,82,82,82,82,82,82,82,82,82,82,82,82],"card_choices":[{"not_picked":["hexamod:HeatCrush","hexamod:RecurringNightmare"],"picked":"hexamod:HauntingEcho","floor":2},{"not_picked":["hexamod:Hexaguard","hexamod:ThermalTransfer"],"picked":"hexamod:ExtraCrispy","floor":4},{"not_picked":["hexamod:NightmareStrike","hexamod:TimeWarp"],"picked":"hexamod:FastForward","floor":5},{"not_picked":["hexamod:SwordOfDarkness","hexamod:FourthSeal"],"picked":"hexamod:BurningTouch","floor":9},{"not_picked":["hexamod:HauntingEcho","hexamod:BacktrackSmack"],"picked":"hexamod:DynamicBlow","floor":10},{"not_picked":["hexamod:ThirdSeal","hexamod:SoulSteal"],"picked":"hexamod:RadiantFlame","floor":11},{"not_picked":["hexamod:SpectersWail","hexamod:SwordOfDarkness"],"picked":"hexamod:FirstSeal","floor":12},{"not_picked":["hexamod:SoulSteal","hexamod:GhostShield"],"picked":"hexamod:HeatMetal","floor":13},{"not_picked":["hexamod:GhostShield","hexamod:GhostLash"],"picked":"hexamod:SearingWound","floor":14},{"not_picked":["hexamod:ThirdSeal","hexamod:Firestarter"],"picked":"hexamod:GhostShield","floor":15}],"player_experience":1053621,"relics_obtained":[{"floor":7,"key":"Centennial Puzzle"},{"floor":12,"key":"Dream Catcher"}],"event_choices":[{"damage_healed":0,"gold_gain":0,"player_choice":"Donut","damage_taken":0,"max_hp_gain":5,"max_hp_loss":0,"event_name":"Big Fish","floor":3,"gold_loss":0}],"is_beta":false,"boss_relics":[],"items_purged_floors":[],"is_endless":false,"potions_floor_spawned":[2,4,9,14,15],"killed_by":"WA_ARCHETYPE_RETAIN","ascension_level":0}}