{"host":"vz6qv7tthcp8jtis","time":1612289219,"event":{"mods":["BaseMod","Block Reminder","Colored Map","Highlight Path","Keyboard Shortcuts","Minty Spire (QoL Compilation)","Relic Stats"],"gold_per_floor":[116,66,77,77,90,115,126,156,201,215,215,246,246,259,259,360,360,370,213,233,233,247,247,273,273,298,325,325,325,325,355,355,456,456,470,481,498,19,19,19],"floor_reached":39,"language":"ENG","playtime":3251,"items_purged":["Strike_P"],"score":505,"play_id":"bac717c9-9157-405a-9f02-d694b45c8566","local_time":"20210202190659","is_ascension_mode":true,"campfire_choices":[{"data":"TalkToTheHand","floor":11,"key":"SMITH"},{"data":"Eruption","floor":13,"key":"SMITH"},{"floor":15,"key":"REST"},{"data":"DeceiveReality","floor":23,"key":"SMITH"},{"floor":25,"key":"REST"},{"data":"LikeWater","floor":30,"key":"SMITH"},{"floor":32,"key":"REST"}],"circlet_count":0,"master_deck":["Strike_P+1","Strike_P+1","Defend_P+1","Defend_P+1","Eruption+1","Vigilance","Study","Evaluate","FearNoEvil","TalkToTheHand+1","LikeWater+1","DeceiveReality+1","Wireheading+1","EmptyFist","Vengeance","Establishment+1","FlurryOfBlows+1","BattleHymn+1","WindmillStrike","ConjureBlade","WheelKick","Weave","ClearTheMind","FearNoEvil","DevaForm+1","Protect+1","JustLucky+1","JustLucky","Nirvana+1"],"relics":["PureWater","Bronze Scales","Blood Vial","Frozen Egg 2","Juzu Bracelet","Oddly Smooth Stone","Philosopher\u0027s Stone","Pen Nib","Orichalcum","Nunchaku","Coffee Dripper","Letter Opener","Toy Ornithopter"],"acts_visited":["Exordium","TheCity","TheBeyond"],"potions_floor_usage":[8,16,18,22,27,31,31,31,33],"damage_taken":[{"damage":0,"enemies":"2 Louse","floor":1,"turns":2},{"damage":0,"enemies":"Small Slimes","floor":3,"turns":4},{"damage":9,"enemies":"Cultist","floor":5,"turns":3},{"damage":11,"enemies":"Lagavulin","floor":6,"turns":7},{"damage":8,"enemies":"Looter","floor":7,"turns":4},{"damage":34,"enemies":"3 Sentries","floor":8,"turns":6},{"damage":0,"enemies":"2 Fungi Beasts","floor":10,"turns":3},{"damage":28,"enemies":"Gremlin Nob","floor":12,"turns":6},{"damage":4,"enemies":"Exordium Thugs","floor":14,"turns":5},{"damage":4,"enemies":"Hexaghost","floor":16,"turns":9},{"damage":13,"enemies":"3 Byrds","floor":18,"turns":4},{"damage":7,"enemies":"Chosen","floor":20,"turns":3},{"damage":34,"enemies":"Centurion and Healer","floor":22,"turns":5},{"damage":12,"enemies":"Book of Stabbing","floor":24,"turns":4},{"damage":34,"enemies":"Slavers","floor":27,"turns":4},{"damage":15,"enemies":"Gremlin Leader","floor":31,"turns":4},{"damage":10,"enemies":"Champ","floor":33,"turns":8},{"damage":26,"enemies":"3 Shapes","floor":35,"turns":4},{"damage":4,"enemies":"Orb Walker","floor":36,"turns":3},{"damage":13,"enemies":"Transient","floor":37,"turns":5},{"damage":42,"enemies":"4 Shapes","floor":39,"turns":1}],"seed_played":"-1384132511953071509","potions_obtained":[{"floor":3,"key":"BottledMiracle"},{"floor":4,"key":"FairyPotion"},{"floor":4,"key":"StancePotion"},{"floor":5,"key":"Dexterity Potion"},{"floor":7,"key":"EntropicBrew"},{"floor":12,"key":"SpeedPotion"},{"floor":14,"key":"Dexterity Potion"},{"floor":20,"key":"SkillPotion"},{"floor":22,"key":"DistilledChaos"},{"floor":24,"key":"PowerPotion"},{"floor":33,"key":"CultistPotion"},{"floor":35,"key":"Dexterity Potion"}],"is_trial":false,"path_per_floor":["M","?","M","?","M","E","M","E","T","M","R","E","R","M","R","B",null,"M","$","M","?","M","R","E","R","T","E","?","?","R","E","R","B",null,"M","M","M","$","M"],"character_chosen":"WATCHER","items_purchased":["BattleHymn+1","Nirvana+1","Letter Opener","Toy Ornithopter"],"campfire_rested":3,"item_purchase_floors":[19,38,38,38],"current_hp_per_floor":[72,72,72,72,63,52,46,14,14,16,16,21,21,19,40,38,72,59,59,54,54,22,22,12,33,33,1,1,25,25,12,33,25,72,46,44,33,33,0,0],"gold":19,"neow_bonus":"RANDOM_COMMON_RELIC","is_daily":false,"chose_seed":false,"campfire_upgraded":4,"win_rate":0.0,"timestamp":1612289219,"path_taken":["M","?","M","?","M","E","M","E","T","M","R","E","R","M","R","BOSS","M","$","M","?","M","R","E","R","T","E","?","?","R","E","R","BOSS","M","M","M","$","M"],"items_purchased_type":["Card","Card","Relic","Relic"],"build_version":"2020-12-22","purchased_purges":1,"victory":false,"max_hp_per_floor":[72,72,72,72,72,72,72,72,72,72,72,72,72,72,72,72,72,72,72,72,72,72,72,72,72,72,72,72,72,72,72,72,72,72,72,72,72,72,72,72],"relic_stats":{"Blood Vial":30,"Nunchaku":[7],"counters":[21,94],"Bronze Scales":[277],"Pen Nib":[10],"Juzu Bracelet":1,"Letter Opener":[0],"Orichalcum":[36],"obtain_stats":[{"Oddly Smooth Stone":12,"Pen Nib":24,"Juzu Bracelet":9,"Letter Opener":38,"Frozen Egg 2":8,"Orichalcum":27,"Blood Vial":6,"Nunchaku":31,"Bronze Scales":0,"Philosopher\u0027s Stone":17,"Coffee Dripper":34,"PureWater":0,"Toy Ornithopter":38},{"Oddly Smooth Stone":8,"Pen Nib":14,"Juzu Bracelet":6,"Letter Opener":20,"Frozen Egg 2":6,"Orichalcum":15,"Blood Vial":4,"Nunchaku":16,"Bronze Scales":0,"Philosopher\u0027s Stone":10,"Coffee Dripper":17,"PureWater":0,"Toy Ornithopter":20},{"Oddly Smooth Stone":35,"Pen Nib":65,"Juzu Bracelet":26,"Letter Opener":93,"Frozen Egg 2":26,"Orichalcum":69,"Blood Vial":16,"Nunchaku":73,"Bronze Scales":0,"Philosopher\u0027s Stone":49,"Coffee Dripper":81,"PureWater":0,"Toy Ornithopter":93}],"Toy Ornithopter":0},"card_choices":[{"not_picked":["Crescendo","BowlingBash"],"picked":"Study","floor":1},{"not_picked":["SandsOfTime","BowlingBash"],"picked":"Evaluate","floor":3},{"not_picked":["Prostrate","Halt"],"picked":"FearNoEvil","floor":5},{"not_picked":["Halt","WheelKick"],"picked":"TalkToTheHand","floor":6},{"not_picked":["PathToVictory","FlyingSleeves"],"picked":"LikeWater","floor":7},{"not_picked":["Protect","SashWhip"],"picked":"DeceiveReality","floor":8},{"not_picked":["Omniscience","Evaluate"],"picked":"Wireheading+1","floor":10},{"not_picked":["FlyingSleeves","Judgement"],"picked":"EmptyFist","floor":12},{"not_picked":["JustLucky","ClearTheMind"],"picked":"Vengeance","floor":14},{"not_picked":["Scrawl","Judgement"],"picked":"Establishment+1","floor":16},{"not_picked":["Consecrate","InnerPeace+1"],"picked":"FlurryOfBlows+1","floor":18},{"not_picked":["FlyingSleeves","Protect"],"picked":"WindmillStrike","floor":20},{"not_picked":["Evaluate","CutThroughFate","EmptyBody"],"picked":"SKIP","floor":22},{"not_picked":["Tantrum+1","Consecrate+1"],"picked":"Weave","floor":24},{"not_picked":["Brilliance","Crescendo"],"picked":"ClearTheMind","floor":27},{"not_picked":["Fasting2+1","BowlingBash+1"],"picked":"FearNoEvil","floor":31},{"not_picked":["ConjureBlade","SpiritShield"],"picked":"DevaForm+1","floor":33},{"not_picked":["Collect","SandsOfTime"],"picked":"Protect+1","floor":35},{"not_picked":["LikeWater+1","ReachHeaven"],"picked":"JustLucky+1","floor":36},{"not_picked":["CutThroughFate","Crescendo+1"],"picked":"JustLucky","floor":37}],"player_experience":109820,"relics_obtained":[{"floor":6,"key":"Blood Vial"},{"floor":8,"key":"Frozen Egg 2"},{"floor":9,"key":"Juzu Bracelet"},{"floor":12,"key":"Oddly Smooth Stone"},{"floor":24,"key":"Pen Nib"},{"floor":27,"key":"Orichalcum"},{"floor":31,"key":"Nunchaku"}],"event_choices":[{"cards_removed":["Defend_P"],"damage_healed":0,"gold_gain":0,"player_choice":"Card Removal","damage_taken":0,"max_hp_gain":0,"max_hp_loss":0,"event_name":"The Cleric","floor":2,"gold_loss":50},{"damage_healed":0,"gold_gain":0,"player_choice":"Got Potions","damage_taken":0,"max_hp_gain":0,"max_hp_loss":0,"event_name":"Lab","floor":4,"gold_loss":0},{"damage_healed":0,"gold_gain":0,"cards_transformed":["Defend_P","Strike_P"],"player_choice":"Became Test Subject","damage_taken":0,"max_hp_gain":0,"max_hp_loss":0,"event_name":"Drug Dealer","floor":21,"gold_loss":0,"cards_obtained":["ConjureBlade","WheelKick"]},{"damage_healed":0,"gold_gain":0,"player_choice":"Simplicity","damage_taken":0,"max_hp_gain":0,"max_hp_loss":0,"event_name":"Back to Basics","floor":28,"gold_loss":0,"cards_upgraded":["Strike_P","Strike_P","Defend_P","Defend_P"]},{"damage_healed":24,"gold_gain":0,"player_choice":"Heal","damage_taken":0,"max_hp_gain":0,"max_hp_loss":0,"event_name":"The Library","floor":29,"gold_loss":0}],"is_beta":false,"boss_relics":[{"not_picked":["Ectoplasm","HolyWater"],"picked":"Philosopher\u0027s Stone"},{"not_picked":["Tiny House","Calling Bell"],"picked":"Coffee Dripper"}],"items_purged_floors":[19],"is_endless":false,"potions_floor_spawned":[3,5,7,12,14,20,22,24,33,35],"killed_by":"4 Shapes","ascension_level":2}}