{"host":"bg8va46pgqgvtzim","time":1612237203,"event":{"mods":["BaseMod","Minty Spire (QoL Compilation)","Quick Restart","StSLib","SuperFastMode"],"gold_per_floor":[119,134,147,166,166,185,31,65,65,65,113,113,147,158,169,179,189,189,285,285,298,298,311,331,341,341,357,390,415,415,428,428,428,428,446,460,510,535,555,569,569,569,671,671,689,911,911,923,943,955,955,987,326,341,341,374,398,179,195,228,278,278,297,314,314,314,314,314,36,63,63],"floor_reached":72,"language":"ZHS","playtime":6817,"items_purged":["Strike_G","Skewer","Strike_G","Strike_G+1"],"score":1835,"play_id":"aa187ef9-7fb1-4621-b393-8e0f0118f57f","local_time":"20210202114003","is_ascension_mode":true,"campfire_choices":[{"data":"Noxious Fumes","floor":10.0,"key":"SMITH"},{"data":"Acrobatics","floor":18.0,"key":"SMITH"},{"data":"Expertise","floor":30.0,"key":"SMITH"},{"data":"Tactician","floor":32.0,"key":"SMITH"},{"data":"Prepared","floor":41.0,"key":"SMITH"},{"data":"Prepared","floor":42.0,"key":"SMITH"},{"data":"Calculated Gamble","floor":55.0,"key":"SMITH"},{"data":"Acrobatics","floor":62.0,"key":"SMITH"},{"floor":65,"key":"RECALL"},{"data":"Impatience","floor":68,"key":"SMITH"}],"circlet_count":0,"master_deck":["Strike_G+1","Defend_G","Defend_G","Defend_G","Defend_G","Defend_G","Survivor","Neutralize","Reflex","Acrobatics+1","Noxious Fumes+1","Expertise+1","Calculated Gamble+1","Underhanded Strike","Terror","Acrobatics+1","After Image","Prepared+1","Blade Dance","Concentrate","Tactician+1","Eviscerate","Impatience+1","Well Laid Plans+1","Tools of the Trade","Prepared+1","Footwork+1","Prepared+1","Panacea","Finesse+1"],"relics":["Ring of the Snake","Whetstone","Eternal Feather","MealTicket","HornCleat","Bottled Lightning","Coffee Dripper","Red Mask","Nunchaku","Akabeko","The Courier","Black Star","Du-Vu Doll","Bottled Tornado","Sundial","Anchor","Gambling Chip","Centennial Puzzle","TungstenRod","Pen Nib","PrismaticShard","Toy Ornithopter","Pocketwatch","Torii","Lantern","Strawberry","Paper Crane"],"acts_visited":["Exordium","TheCity","TheBeyond","TheEnding"],"potions_floor_usage":[71,71,71,71,71],"damage_taken":[{"damage":0.0,"enemies":"Cultist","floor":1.0,"turns":3.0},{"damage":0.0,"enemies":"Jaw Worm","floor":2.0,"turns":3.0},{"damage":0.0,"enemies":"Small Slimes","floor":3.0,"turns":3.0},{"damage":0.0,"enemies":"3 Louse","floor":4.0,"turns":3.0},{"damage":0.0,"enemies":"Large Slime","floor":6.0,"turns":5.0},{"damage":24.0,"enemies":"3 Sentries","floor":8.0,"turns":9.0},{"damage":11.0,"enemies":"Gremlin Nob","floor":13.0,"turns":5.0},{"damage":1.0,"enemies":"Red Slaver","floor":14.0,"turns":3.0},{"damage":2.0,"enemies":"Exordium Wildlife","floor":15.0,"turns":5.0},{"damage":3.0,"enemies":"Gremlin Gang","floor":16.0,"turns":4.0},{"damage":0.0,"enemies":"2 Fungi Beasts","floor":17.0,"turns":4.0},{"damage":41.0,"enemies":"Slime Boss","floor":19.0,"turns":7.0},{"damage":0.0,"enemies":"Chosen","floor":21.0,"turns":4.0},{"damage":1.0,"enemies":"3 Byrds","floor":23.0,"turns":5.0},{"damage":5.0,"enemies":"Snake Plant","floor":24.0,"turns":5.0},{"damage":0.0,"enemies":"Cultist and Chosen","floor":25.0,"turns":7.0},{"damage":0.0,"enemies":"Centurion and Healer","floor":27.0,"turns":6.0},{"damage":35.0,"enemies":"Masked Bandits","floor":28.0,"turns":6.0},{"damage":9.0,"enemies":"Book of Stabbing","floor":29.0,"turns":6.0},{"damage":2.0,"enemies":"Shelled Parasite and Fungi","floor":31.0,"turns":5.0},{"damage":0.0,"enemies":"Cultist and Chosen","floor":35.0,"turns":3.0},{"damage":0.0,"enemies":"Snake Plant","floor":36.0,"turns":4.0},{"damage":0.0,"enemies":"Slavers","floor":38.0,"turns":4.0},{"damage":1.0,"enemies":"Centurion and Healer","floor":39.0,"turns":3.0},{"damage":0.0,"enemies":"Sentry and Sphere","floor":40.0,"turns":5.0},{"damage":0.0,"enemies":"Automaton","floor":43.0,"turns":5.0},{"damage":0.0,"enemies":"Orb Walker","floor":45.0,"turns":2.0},{"damage":0.0,"enemies":"3 Shapes","floor":48.0,"turns":4.0},{"damage":0.0,"enemies":"Sphere and 2 Shapes","floor":49.0,"turns":3.0},{"damage":0.0,"enemies":"Writhing Mass","floor":50.0,"turns":4.0},{"damage":0.0,"enemies":"Reptomancer","floor":52.0,"turns":3.0},{"damage":0.0,"enemies":"Jaw Worm Horde","floor":54.0,"turns":3.0},{"damage":0.0,"enemies":"Giant Head","floor":56.0,"turns":3.0},{"damage":0.0,"enemies":"Spire Growth","floor":59.0,"turns":3.0},{"damage":0.0,"enemies":"Reptomancer","floor":60.0,"turns":3.0},{"damage":0.0,"enemies":"Mind Bloom Boss Battle","floor":61.0,"turns":2.0},{"damage":0.0,"enemies":"Writhing Mass","floor":63.0,"turns":2.0},{"damage":0.0,"enemies":"4 Shapes","floor":64.0,"turns":3.0},{"damage":0,"enemies":"Donu and Deca","floor":66,"turns":3},{"damage":0,"enemies":"Shield and Spear","floor":70,"turns":2},{"damage":0,"enemies":"The Heart","floor":71,"turns":4}],"seed_played":"6560988544924752346","potions_obtained":[{"floor":1.0,"key":"Swift Potion"},{"floor":2.0,"key":"DuplicationPotion"},{"floor":3.0,"key":"Swift Potion"},{"floor":6.0,"key":"EntropicBrew"},{"floor":28.0,"key":"FairyPotion"},{"floor":29.0,"key":"Dexterity Potion"},{"floor":31.0,"key":"Swift Potion"},{"floor":49.0,"key":"GamblersBrew"},{"floor":70,"key":"PowerPotion"}],"is_trial":false,"path_per_floor":["M","M","M","M","?","M","$","E","$","R","T","T","E","M","M","M","M","R","B",null,"M","?","M","M","M","?","M","?","E","R","M","R","?","T","M","M","T","E","M","M","R","R","B",null,"M","?","?","M","M","M","?","E","$","M","R","E","T","$","M","E","?","R","M","M","R","B",null,"R","$","E","B",null],"character_chosen":"THE_SILENT","items_purchased":["Noxious Fumes","Sundial","Anchor","Gambling Chip","PrismaticShard","Lantern","Energy Potion"],"campfire_rested":0,"item_purchase_floors":[7,53,53,53,58,69,69],"current_hp_per_floor":[70,70,70,70,75,75,75,51,51,60,60,60,49,48,46,43,43,55,14,75,75,75,74,69,69,69,69,34,25,37,35,47,47,47,47,47,47,47,46,46,61,75,75,75,75,75,75,75,75,75,65,65,75,75,75,75,75,75,75,75,75,75,75,75,75,75,75,75,75,82,82],"gold":63,"neow_bonus":"RANDOM_COMMON_RELIC","is_daily":false,"chose_seed":false,"campfire_upgraded":9,"win_rate":0.0,"timestamp":1612237203,"path_taken":["M","M","M","?","?","M","$","E","$","R","T","T","E","M","M","M","M","R","BOSS","M","?","M","?","M","?","M","?","E","R","M","R","?","T","M","?","?","E","?","M","R","R","BOSS","M","?","?","M","?","M","?","E","$","M","R","E","T","$","M","E","?","R","M","M","R","BOSS","R","$","E","BOSS"],"items_purchased_type":["Card","Relic","Relic","Relic","Relic","Relic","Potion"],"build_version":"2020-12-22","purchased_purges":4,"victory":true,"max_hp_per_floor":[70,70,70,70,75,75,75,75,75,75,75,75,75,75,75,75,75,75,75,75,75,75,75,75,75,75,75,75,75,75,75,75,75,75,75,75,75,75,75,75,75,75,75,75,75,75,75,75,75,75,75,75,75,75,75,75,75,75,75,75,75,75,75,75,75,75,75,75,75,82,82],"card_choices":[{"not_picked":["Choke","Outmaneuver"],"picked":"Reflex","floor":1.0},{"not_picked":["Dagger Spray","Sucker Punch"],"picked":"Skewer","floor":2.0},{"not_picked":["Flying Knee","Envenom","Dagger Spray"],"picked":"SKIP","floor":3.0},{"not_picked":["Choke","Riddle With Holes"],"picked":"Acrobatics","floor":4.0},{"not_picked":["Dagger Throw","Backflip","Flying Knee"],"picked":"SKIP","floor":6.0},{"not_picked":["PiercingWail","Outmaneuver","Flying Knee"],"picked":"SKIP","floor":8.0},{"not_picked":["Expertise","Blur","Caltrops"],"picked":"SKIP","floor":13.0},{"not_picked":["Blur","Caltrops"],"picked":"Expertise","floor":13.0},{"not_picked":["Dagger Spray","Dagger Throw"],"picked":"Calculated Gamble","floor":14.0},{"not_picked":["Backflip","Bane"],"picked":"Underhanded Strike","floor":15.0},{"not_picked":["Blade Dance","Deflect"],"picked":"Terror","floor":16.0},{"not_picked":["All Out Attack","Bullet Time"],"picked":"Acrobatics","floor":17.0},{"not_picked":["Burst","Venomology"],"picked":"After Image","floor":19.0},{"not_picked":["Sucker Punch","Caltrops","Terror"],"picked":"SKIP","floor":21.0},{"not_picked":["Outmaneuver","Deadly Poison","Sucker Punch+1"],"picked":"SKIP","floor":23.0},{"not_picked":["Outmaneuver","Flying Knee","Deflect"],"picked":"SKIP","floor":24.0},{"not_picked":["Deflect","Infinite Blades","Sucker Punch"],"picked":"SKIP","floor":25.0},{"not_picked":["Dagger Throw","PiercingWail+1","Backflip"],"picked":"SKIP","floor":27.0},{"not_picked":["Prepared","Backflip"],"picked":"Blade Dance","floor":28.0},{"not_picked":["Bane","Backflip+1"],"picked":"Concentrate","floor":29.0},{"not_picked":["PiercingWail","Corpse Explosion"],"picked":"Tactician","floor":31.0},{"not_picked":["Acrobatics+1","Accuracy+1"],"picked":"Well Laid Plans+1","floor":35.0},{"not_picked":["Deflect","Finisher+1","Dagger Throw+1"],"picked":"SKIP","floor":36.0},{"not_picked":["Leg Sweep+1","Sucker Punch"],"picked":"Tools of the Trade","floor":38.0},{"not_picked":["Backflip","Dagger Spray+1"],"picked":"Prepared","floor":39.0},{"not_picked":["Slice","Deflect","Deadly Poison"],"picked":"SKIP","floor":40.0},{"not_picked":["Backstab+1","Noxious Fumes+1","Backflip"],"picked":"SKIP","floor":45.0},{"not_picked":["Prepared","PiercingWail","Caltrops+1"],"picked":"SKIP","floor":48.0},{"not_picked":["Poisoned Stab+1","Glass Knife"],"picked":"Footwork+1","floor":49.0},{"not_picked":["Acrobatics","Dagger Throw"],"picked":"Prepared+1","floor":50.0},{"not_picked":["Good Instincts","Magnetism"],"picked":"Panacea","floor":51.0},{"not_picked":["Catalyst+1","Deadly Poison","Eviscerate"],"picked":"SKIP","floor":52.0},{"not_picked":["Blade Dance+1","Dagger Throw","Underhanded Strike+1"],"picked":"SKIP","floor":54.0},{"not_picked":["Catalyst+1","Distraction+1","Backflip+1"],"picked":"SKIP","floor":56.0},{"not_picked":["Concentrate+1","Conserve Battery+1","Discovery"],"picked":"SKIP","floor":59.0},{"not_picked":["Backflip+1","Madness","Accuracy+1"],"picked":"SKIP","floor":60.0},{"not_picked":["Acrobatics","Carnage+1"],"picked":"Finesse+1","floor":61.0},{"not_picked":["Clash","Twin Strike","Poisoned Stab"],"picked":"SKIP","floor":63.0},{"not_picked":["Devotion","Fusion+1","Leap"],"picked":"SKIP","floor":64},{"not_picked":["Rebound","Coolheaded+1","Shrug It Off+1"],"picked":"SKIP","floor":70}],"player_experience":2353327,"relics_obtained":[{"floor":8.0,"key":"Eternal Feather"},{"floor":11.0,"key":"MealTicket"},{"floor":12.0,"key":"HornCleat"},{"floor":13.0,"key":"Bottled Lightning"},{"floor":28.0,"key":"Red Mask"},{"floor":29.0,"key":"Nunchaku"},{"floor":34.0,"key":"Akabeko"},{"floor":38.0,"key":"The Courier"},{"floor":52.0,"key":"Du-Vu Doll"},{"floor":52.0,"key":"Bottled Tornado"},{"floor":56.0,"key":"Centennial Puzzle"},{"floor":56.0,"key":"TungstenRod"},{"floor":57.0,"key":"Pen Nib"},{"floor":60.0,"key":"Toy Ornithopter"},{"floor":60.0,"key":"Pocketwatch"},{"floor":61.0,"key":"Torii"},{"floor":70,"key":"Strawberry"},{"floor":70,"key":"Paper Crane"}],"event_choices":[{"damage_healed":0.0,"max_hp_gain":5.0,"max_hp_loss":0.0,"gold_gain":0.0,"event_name":"Big Fish","player_choice":"Donut","floor":5.0,"gold_loss":0.0,"damage_taken":0.0},{"cards_removed":["Strike_G"],"damage_healed":0.0,"max_hp_gain":0.0,"max_hp_loss":0.0,"gold_gain":0.0,"event_name":"Bonfire Elementals","player_choice":"Offered Basic","floor":22.0,"gold_loss":0.0,"damage_taken":0.0},{"damage_healed":0.0,"max_hp_gain":0.0,"max_hp_loss":0.0,"gold_gain":0.0,"event_name":"The Library","player_choice":"Read","floor":26.0,"gold_loss":0.0,"damage_taken":0.0,"cards_obtained":["Prepared"]},{"damage_healed":0.0,"max_hp_gain":0.0,"max_hp_loss":0.0,"gold_gain":0.0,"event_name":"Masked Bandits","player_choice":"Fought Bandits","floor":28.0,"gold_loss":0.0,"damage_taken":0.0},{"damage_healed":0.0,"max_hp_gain":0.0,"max_hp_loss":0.0,"gold_gain":0.0,"event_name":"Match and Keep!","player_choice":"2 cards matched","floor":33.0,"gold_loss":0.0,"damage_taken":0.0,"cards_obtained":["Eviscerate","Impatience"]},{"damage_healed":0.0,"max_hp_gain":0.0,"max_hp_loss":0.0,"gold_gain":222.0,"event_name":"Tomb of Lord Red Mask","player_choice":"Wore Mask","floor":46.0,"gold_loss":0.0,"damage_taken":0.0},{"damage_healed":0.0,"max_hp_gain":0.0,"max_hp_loss":0.0,"gold_gain":0.0,"event_name":"NoteForYourself","player_choice":"Ignored","floor":47.0,"gold_loss":0.0,"damage_taken":0.0},{"damage_healed":0.0,"max_hp_gain":0.0,"max_hp_loss":0.0,"gold_gain":0.0,"event_name":"SensoryStone","player_choice":"Memory 3","floor":51.0,"gold_loss":0.0,"damage_taken":10.0},{"damage_healed":0.0,"max_hp_gain":0.0,"max_hp_loss":0.0,"gold_gain":0.0,"event_name":"MindBloom","player_choice":"Fight","floor":61.0,"gold_loss":0.0,"damage_taken":0.0}],"is_beta":false,"boss_relics":[{"not_picked":["Runic Pyramid","Snecko Eye"],"picked":"Coffee Dripper"},{"not_picked":["Runic Dome","Tiny House"],"picked":"Black Star"}],"items_purged_floors":[7,53,58,69],"is_endless":false,"potions_floor_spawned":[1,2,3,6,14,16,25,28,29,31,39,43,49,52,54,59,60,61,70],"ascension_level":1}}