{"host":"2mxajwyidsax8sss","time":1612288096,"event":{"mods":["100% Spire Juice","2.2 Compatiblity","Act Like it!","Arknights","Aspiration","Bartender","BaseMod","Better Match","Better Note","Better Sensory Stone","Better Vampires","BetterRewards","Block Reminder","CapriCore","ChefMod","Chen","Colored Powertips","Conspire","Decade(???)","Defuse TimeMaze Blight","Downfall","Energized Spire","Friendly Minions","Gensokyo","Googly Eyes","GungeonMod","Hallownest","Hermit","HololiveMod","Hubris","Humility","Jorbs\u0027s Wanderer Trilogy","Koishi","Luminous","Marked Mod","Minty Spire (QoL Compilation)","Nova Terra(??·??)","Pale of the Ancients","Permanent Neow","Prisma Mod","Quick Restart","Random Character Button","Reimu??????","Relic Filter","Relic Stats","Reliquary","Remilia??????","Replay The Spire","SIMod","SOS???????","StSLib","The Animator","The Bug Knight","The Death Knight","The Dragon Tamer","The Immortal","The Kombatant","Wandering Minibosses"],"gold_per_floor":[99,5,24,9,26,42,42,42,42,54,81,6,6,21,31,31,31,31],"floor_reached":16,"language":"ENG","playtime":7349,"items_purged":[],"score":102,"play_id":"782c5f57-1a65-4765-bc93-ad7407b71814","local_time":"20210202184816","is_ascension_mode":false,"campfire_choices":[{"data":"bronze:AlphaBuild","floor":9,"key":"SMITH"},{"floor":13,"key":"REST"}],"circlet_count":0,"master_deck":["bronze:Strike","bronze:Strike","bronze:Strike","bronze:Strike","bronze:Defend","bronze:Defend","bronze:Defend","bronze:Defend","bronze:Replicate","bronze:Goto","bronze:ItsAFeature","bronze:Boost","bronze:OilSpill","bronze:Iterate","bronze:ForceShield","bronze:ChosenStrike","bronze:Philosophize","bronze:AlphaBuild+1","bronze:FineTuning","bronze:BitShift","bronze:DelayedSlice","bronze:GetLatest"],"relics":["bronze:BronzeCore","aspiration:ChemicalBlood","aspiration:SneckoTail","Bag of Marbles"],"acts_visited":["Hallownest:Greenpath"],"potions_floor_usage":[5,6,16],"damage_taken":[{"damage":0,"enemies":"downfall:FleeingMerchant","floor":2,"turns":4},{"damage":1,"enemies":"Hallownest:2_MossCreeps","floor":3,"turns":4},{"damage":15,"enemies":"downfall:FleeingMerchant","floor":4,"turns":6},{"damage":5,"enemies":"Hallownest:2_Tiktiks_and_1_Crawlid","floor":5,"turns":3},{"damage":0,"enemies":"Hallownest:monsterHuskGuard","floor":6,"turns":3},{"damage":1,"enemies":"Hallownest:monsterAspidMother","floor":8,"turns":4},{"damage":13,"enemies":"Hallownest:Guard_and_Warrior","floor":10,"turns":7},{"damage":8,"enemies":"Hallownest:eliteMossKnight","floor":11,"turns":7},{"damage":9,"enemies":"Hallownest:Wandering_and_Horned","floor":14,"turns":6},{"damage":16,"enemies":"Hallownest:1_Ooma_and_2_Uuma","floor":15,"turns":4},{"damage":28,"enemies":"SI_SHIV_ARCHETYPE","floor":16,"turns":3}],"seed_played":"1079904943144192980","potions_obtained":[{"floor":1,"key":"Cursed Concoction"},{"floor":1,"key":"LifebloodPotion"},{"floor":3,"key":"hexamod:SoulburnPotion"},{"floor":5,"key":"ZuzhouPotion:ReiMu"},{"floor":10,"key":"SpeedPotion"},{"floor":14,"key":"DeathKnight:RimePotion"}],"is_trial":false,"path_per_floor":["R","$","M","$","M","M","T","M","R","M","E","?","R","M","M","B"],"character_chosen":"THE_AUTOMATON","items_purchased":["bronze:Boost","bronze:OilSpill"],"campfire_rested":1,"item_purchase_floors":[2,2],"current_hp_per_floor":[70,70,69,54,49,49,49,48,48,35,27,27,48,39,23,0,0,0],"gold":31,"neow_bonus":"RANDOM_COMMON_RELIC","is_daily":false,"chose_seed":false,"campfire_upgraded":1,"win_rate":0.0,"timestamp":1612288096,"path_taken":["R","$","M","$","M","M","T","M","R","M","E","?","R","M","M","BOSS"],"items_purchased_type":["Card","Card"],"build_version":"2020-12-22","purchased_purges":0,"victory":false,"max_hp_per_floor":[70,70,70,70,70,70,70,70,70,70,70,70,70,70,70,70,70,70],"relic_stats":{"counters":[11,51],"obtain_stats":[{"bronze:BronzeCore":0,"aspiration:SneckoTail":7,"DemoMod:GlassGuonStoneRelic":4,"Bag of Marbles":11,"aspiration:ChemicalBlood":0},{"bronze:BronzeCore":0,"aspiration:SneckoTail":5,"DemoMod:GlassGuonStoneRelic":3,"Bag of Marbles":8,"aspiration:ChemicalBlood":0},{"bronze:BronzeCore":0,"aspiration:SneckoTail":20,"DemoMod:GlassGuonStoneRelic":14,"Bag of Marbles":38,"aspiration:ChemicalBlood":0}]},"card_choices":[{"not_picked":["bronze:Overload","bronze:CutThrough"],"picked":"bronze:ItsAFeature","floor":2},{"not_picked":["bronze:DarkDash","bronze:DelayedSlice"],"picked":"bronze:Iterate","floor":3},{"not_picked":["bronze:Branch","bronze:BitShift"],"picked":"bronze:ForceShield","floor":4},{"not_picked":["bronze:FineTuning","bronze:CloningBeam"],"picked":"bronze:ChosenStrike","floor":5},{"not_picked":["bronze:BitShift","bronze:Fortify"],"picked":"bronze:Philosophize","floor":6},{"not_picked":["bronze:MaxOutput","bronze:Deprecate"],"picked":"bronze:AlphaBuild","floor":8},{"not_picked":["bronze:Invalidate","bronze:Mutator"],"picked":"bronze:FineTuning","floor":10},{"not_picked":["bronze:DelayedSlice","bronze:Shield"],"picked":"bronze:BitShift","floor":11},{"not_picked":["bronze:Turbo","bronze:Flail"],"picked":"bronze:DelayedSlice","floor":14},{"not_picked":["bronze:BugBarrage","bronze:Fortify"],"picked":"bronze:GetLatest","floor":15}],"player_experience":209838,"relics_obtained":[{"floor":7,"key":"aspiration:SneckoTail"},{"floor":11,"key":"Bag of Marbles"}],"event_choices":[{"damage_healed":0,"gold_gain":0,"player_choice":"2","damage_taken":0,"max_hp_gain":0,"max_hp_loss":0,"event_name":"betterMatch:BetterMatch","floor":12,"gold_loss":0,"cards_obtained":[]}],"is_beta":false,"boss_relics":[],"items_purged_floors":[],"is_endless":false,"potions_floor_spawned":[3,5,6,10,14],"killed_by":"SI_SHIV_ARCHETYPE","ascension_level":0,"is_humility":true}}