{"host":"btk6hapgokl8j5e3","time":1612240348,"event":{"mods":["Act Like it!","BaseMod","BetterRewards","Colored Powertips","Downfall","Friendly Minions","GifTheSpireLib","Hallownest","Minty Spire (QoL Compilation)","StSLib","The Animator","The Bug Knight","The Necromancer"],"gold_per_floor":[268,268,268,218,234,268,281,1061,1115,1115,1115,1115,1148,960,960,1079,1079,1094,1094,894,894,993,1031,1031,1052,1052,1090,1090,1090,1015,1015,1015,1147,1147,1172,1115,1131,974,994,1017,1017,1048,1073,1115,1129,1129,1129,1155,1155,1155,1155,1155,969,1047,1110,1110,2960,2198,2273,2277,2277],"floor_reached":60,"language":"ENG","playtime":6803,"items_purged":["animator:Defend","animator:Strike","animator:Strike","animator:Strike","animator:Defend","animator:Strike_Kancolle","animator:Defend","animator:Defend_Kancolle","animator:Kaijin","animator:Lelouch","animator:PinaCoLada","animator:Ara+1","animator:NononJakuzure+1","animator:SilverFang+1"],"score":1243,"play_id":"f64d62a4-ca2a-4dc9-8bf2-539052322ad7","local_time":"20210202053228","is_ascension_mode":false,"campfire_choices":[{"floor":10,"key":"RECALL"},{"data":"animator:Saitama","floor":11,"key":"SMITH"},{"floor":15,"key":"DIG"},{"data":"animator:Shiro","floor":24,"key":"SMITH"},{"data":"animator:Ainz","floor":28,"key":"SMITH"},{"floor":32,"key":"REST"},{"data":"animator:Eve","floor":41,"key":"SMITH"},{"data":"animator:Albedo","floor":47,"key":"SMITH"},{"data":"animator:IchigoKurosaki","floor":49,"key":"SMITH"},{"floor":52,"key":"DIG"}],"circlet_count":0,"master_deck":["animator:Shimakaze+1","animator:MisaKurobane","animator:HououinKyouma+1","animator:Hibiki+1","animator:Rimuru","animator:Emonzaemon+1","animator:Sora+1","animator:IchigoKurosaki+1","animator:IchigoKurosaki+1","animator:Lancer+1","animator:Saitama+1","animator:Shichika+1","animator:Shimakaze+1","animator:Albedo+1","animator:Lelouch+1","animator:MisaKurobane+1","animator:Ainz","animator:Eve+1","animator:Shiro+1","animator:Fredrika+1","animator:TukaLunaMarceau+1","animator:DolaStephanie","animator:CowGirl","animator:Eris+1","animator:GuildGirl+1","animator:Albedo+1","animator:Illya+1","animator:Geryuganshoop+1","animator:Eve","animator:Rimuru"],"relics":["animator:TheEruzaStone","animator:AncientMedallion"],"acts_visited":["Exordium","TheCity","TheBeyond","TheEnding","EYB:TheUnnamedReign"],"potions_floor_usage":[50,50,50,60,60],"damage_taken":[{"damage":0,"enemies":"2 Louse","floor":1,"turns":2},{"damage":0,"enemies":"Small Slimes","floor":5,"turns":2},{"damage":0,"enemies":"Gremlin Nob","floor":6,"turns":2},{"damage":0,"enemies":"Cultist","floor":7,"turns":2},{"damage":0,"enemies":"3 Sentries","floor":13,"turns":4},{"damage":0,"enemies":"Slime Boss","floor":16,"turns":6},{"damage":0,"enemies":"Spheric Guardian","floor":18,"turns":1},{"damage":0,"enemies":"Gremlin Leader","floor":23,"turns":2},{"damage":0,"enemies":"3 Byrds","floor":25,"turns":2},{"damage":0,"enemies":"Book of Stabbing","floor":27,"turns":2},{"damage":0,"enemies":"Collector","floor":33,"turns":4},{"damage":0,"enemies":"Orb Walker","floor":35,"turns":2},{"damage":0,"enemies":"3 Darklings","floor":37,"turns":3},{"damage":0,"enemies":"Transient","floor":39,"turns":5},{"damage":0,"enemies":"Writhing Mass","floor":40,"turns":3},{"damage":0,"enemies":"3 Darklings","floor":42,"turns":3},{"damage":0,"enemies":"Giant Head","floor":44,"turns":5},{"damage":0,"enemies":"Sphere and 2 Shapes","floor":45,"turns":2},{"damage":20,"enemies":"Time Eater","floor":50,"turns":4},{"damage":3,"enemies":"animator:UNNAMED_HAT","floor":54,"turns":11},{"damage":0,"enemies":"animator:UNNAMED_CULTIST_1","floor":55,"turns":4},{"damage":10,"enemies":"animator:UNNAMED_CULTIST_2","floor":59,"turns":3},{"damage":140,"enemies":"animator:LARGE_CRYSTAL","floor":60,"turns":4}],"seed_played":"5188478110882306527","potions_obtained":[{"floor":0,"key":"FairyPotion"},{"floor":0,"key":"Fire Potion"},{"floor":0,"key":"animator:GrowthPotion"},{"floor":0,"key":"Guardian:BlockOnCardUsePotion"},{"floor":0,"key":"SteroidPotion"},{"floor":13,"key":"SkillPotion"},{"floor":54,"key":"animator:FalseLifePotion"},{"floor":55,"key":"animator:FalseLifePotion"},{"floor":59,"key":"animator:FalseLifePotion"}],"is_trial":false,"path_per_floor":["M","?","?","?","M","E","M","$","T","R","R","?","E","$","R","B",null,"M","?","$","$","?","E","R","M","T","E","R","?","?","?","R","B",null,"M","?","M","$","M","M","R","M","T","E","M","?","R","T","R","B",null,"R","??","M","M","T","?","$","M","M"],"character_chosen":"THE_ANIMATOR","items_purchased":["animator:ColorlessFragment","animator:MisaKurobane","Chemical X","animator:PinaCoLada","Membership Card","Omamori","animator:Lelouch","animator:Wiz","Lee\u0027s Waffle","Strawberry","FossilizedHelix","Akabeko","animator:HououinKyouma","animator:CerealBox","animator:HeavyHalberd","animator:Hibiki","animator:Rimuru","Prayer Wheel","animator:AlchemistGlove","Bird Faced Urn","animator:Kaijin","animator:Emonzaemon","CloakClasp","Blood Vial","animator:Sora","animator:IchigoKurosaki","animator:IchigoKurosaki","animator:Lancer","animator:Saitama","animator:Ara","animator:Shichika","animator:Shimakaze","Whetstone","Juzu Bracelet","Potion Belt","Toxic Egg 2","War Paint","Cauldron","animator:Albedo","animator:TakanashiRikka+1","Matryoshka","WingedGreaves","Molten Egg 2","animator:Lelouch+1","Mango","Oddly Smooth Stone","animator:MisaKurobane+1","animator:Ainz","Shovel","Question Card","animator:Eve","animator:Shiro","animator:Fredrika+1","animator:TukaLunaMarceau+1","animator:SilverFang+1","Peace Pipe","animator:AncientMedallion","animator:AncientMedallion","animator:AncientMedallion"],"campfire_rested":1,"item_purchase_floors":[0,0,0,0,0,0,0,0,0,0,0,0,0,0,0,0,0,0,0,0,0,0,0,0,0,0,0,0,0,0,0,0,0,0,0,0,0,0,0,0,0,0,0,0,0,0,0,0,0,0,0,0,0,0,0,38,58,58,58],"current_hp_per_floor":[94,71,71,71,73,75,77,77,77,77,77,70,76,76,76,86,94,94,82,82,82,82,86,86,90,90,92,92,92,92,92,94,94,102,104,104,106,106,108,110,110,112,112,114,116,116,116,116,116,96,116,116,98,98,98,98,98,98,88,0,0],"gold":2277,"neow_bonus":"","is_daily":false,"chose_seed":false,"campfire_upgraded":6,"win_rate":0.0,"timestamp":1612240348,"path_taken":["M","?","?","?","M","E","M","$","T","R","R","?","E","$","R","BOSS","M","?","?","$","?","E","R","M","T","E","R","?","?","?","R","BOSS","M","?","M","$","M","M","R","M","T","E","M","?","R","?","R","BOSS","R","??","M","M","T","?","$","M","M"],"items_purchased_type":["Relic","Card","Relic","Card","Relic","Relic","Card","Card","Relic","Relic","Relic","Relic","Card","Relic","Relic","Card","Card","Relic","Relic","Relic","Card","Card","Relic","Relic","Card","Card","Card","Card","Card","Card","Card","Card","Relic","Relic","Relic","Relic","Relic","Relic","Card","Card","Relic","Relic","Relic","Card","Relic","Relic","Card","Card","Relic","Relic","Card","Card","Card","Card","Card","Relic","Relic","Relic","Relic"],"build_version":"2020-12-22","purchased_purges":14,"victory":false,"max_hp_per_floor":[94,94,94,94,94,94,94,94,94,94,94,94,94,94,94,94,94,94,94,94,94,94,94,94,94,94,94,94,94,94,94,94,94,102,104,104,106,106,108,110,110,112,112,114,116,116,116,116,116,116,116,116,98,98,98,98,98,98,98,98,98],"card_choices":[{"not_picked":["animator:DwarfShaman+1","animator:Gluttony+1","animator:Hakurou+1","animator:Berserker+1"],"picked":"SKIP","floor":1},{"not_picked":["animator:Guy+1","animator:Benimaru+1","animator:Vanir+1","animator:CowGirl+1"],"picked":"SKIP","floor":1},{"not_picked":["animator:DolaSchwi+1","animator:Jibril+1","animator:ChlammyZell+1","animator:ChaikaBohdan+1"],"picked":"SKIP","floor":5},{"not_picked":["animator:Kuribayashi+1","animator:Hakurou+1","animator:ElricEdward+1","animator:DolaRiku+1"],"picked":"SKIP","floor":5},{"not_picked":["animator:IchigoKurosaki+1","animator:Urushihara+1","animator:MamizouFutatsuiwa+1"],"picked":"animator:NononJakuzure+1","floor":6},{"not_picked":["animator:TukaLunaMarceau+1","animator:Shion+1","animator:MaesHughes+1","animator:Demiurge+1"],"picked":"SKIP","floor":7},{"not_picked":["animator:Tatsumaki+1","animator:HighElfArcher+1","animator:Viivi+1","animator:Shichika+1"],"picked":"SKIP","floor":7},{"not_picked":["animator:LizardPriest+1","animator:Sonic+1","animator:AcuraAkari+1","animator:LeleiLaLalena+1"],"picked":"SKIP","floor":13},{"not_picked":["animator:Souei+1","animator:Priestess+1","animator:Verdia+1","animator:DolaStephanie+1"],"picked":"SKIP","floor":18},{"not_picked":["animator:Biyorigo","animator:Millim+1","animator:Add+1"],"picked":"animator:DolaStephanie+1","floor":23},{"not_picked":["animator:RoryMercury+1","animator:YuiTsuruno+1","animator:ShinjiMatou+1","animator:Lancer+1"],"picked":"SKIP","floor":25},{"not_picked":["animator:Gillette+1","animator:Verdia+1","animator:Rider+1","animator:GazelDwargon+1"],"picked":"SKIP","floor":25},{"not_picked":["animator:DwarfShaman+1","animator:Chris+1","animator:SuzuneAmano+1"],"picked":"animator:CowGirl+1","floor":32},{"not_picked":["animator:Gilgamesh+1","animator:Elesis+1","animator:FeridBathory"],"picked":"animator:Eris+1","floor":33},{"not_picked":["animator:Geryuganshoop+1","animator:Yuuichirou+1","animator:Guy+1","animator:Vesta+1"],"picked":"SKIP","floor":35},{"not_picked":["animator:Ara+1","animator:DolaCouronne+1","animator:Guy+1","animator:Fredrika+1"],"picked":"SKIP","floor":35},{"not_picked":["animator:NarberalGamma+1","animator:Gillette+1","animator:Guy+1","animator:DolaStephanie+1"],"picked":"SKIP","floor":37},{"not_picked":["animator:IrohaTamaki+1","animator:Alexander+1","animator:LeleiLaLalena+1","animator:Ara+1"],"picked":"SKIP","floor":37},{"not_picked":["animator:Lancer+1","animator:Viivi+1","animator:Mitsuba+1"],"picked":"animator:GuildGirl+1","floor":39},{"not_picked":["animator:Souei+1","animator:Yuuichirou+1","animator:DolaRiku+1","animator:Megumin+1"],"picked":"SKIP","floor":40},{"not_picked":["animator:Millim+1","animator:Assassin+1","animator:Kazuma+1","animator:Illya+1"],"picked":"SKIP","floor":40},{"not_picked":["animator:Aisha+1","animator:Chung+1","animator:DolaSchwi+1"],"picked":"animator:Albedo+1","floor":42},{"not_picked":["animator:GazelDwargon","animator:MaesHughes+1","animator:Jibril+1"],"picked":"animator:Illya+1","floor":42},{"not_picked":["animator:Vesta+1","animator:TukaLunaMarceau+1","animator:YuiTsuruno+1"],"picked":"animator:Geryuganshoop+1","floor":45},{"not_picked":["animator:MumenRider+1","animator:WinryRockbell","animator:RinTohsaka+1","animator:Megumin+1"],"picked":"SKIP","floor":45},{"not_picked":["animator:GuildGirl+1","animator:YunYun+1","animator:Mitsuba+1"],"picked":"SKIP","floor":54},{"not_picked":["animator:Shalltear","animator:MaesHughes"],"picked":"animator:Eve","floor":55},{"not_picked":["animator:Shiro+1","animator:Kyubey+1"],"picked":"animator:Rimuru","floor":57},{"not_picked":["animator:Ciel","animator:LizardPriest","animator:Assassin+1"],"picked":"SKIP","floor":59}],"player_experience":453930,"relics_obtained":[{"floor":6,"key":"Bag of Preparation"},{"floor":9,"key":"Toy Ornithopter"},{"floor":13,"key":"animator:WizardHat"},{"floor":15,"key":"PreservedInsect"},{"floor":23,"key":"Dream Catcher"},{"floor":26,"key":"Letter Opener"},{"floor":26,"key":"Darkstone Periapt"},{"floor":27,"key":"Centennial Puzzle"},{"floor":43,"key":"Red Skull"},{"floor":44,"key":"Unceasing Top"},{"floor":48,"key":"Nunchaku"},{"floor":52,"key":"Paper Frog"},{"floor":53,"key":"animator:TheEruzaStone"},{"floor":53,"key":"animator:AncientMedallion"},{"floor":56,"key":"animator:AncientMedallion"}],"event_choices":[{"damage_healed":0,"gold_gain":0,"player_choice":"Take Damage","damage_taken":23,"relics_obtained":["Golden Idol"],"max_hp_gain":0,"max_hp_loss":0,"event_name":"Golden Idol","floor":2,"gold_loss":0},{"damage_healed":0,"gold_gain":0,"player_choice":"0 cards matched","damage_taken":0,"max_hp_gain":0,"max_hp_loss":0,"event_name":"Match and Keep!","floor":3,"gold_loss":0,"cards_obtained":[]},{"cards_removed":["animator:Wiz"],"damage_healed":0,"gold_gain":0,"player_choice":"Card Removal","damage_taken":0,"max_hp_gain":0,"max_hp_loss":0,"event_name":"The Cleric","floor":4,"gold_loss":50},{"cards_removed":["animator:TakanashiRikka"],"damage_healed":0,"gold_gain":0,"player_choice":"Card Removal","damage_taken":7,"max_hp_gain":0,"max_hp_loss":0,"event_name":"Golden Wing","floor":12,"gold_loss":0},{"damage_healed":0,"gold_gain":0,"player_choice":"CARD ","damage_taken":12,"max_hp_gain":0,"max_hp_loss":0,"event_name":"Knowing Skull","floor":19,"potions_obtained":[],"gold_loss":0,"cards_obtained":["animator:NononJakuzure"]},{"damage_healed":0,"gold_gain":99,"player_choice":"Stole From Cult","damage_taken":0,"max_hp_gain":0,"max_hp_loss":0,"event_name":"Nest","floor":22,"gold_loss":0},{"cards_removed":["animator:NononJakuzure"],"damage_healed":0,"gold_gain":0,"player_choice":"Gave Gold","damage_taken":0,"max_hp_gain":0,"max_hp_loss":0,"event_name":"Beggar","floor":30,"gold_loss":75},{"damage_healed":0,"gold_gain":0,"player_choice":"Paid Gold","damage_taken":0,"relics_obtained":["Shuriken"],"max_hp_gain":0,"max_hp_loss":0,"event_name":"WeMeetAgain","floor":36,"gold_loss":57},{"damage_healed":0,"gold_gain":0,"player_choice":"Ignored","damage_taken":0,"max_hp_gain":0,"max_hp_loss":0,"event_name":"NoteForYourself","floor":46,"gold_loss":0}],"is_beta":false,"boss_relics":[{"not_picked":["Tiny House","Sozu"],"picked":"Philosopher\u0027s Stone"},{"not_picked":["Calling Bell","Black Star"],"picked":"animator:HolyGrailRelic"}],"items_purged_floors":[0,0,0,0,0,0,0,0,0,0,0,8,14,20],"is_endless":false,"potions_floor_spawned":[13,16,23,39,40,44,45,54],"killed_by":"animator:LARGE_CRYSTAL","ascension_level":0}}