{"host":"q9718omregw4er46","time":1612284248,"event":{"mods":["BaseMod","Bestiary","Minty Spire (QoL Compilation)","Quick Restart","Relic Stats"],"gold_per_floor":[116,132,34,34,50,50,62,91,91,107,107,117,117,145,145,220,220,238,238,9,20,30,57,57,90,90,90,121,149,149,166,166,237,237,248,261,261,186,202,233,233,259,259,259,275,300,325,67,67,67,67,67,67,11,11,11],"floor_reached":55,"language":"ENG","playtime":3168,"items_purged":["Strike_B","Strike_B"],"score":2086,"play_id":"fce7eca1-0bff-400e-9698-e7adcea6a137","local_time":"20210202214408","is_ascension_mode":true,"campfire_choices":[{"data":"Ball Lightning","floor":6.0,"key":"SMITH"},{"data":"Ball Lightning","floor":11.0,"key":"SMITH"},{"data":"Self Repair","floor":13.0,"key":"SMITH"},{"data":"Self Repair","floor":15.0,"key":"SMITH"},{"floor":24.0,"key":"REST"},{"data":"Defragment","floor":27.0,"key":"SMITH"},{"data":"Electrodynamics","floor":32.0,"key":"SMITH"},{"floor":41.0,"key":"RECALL"},{"data":"Go for the Eyes","floor":44.0,"key":"SMITH"},{"data":"Core Surge","floor":49.0,"key":"SMITH"},{"data":"Zap","floor":53.0,"key":"SMITH"}],"circlet_count":0,"master_deck":["AscendersBane","Strike_B","Strike_B","Defend_B","Defend_B","Defend_B","Defend_B","Zap+1","Dualcast","Ball Lightning+1","Self Repair+1","Ball Lightning+1","Self Repair+1","Glacier+1","Electrodynamics+1","Defragment+1","Apotheosis+1","Conserve Battery+1","Coolheaded+1","Chill+1","Echo Form","Core Surge+1","Conserve Battery+1","White Noise+1","Go for the Eyes+1","Steam+1","Fusion+1","Steam+1"],"relics":["Cracked Core","NeowsBlessing","TungstenRod","Du-Vu Doll","Toxic Egg 2","Runic Pyramid","Enchiridion","StoneCalendar","Eternal Feather","Ornamental Fan","WingedGreaves","DataDisk","Inserter","Kunai","Thread and Needle","Bottled Lightning","Strawberry","Calipers","OrangePellets"],"acts_visited":["Exordium","TheCity","TheBeyond","TheEnding"],"potions_floor_usage":[],"damage_taken":[{"damage":0.0,"enemies":"Small Slimes","floor":1.0,"turns":1.0},{"damage":0.0,"enemies":"Jaw Worm","floor":2.0,"turns":1.0},{"damage":0.0,"enemies":"Cultist","floor":5.0,"turns":1.0},{"damage":11.0,"enemies":"3 Louse","floor":7.0,"turns":4.0},{"damage":23.0,"enemies":"Lagavulin","floor":8.0,"turns":6.0},{"damage":0.0,"enemies":"Exordium Thugs","floor":10.0,"turns":3.0},{"damage":0.0,"enemies":"Gremlin Gang","floor":12.0,"turns":1.0},{"damage":22.0,"enemies":"Gremlin Nob","floor":14.0,"turns":4.0},{"damage":44.0,"enemies":"The Guardian","floor":16.0,"turns":12.0},{"damage":31.0,"enemies":"Shell Parasite","floor":18.0,"turns":6.0},{"damage":0.0,"enemies":"Spheric Guardian","floor":21.0,"turns":3.0},{"damage":18.0,"enemies":"Snake Plant","floor":22.0,"turns":3.0},{"damage":47.0,"enemies":"Slavers","floor":23.0,"turns":7.0},{"damage":0.0,"enemies":"Gremlin Leader","floor":25.0,"turns":7.0},{"damage":9.0,"enemies":"Slavers","floor":28.0,"turns":5.0},{"damage":29.0,"enemies":"Gremlin Leader","floor":29.0,"turns":7.0},{"damage":0.0,"enemies":"Sentry and Sphere","floor":31.0,"turns":7.0},{"damage":24.0,"enemies":"Automaton","floor":33.0,"turns":11.0},{"damage":0.0,"enemies":"3 Darklings","floor":35.0,"turns":3.0},{"damage":5.0,"enemies":"Orb Walker","floor":36.0,"turns":3.0},{"damage":6.0,"enemies":"Maw","floor":39.0,"turns":7.0},{"damage":52.0,"enemies":"Reptomancer","floor":40.0,"turns":6.0},{"damage":0.0,"enemies":"Nemesis","floor":42.0,"turns":9.0},{"damage":7.0,"enemies":"Writhing Mass","floor":45.0,"turns":5.0},{"damage":13.0,"enemies":"Reptomancer","floor":46.0,"turns":7.0},{"damage":7.0,"enemies":"Mind Bloom Boss Battle","floor":47.0,"turns":7.0},{"damage":8.0,"enemies":"Time Eater","floor":50.0,"turns":13.0},{"damage":29.0,"enemies":"Awakened One","floor":51.0,"turns":14.0},{"damage":83,"enemies":"Shield and Spear","floor":55,"turns":5}],"seed_played":"-6308896314170797505","potions_obtained":[{"floor":2.0,"key":"Block Potion"},{"floor":8.0,"key":"EssenceOfSteel"},{"floor":10.0,"key":"Explosive Potion"},{"floor":12.0,"key":"Weak Potion"},{"floor":18.0,"key":"Block Potion"},{"floor":23.0,"key":"Block Potion"},{"floor":31.0,"key":"Fire Potion"},{"floor":33.0,"key":"Explosive Potion"},{"floor":35.0,"key":"Swift Potion"},{"floor":36.0,"key":"DuplicationPotion"},{"floor":45.0,"key":"DistilledChaos"},{"floor":46.0,"key":"Fire Potion"}],"is_trial":false,"path_per_floor":["M","M","$","?","M","R","M","E","T","M","R","M","R","E","R","B",null,"M","?","$","M","M","E","R","E","T","R","E","E","?","M","R","B",null,"M","M","?","$","M","E","R","E","T","R","M","E","?","$","R","B","B",null,"R","$","E"],"character_chosen":"DEFECT","items_purchased":["Ball Lightning","Self Repair","Defragment","Apotheosis+1","OrangePellets","Dexterity Potion"],"campfire_rested":1,"item_purchase_floors":[3,3,20,20,48,54],"current_hp_per_floor":[64,64,64,64,64,64,60,44,44,51,51,51,51,46,46,22,59,48,31,31,51,53,26,47,71,71,71,71,71,62,71,71,67,70,71,71,71,71,71,59,71,71,71,71,71,78,78,78,78,78,78,78,78,78,0,0],"gold":11,"neow_bonus":"THREE_ENEMY_KILL","is_daily":false,"chose_seed":false,"campfire_upgraded":9,"win_rate":0.0,"timestamp":1612284248,"path_taken":["M","M","$","?","M","R","M","E","T","M","R","M","R","E","R","BOSS","M","?","$","M","M","E","R","E","T","R","E","E","?","?","R","BOSS","M","M","?","?","?","E","R","E","T","R","M","E","?","?","R","BOSS","BOSS","R","$","E"],"items_purchased_type":["Card","Card","Card","Card","Relic","Potion"],"build_version":"2020-12-22","purchased_purges":2,"victory":false,"max_hp_per_floor":[71,71,71,71,71,71,71,71,71,71,71,71,71,71,71,71,71,71,71,71,71,71,71,71,71,71,71,71,71,71,71,71,71,71,71,71,71,71,71,71,71,71,71,71,71,78,78,78,78,78,78,78,78,78,78,78],"relic_stats":{"OrangePellets":[2],"Inserter":[38],"counters":[29,168],"Ornamental Fan":[68],"StoneCalendar":[254],"Eternal Feather":12,"Kunai":[13],"obtain_stats":[{"Inserter":34,"Calipers":47,"NeowsBlessing":0,"Enchiridion":19,"StoneCalendar":23,"Eternal Feather":25,"Thread and Needle":40,"Du-Vu Doll":9,"OrangePellets":48,"DataDisk":29,"Ornamental Fan":26,"Strawberry":46,"WingedGreaves":28,"Kunai":37,"Bottled Lightning":42,"Toxic Egg 2":14,"Cracked Core":0,"TungstenRod":8,"Runic Pyramid":17},{"Inserter":18,"Calipers":26,"NeowsBlessing":0,"Enchiridion":10,"StoneCalendar":13,"Eternal Feather":14,"Thread and Needle":22,"Du-Vu Doll":5,"OrangePellets":26,"DataDisk":16,"Ornamental Fan":14,"Strawberry":25,"WingedGreaves":15,"Kunai":20,"Bottled Lightning":23,"Toxic Egg 2":8,"Cracked Core":0,"TungstenRod":5,"Runic Pyramid":9},{"Inserter":89,"Calipers":136,"NeowsBlessing":0,"Enchiridion":39,"StoneCalendar":52,"Eternal Feather":59,"Thread and Needle":108,"Du-Vu Doll":13,"OrangePellets":136,"DataDisk":71,"Ornamental Fan":59,"Strawberry":129,"WingedGreaves":64,"Kunai":95,"Bottled Lightning":117,"Toxic Egg 2":21,"Cracked Core":0,"TungstenRod":13,"Runic Pyramid":33}],"TungstenRod":71},"card_choices":[{"not_picked":["Coolheaded","Leap"],"picked":"Ball Lightning","floor":1.0},{"not_picked":["Streamline","Gash","Conserve Battery"],"picked":"SKIP","floor":2.0},{"not_picked":["Thunder Strike","Aggregate","Force Field"],"picked":"SKIP","floor":5.0},{"not_picked":["Compile Driver","Steam Power"],"picked":"Ball Lightning","floor":7.0},{"not_picked":["Recycle","Aggregate","Compile Driver"],"picked":"SKIP","floor":8.0},{"not_picked":["Reprogram","Skim","Compile Driver"],"picked":"SKIP","floor":10.0},{"not_picked":["Reinforced Body","Leap"],"picked":"Self Repair","floor":12.0},{"not_picked":["Gash","Barrage"],"picked":"Glacier+1","floor":14.0},{"not_picked":["Rainbow+1","Seek+1"],"picked":"Electrodynamics","floor":16.0},{"not_picked":["Rebound","Compile Driver","Gash"],"picked":"SKIP","floor":18.0},{"not_picked":["Gash","Cold Snap"],"picked":"Conserve Battery+1","floor":21.0},{"not_picked":["Conserve Battery+1","Gash"],"picked":"Coolheaded+1","floor":22.0},{"not_picked":["Leap+1","Genetic Algorithm+1"],"picked":"Chill+1","floor":23.0},{"not_picked":["Storm","Reinforced Body+1"],"picked":"Echo Form","floor":25.0},{"not_picked":["Lockon","Stack+1","Auto Shields+1"],"picked":"SKIP","floor":28.0},{"not_picked":["Compile Driver","Leap+1"],"picked":"Core Surge","floor":29.0},{"not_picked":["Beam Cell","Reprogram+1"],"picked":"Conserve Battery+1","floor":31.0},{"not_picked":["Hologram+1","Beam Cell"],"picked":"White Noise+1","floor":35.0},{"not_picked":["Sweeping Beam","Compile Driver"],"picked":"Go for the Eyes","floor":36.0},{"not_picked":["Sweeping Beam+1","Scrape"],"picked":"Steam+1","floor":39.0},{"not_picked":["Stack+1","Steam Power+1","Leap+1"],"picked":"SKIP","floor":40.0},{"not_picked":["Stack+1","Steam Power+1","Leap+1"],"picked":"SKIP","floor":40.0},{"not_picked":["Capacitor","Leap+1"],"picked":"Fusion+1","floor":42.0},{"not_picked":["Barrage","Gash+1","Cold Snap+1"],"picked":"SKIP","floor":45.0},{"not_picked":["Thunder Strike","Go for the Eyes","Stack+1"],"picked":"SKIP","floor":46.0},{"not_picked":["Rebound","Self Repair"],"picked":"Steam+1","floor":47.0}],"player_experience":777631,"relics_obtained":[{"floor":8.0,"key":"TungstenRod"},{"floor":9.0,"key":"Du-Vu Doll"},{"floor":14.0,"key":"Toxic Egg 2"},{"floor":19.0,"key":"Enchiridion"},{"floor":23.0,"key":"StoneCalendar"},{"floor":25.0,"key":"Eternal Feather"},{"floor":26.0,"key":"Ornamental Fan"},{"floor":28.0,"key":"WingedGreaves"},{"floor":29.0,"key":"DataDisk"},{"floor":40.0,"key":"Thread and Needle"},{"floor":42.0,"key":"Bottled Lightning"},{"floor":46.0,"key":"Strawberry"},{"floor":47.0,"key":"Calipers"}],"event_choices":[{"damage_healed":0.0,"max_hp_gain":0.0,"max_hp_loss":0.0,"gold_gain":0.0,"event_name":"Living Wall","player_choice":"Grow","floor":4.0,"gold_loss":0.0,"damage_taken":0.0,"cards_upgraded":["Ball Lightning"]},{"damage_healed":0.0,"max_hp_gain":0.0,"max_hp_loss":0.0,"gold_gain":0.0,"event_name":"Cursed Tome","player_choice":"Obtained Book","floor":19.0,"gold_loss":0.0,"damage_taken":21.0},{"damage_healed":0.0,"max_hp_gain":0.0,"max_hp_loss":0.0,"gold_gain":0.0,"event_name":"Wheel of Change","player_choice":"Damaged","floor":30.0,"gold_loss":0.0,"damage_taken":10.0},{"cards_removed":["Ball Lightning"],"damage_healed":0.0,"max_hp_gain":0.0,"max_hp_loss":0.0,"gold_gain":0.0,"event_name":"WeMeetAgain","player_choice":"Gave Card","floor":37.0,"gold_loss":0.0,"damage_taken":0.0,"relics_obtained":["Kunai"]},{"damage_healed":0.0,"max_hp_gain":0.0,"max_hp_loss":0.0,"gold_gain":0.0,"event_name":"MindBloom","player_choice":"Fight","floor":47.0,"gold_loss":0.0,"damage_taken":0.0}],"is_beta":false,"boss_relics":[{"not_picked":["Fusion Hammer","Black Star"],"picked":"Runic Pyramid"},{"not_picked":["Snecko Eye","Sozu"],"picked":"Inserter"}],"items_purged_floors":[38,48],"is_endless":false,"potions_floor_spawned":[2,8,10,12,18,23,31,33,35,36,45,46],"killed_by":"Shield and Spear","ascension_level":20}}