{"host":"k7udt7atmcuzf6l0","time":1612232570,"event":{"mods":["AchievementEnabler","BaseMod","BetterRewards","Colored Map","Colored Powertips","Highlight Path","Minty Spire (QoL Compilation)","Quick Restart","Rare Cards Sparkle","Relic Stats","StSLib","UnlockEverythingMod"],"gold_per_floor":[117,117,130,150,166,201,201,213,289,303,314,314,340,38,38,139,139,155,174,201,201,201,201,201],"floor_reached":23,"language":"ZHS","playtime":576,"items_purged":[],"score":253,"play_id":"b4d23d7e-8536-469e-95b1-d455cdea6e33","local_time":"20210202102250","is_ascension_mode":false,"campfire_choices":[{"data":"Bludgeon","floor":7,"key":"SMITH"},{"data":"Armaments","floor":12,"key":"SMITH"},{"data":"1","floor":15,"key":"LIFT"}],"circlet_count":0,"master_deck":["Strike_R","Strike_R","Strike_R","Strike_R","Strike_R","Defend_R","Defend_R","Defend_R","Bash","Bludgeon+1","Headbutt","Flex","Shockwave","Armaments+1","Flex","Combust","Exhume","Pommel Strike+1","Warcry+1"],"relics":["Burning Blood","Bottled Flame","Paper Frog","Girya","HandDrill","Bag of Preparation","Black Star","Anchor","Strawberry"],"acts_visited":["Exordium","TheCity"],"potions_floor_usage":[13,19,19],"damage_taken":[{"damage":8.0,"enemies":"Small Slimes","floor":1.0,"turns":2.0},{"damage":0.0,"enemies":"Cultist","floor":3.0,"turns":2.0},{"damage":6.0,"enemies":"Jaw Worm","floor":4.0,"turns":2.0},{"damage":10.0,"enemies":"Looter","floor":5.0,"turns":2.0},{"damage":8.0,"enemies":"Gremlin Nob","floor":6.0,"turns":3.0},{"damage":8,"enemies":"Exordium Wildlife","floor":8,"turns":3},{"damage":7,"enemies":"Large Slime","floor":10,"turns":5},{"damage":13,"enemies":"Red Slaver","floor":11,"turns":2},{"damage":22,"enemies":"3 Sentries","floor":13,"turns":5},{"damage":0,"enemies":"Slime Boss","floor":16,"turns":5},{"damage":22,"enemies":"Spheric Guardian","floor":18,"turns":4},{"damage":11,"enemies":"3 Byrds","floor":19,"turns":5},{"damage":112,"enemies":"Gremlin Leader","floor":23,"turns":5}],"seed_played":"4570447163009148304","potions_obtained":[{"floor":1.0,"key":"Fruit Juice"},{"floor":3.0,"key":"Ancient Potion"},{"floor":5.0,"key":"Explosive Potion"},{"floor":8,"key":"SpeedPotion"},{"floor":11,"key":"FairyPotion"},{"floor":18,"key":"Energy Potion"}],"is_trial":false,"path_per_floor":["M","?","M","M","M","E","R","M","T","M","M","R","E","$","R","B",null,"M","M","T","?","?","E"],"character_chosen":"IRONCLAD","items_purchased":["HandDrill","Bag of Preparation"],"campfire_rested":0,"item_purchase_floors":[14,14],"current_hp_per_floor":[78,78,85,85,81,79,79,77,77,76,69,69,53,53,53,59,85,69,64,64,64,71,0,0],"gold":201,"neow_bonus":"ONE_RANDOM_RARE_CARD","is_daily":false,"chose_seed":false,"campfire_upgraded":2,"win_rate":0.0,"timestamp":1612232570,"path_taken":["M","?","?","M","?","E","R","M","T","M","M","R","E","$","R","BOSS","M","?","?","?","?","E"],"items_purchased_type":["Relic","Relic"],"build_version":"2020-12-22","purchased_purges":0,"victory":false,"max_hp_per_floor":[80,80,85,85,85,85,85,85,85,85,85,85,85,85,85,85,85,85,85,85,85,92,92,92],"relic_stats":{"counters":[13,45],"HandDrill":[12],"Bag of Preparation":[8],"Black Star":0,"obtain_stats":[{"Girya":13,"Bottled Flame":6,"Anchor":20,"Strawberry":22,"HandDrill":14,"Bag of Preparation":14,"Black Star":17,"Burning Blood":0,"Paper Frog":9},{"Girya":9,"Bottled Flame":5,"Anchor":12,"Strawberry":12,"HandDrill":9,"Bag of Preparation":9,"Black Star":10,"Burning Blood":0,"Paper Frog":6},{"Girya":26,"Bottled Flame":11,"Anchor":40,"Strawberry":40,"HandDrill":26,"Bag of Preparation":26,"Black Star":31,"Burning Blood":0,"Paper Frog":14}],"Burning Blood":68},"card_choices":[{"not_picked":["Feel No Pain","Clothesline","Reckless Charge"],"picked":"SKIP","floor":1.0},{"not_picked":["Feel No Pain","Clothesline","Reckless Charge"],"picked":"SKIP","floor":1.0},{"not_picked":["Dual Wield","Searing Blow"],"picked":"Headbutt","floor":3.0},{"not_picked":["Rage","Body Slam"],"picked":"Flex","floor":4.0},{"not_picked":["Anger","Dropkick","Pommel Strike"],"picked":"SKIP","floor":5.0},{"not_picked":["Limit Break","Thunderclap"],"picked":"Shockwave","floor":6},{"not_picked":["Heavy Blade","Clash"],"picked":"Armaments","floor":8},{"not_picked":["Havoc","Shockwave"],"picked":"Flex","floor":10},{"not_picked":["Pommel Strike","Carnage"],"picked":"Combust","floor":11},{"not_picked":["Cleave","True Grit","Armaments"],"picked":"SKIP","floor":13},{"not_picked":["Corruption","Demon Form"],"picked":"Exhume","floor":16},{"not_picked":["Body Slam","Sword Boomerang"],"picked":"Pommel Strike+1","floor":18},{"not_picked":["Cleave","Flame Barrier+1"],"picked":"Warcry+1","floor":19}],"player_experience":30749,"relics_obtained":[{"floor":6,"key":"Bottled Flame"},{"floor":9,"key":"Paper Frog"},{"floor":13,"key":"Girya"},{"floor":20,"key":"Anchor"}],"event_choices":[{"cards_removed":["Defend_R"],"damage_healed":0.0,"max_hp_gain":0.0,"max_hp_loss":0.0,"gold_gain":0.0,"event_name":"Bonfire Elementals","player_choice":"Offered Basic","floor":2.0,"gold_loss":0.0,"damage_taken":0.0},{"damage_healed":0,"gold_gain":0,"player_choice":"Ignored","damage_taken":0,"max_hp_gain":0,"max_hp_loss":0,"event_name":"Ghosts","floor":21,"gold_loss":0},{"damage_healed":0,"gold_gain":0,"player_choice":"Opened","damage_taken":0,"relics_obtained":["Strawberry"],"max_hp_gain":0,"max_hp_loss":0,"event_name":"The Mausoleum","floor":22,"gold_loss":0}],"is_beta":false,"boss_relics":[{"not_picked":["Fusion Hammer","Pandora\u0027s Box"],"picked":"Black Star"}],"items_purged_floors":[],"is_endless":false,"potions_floor_spawned":[1,3,5,8,11,18],"killed_by":"Gremlin Leader","ascension_level":0}}