{"host":"3845m0wekkhud1e6","time":1612230240,"event":{"mods":["2.2 Compatiblity","AchievementEnabler","Act Like it!","Aspiration","BaseMod","Beaked The Cultist","Better Altar","Better Match","Better Note","Better Sensory Stone","Better Skull","Better Third Choice","BetterRewards","Block Reminder","Challenge The Spire","Colored Powertips","Conspire","Dark Map","Downfall","Energized Spire","GifTheSpireLib","GungeonMod","Halation","Hallownest","Hermit","Hubris","Infinite Spire","Mad Scientist","Marisa????????","Minty Spire (QoL Compilation)","Permanent Neow","RNG Fix","Random Character Button","Rare Cards Sparkle","Replay The Spire","Shop Mod","Spicy Shops","Spikes Relics","StSLib","Strawberry Spire","Stuff the Spire","The Blue Laboratory","The Bug Knight","The Construct","The Cursed","The Disciple","The Hayseed","The Jungle","The Poker Player","The Problem Sleuth","The Sage","The Spell Scribe","Trackpad","Uncapped","Unknown Chances","Wandering Minibosses"],"gold_per_floor":[17,27,41,58,72,104,104,122,147,166,166,179,179,195,195,300,300,312,312,162,179,179,212,212,239,265,265,265,265,315,328,328,328,328],"floor_reached":33,"language":"ENG","playtime":1667,"items_purged":["Defend_R","Underhanded Strike"],"score":364,"play_id":"c9f623a3-c894-407d-842e-a78fe00d51cc","local_time":"20210202024400","is_ascension_mode":false,"campfire_choices":[{"data":"Berserk","floor":7,"key":"SMITH"},{"floor":11,"key":"REST"},{"data":"ReplayTheSpireMod:Limb From Limb","floor":24,"key":"SMITH"},{"data":"Eclipse","floor":28,"key":"SMITH"},{"data":"Bash","floor":32,"key":"SMITH"}],"circlet_count":0,"master_deck":["Strike_R","Strike_R","Defend_R","Defend_R","Defend_R","Bash+1","DemoMod:WhiteBlade","DemoMod:BlackBlade","Replay:Undeath\u0027s Touch","Cleave","Berserk+1","Inflame","ReplayTheSpireMod:Stacked","DemoMod:WhiteBlade","Twin Strike","ReplayTheSpireMod:From All Sides+1","Die Die Die","Eclipse+1","ReplayTheSpireMod:Limb From Limb+1","Sword Boomerang"],"relics":["Burning Blood","infinitespire:Beetle Shell","trackpad:CultistFigurine","construct:ClawGrip","Replay:Mystery Machine","aspiration:Lifesprig","Lantern","Replay:Rubber Ducky","PreservedInsect","theSleuth:Spyglass"],"acts_visited":["Exordium","TheCity"],"potions_floor_usage":[4,8,16,25,33],"damage_taken":[{"damage":4,"enemies":"conspire:RoseBush","floor":1,"turns":3},{"damage":11,"enemies":"Jaw Worm","floor":2,"turns":3},{"damage":8,"enemies":"Small Slimes","floor":3,"turns":5},{"damage":22,"enemies":"Gremlin Gang","floor":4,"turns":4},{"damage":20,"enemies":"Large Slime","floor":5,"turns":5},{"damage":14,"enemies":"HollowMod:MossKnight","floor":6,"turns":7},{"damage":28,"enemies":"3 Louse","floor":8,"turns":5},{"damage":21,"enemies":"Exordium Thugs","floor":10,"turns":4},{"damage":0,"enemies":"Large Slime","floor":12,"turns":4},{"damage":18,"enemies":"Lots of Slimes","floor":14,"turns":4},{"damage":0,"enemies":"Slime Boss","floor":16,"turns":4},{"damage":15,"enemies":"Shell Parasite","floor":18,"turns":4},{"damage":35,"enemies":"Snake Plant","floor":21,"turns":3},{"damage":14,"enemies":"HollowMod:Nosk","floor":23,"turns":5},{"damage":11,"enemies":"conspire:SneckoGhost","floor":25,"turns":7},{"damage":15,"enemies":"Shelled Parasite and Fungi","floor":31,"turns":4},{"damage":36,"enemies":"Pondfish","floor":33,"turns":6}],"seed_played":"7987066821925437845","potions_obtained":[{"floor":2,"key":"blueLaboratory:HorrorPotion"},{"floor":4,"key":"blueLaboratory:HorrorPotion"},{"floor":6,"key":"Strength Potion"},{"floor":14,"key":"FearPotion"},{"floor":16,"key":"Reflective Coating"},{"floor":18,"key":"Fire Potion"},{"floor":19,"key":"blueLaboratory:CorrosionFlask"},{"floor":23,"key":"blueLaboratory:BottleOfVodka"}],"is_trial":false,"path_per_floor":["M","M","M","M","M","E","R","M","T","M","R","M","?","M","R","B",null,"M","?","$","M","?","E","R","E","T","AVR","R","?","?","M","R","B"],"character_chosen":"IRONCLAD","items_purchased":["Replay:Mystery Machine"],"campfire_rested":1,"item_purchase_floors":[20],"current_hp_per_floor":[96,91,89,73,59,51,51,29,29,14,42,48,48,36,64,70,96,87,87,87,58,58,50,50,45,45,45,45,45,45,36,36,0,0],"gold":328,"neow_bonus":"TWENTY_PERCENT_HP_BONUS","is_daily":false,"chose_seed":false,"campfire_upgraded":4,"win_rate":0.0,"timestamp":1612230240,"path_taken":["M","M","?","M","M","E","R","M","T","M","R","M","?","M","R","BOSS","M","?","$","M","?","E","R","E","T","AVR","R","?","?","M","R","BOSS"],"items_purchased_type":["Relic"],"build_version":"2020-12-22","purchased_purges":2,"victory":false,"max_hp_per_floor":[96,96,96,96,96,96,96,96,96,96,96,96,96,96,96,96,96,96,96,96,96,96,96,96,96,96,96,96,96,96,96,96,96,96],"card_choices":[{"not_picked":["Bloodletting","Shrug It Off"],"picked":"DemoMod:WhiteBlade","floor":1},{"not_picked":["strawberrySpire:Aggression","Flex"],"picked":"Replay:Undeath\u0027s Touch","floor":2},{"not_picked":["Clothesline","strawberrySpire:ZonePlayer"],"picked":"Cleave","floor":3},{"not_picked":["ReplayReversal","Warcry"],"picked":"Berserk","floor":4},{"not_picked":["strawberrySpire:Endurance","strawberrySpire:DraftPunk"],"picked":"Inflame","floor":5},{"not_picked":["Body Slam","Havoc","strawberrySpire:Hellbender"],"picked":"SKIP","floor":6},{"not_picked":["Perfected Strike","Burning Pact"],"picked":"ReplayTheSpireMod:Stacked","floor":8},{"not_picked":["strawberrySpire:Aggression","Burning Pact"],"picked":"DemoMod:WhiteBlade","floor":10},{"not_picked":["StuffTheSpire:RockThrow","Sentinel"],"picked":"Twin Strike","floor":12},{"not_picked":["Run Through","strawberrySpire:DraftPunk","strawberrySpire:Aggression"],"picked":"SKIP","floor":14},{"not_picked":["Hemogenesis","hubris:StunningStrike"],"picked":"Eclipse","floor":16},{"not_picked":["ReplayTheSpireMod:LeadingStrike","Metallicize","Clash"],"picked":"SKIP","floor":18},{"not_picked":["Flame Barrier","Replay:Undeath\u0027s Touch"],"picked":"ReplayTheSpireMod:Limb From Limb","floor":21},{"not_picked":["Havoc","Replay:Many Hands","strawberrySpire:PumpUp"],"picked":"SKIP","floor":23},{"not_picked":["Feel No Pain+1","Run Through"],"picked":"Sword Boomerang","floor":25},{"not_picked":["Rage","StuffTheSpire:Slingshot","Evolve+1"],"picked":"SKIP","floor":31}],"player_experience":343451,"relics_obtained":[{"floor":6,"key":"infinitespire:Beetle Shell"},{"floor":9,"key":"trackpad:CultistFigurine"},{"floor":23,"key":"Lantern"},{"floor":25,"key":"Replay:Rubber Ducky"},{"floor":26,"key":"PreservedInsect"}],"event_choices":[{"damage_healed":0,"gold_gain":0,"player_choice":"Got Potions","damage_taken":0,"max_hp_gain":0,"max_hp_loss":0,"event_name":"Lab","floor":19,"gold_loss":0},{"damage_healed":0,"gold_gain":0,"player_choice":"Gave Potion","damage_taken":0,"relics_obtained":["aspiration:Lifesprig"],"max_hp_gain":0,"max_hp_loss":0,"event_name":"WeMeetAgain","floor":22,"gold_loss":0},{"damage_healed":0,"gold_gain":0,"player_choice":"Ignored","damage_taken":0,"max_hp_gain":0,"max_hp_loss":0,"event_name":"betterNote:BetterNote","floor":29,"gold_loss":0,"cards_obtained":["beaked:CrazyRituals"]},{"damage_healed":0,"gold_gain":100,"player_choice":"Bet on Murderer","damage_taken":0,"max_hp_gain":0,"max_hp_loss":0,"event_name":"The Joust","floor":30,"gold_loss":50}],"is_beta":false,"boss_relics":[{"not_picked":["halation:Yufonium","halation:Risk"],"picked":"construct:ClawGrip"}],"items_purged_floors":[20,27],"is_endless":false,"potions_floor_spawned":[2,4,6,14,16,18,23],"killed_by":"Pondfish","ascension_level":0}}