{"host":"hcg1n1zeml53gytb","time":1612241135,"event":{"mods":["BaseMod","Better Third Choice","Colored Powertips","Displayed Cursed Tome","Hermit","Highlight Path","Minty Spire (QoL Compilation)","Quick Restart","Rare Cards Sparkle","Relic Stats","Replay The Spire","StSLib","The Cursed"],"gold_per_floor":[111,111,122,13,13,41,41,59,59,73,89,89,121,137,137,137,137],"floor_reached":16,"language":"ENG","playtime":542,"items_purged":["Strike_R"],"score":144,"play_id":"855527f5-f520-464f-b7b5-347c00cbadee","local_time":"20210201224535","is_ascension_mode":true,"campfire_choices":[{"data":"Eclipse","floor":7,"key":"SMITH"},{"data":"Feel No Pain","floor":12,"key":"SMITH"},{"data":"Flex","floor":15,"key":"SMITH"}],"circlet_count":0,"master_deck":["Strike_R","Strike_R","Strike_R","Strike_R","Defend_R","Defend_R","Defend_R","Defend_R","Bash","Headbutt","Thunderclap","Feel No Pain+1","Eclipse+1","Run Through","Ghostly Armor","Shrug It Off","Flex+1"],"relics":["Burning Blood","NeowsBlessing","Replay:Bottled Flurry","ReplayTheSpireMod:Lightbulb","Singing Bowl"],"acts_visited":["Exordium"],"potions_floor_usage":[10],"damage_taken":[{"damage":0,"enemies":"Jaw Worm","floor":1,"turns":1},{"damage":0,"enemies":"Cultist","floor":3,"turns":1},{"damage":0,"enemies":"Lagavulin","floor":6,"turns":1},{"damage":5,"enemies":"2 Louse","floor":8,"turns":3},{"damage":13,"enemies":"Red Slaver","floor":10,"turns":2},{"damage":14,"enemies":"Blue Slaver","floor":11,"turns":4},{"damage":11,"enemies":"Gremlin Nob","floor":13,"turns":3},{"damage":13,"enemies":"Large Slime","floor":14,"turns":3},{"damage":54,"enemies":"The Guardian","floor":16,"turns":12}],"seed_played":"4202008429207878462","potions_obtained":[{"floor":2,"key":"SneckoOil"},{"floor":2,"key":"Ancient Potion"},{"floor":2,"key":"BloodPotion"},{"floor":3,"key":"Energy Potion"},{"floor":11,"key":"AttackPotion"}],"is_trial":false,"path_per_floor":["M","?","M","$","?","E","R","M","T","M","M","R","E","M","R","B"],"character_chosen":"IRONCLAD","items_purchased":["Feel No Pain"],"campfire_rested":0,"item_purchase_floors":[4],"current_hp_per_floor":[80,80,80,80,80,80,80,80,80,73,65,65,62,55,55,1,1],"gold":137,"neow_bonus":"THREE_ENEMY_KILL","is_daily":false,"chose_seed":false,"campfire_upgraded":3,"win_rate":0.0,"timestamp":1612241135,"path_taken":["M","?","?","?","?","E","R","M","T","M","M","R","E","M","R","BOSS"],"items_purchased_type":["Card"],"build_version":"2020-12-22","purchased_purges":1,"victory":false,"max_hp_per_floor":[80,80,80,80,80,80,80,80,80,80,80,80,82,82,82,82,82],"relic_stats":{"Singing Bowl":2,"counters":[9,30],"obtain_stats":[{"NeowsBlessing":0,"Singing Bowl":13,"Replay:Bottled Flurry":6,"ReplayTheSpireMod:Lightbulb":9,"Burning Blood":0},{"NeowsBlessing":0,"Singing Bowl":7,"Replay:Bottled Flurry":3,"ReplayTheSpireMod:Lightbulb":4,"Burning Blood":0},{"NeowsBlessing":0,"Singing Bowl":15,"Replay:Bottled Flurry":3,"ReplayTheSpireMod:Lightbulb":6,"Burning Blood":0}],"Burning Blood":29},"card_choices":[{"not_picked":["Anger","Sever Soul"],"picked":"Headbutt","floor":1},{"not_picked":["Searing Blow","Warcry"],"picked":"Thunderclap","floor":3},{"not_picked":["Metallicize","Shockwave"],"picked":"Eclipse","floor":6},{"not_picked":["Twin Strike","Body Slam"],"picked":"Run Through","floor":8},{"not_picked":["Clash","Replay:Undeath\u0027s Touch"],"picked":"Ghostly Armor","floor":10},{"not_picked":["Brutality","Twin Strike"],"picked":"Shrug It Off","floor":11},{"not_picked":["ReplayTheSpireMod:LeadingStrike","Flex","Dual Wield"],"picked":"Singing Bowl","floor":13},{"not_picked":["Twin Strike","Eclipse"],"picked":"Flex","floor":14}],"player_experience":514384,"relics_obtained":[{"floor":6,"key":"Replay:Bottled Flurry"},{"floor":9,"key":"ReplayTheSpireMod:Lightbulb"},{"floor":13,"key":"Singing Bowl"}],"event_choices":[{"damage_healed":0,"gold_gain":0,"player_choice":"Got Potions","damage_taken":0,"max_hp_gain":0,"max_hp_loss":0,"event_name":"Lab","floor":2,"gold_loss":0},{"damage_healed":0,"gold_gain":0,"player_choice":"Ignored","damage_taken":0,"max_hp_gain":0,"max_hp_loss":0,"event_name":"NoteForYourself","floor":5,"gold_loss":0}],"is_beta":false,"boss_relics":[],"items_purged_floors":[4],"is_endless":false,"potions_floor_spawned":[3,6,8,11,14],"killed_by":"The Guardian","ascension_level":1}}