{"host":"8xzc7f3sd104n9ql","time":1612232730,"event":{"mods":["Ascension Reborn","Aspiration","BaseMod","Better Altar","Better Match","Better Note","Better Sensory Stone","Better Skull","Better Third Choice","Better Vampires","Colored Map","Colored Powertips","Colorless Booster Pack","Conspire","DeckTracker","Downfall","Energized Spire","Halation","Highlight Path","Hubris","Infinite Spire","Minty Spire (QoL Compilation)","Rare Cards Sparkle","RatMod","Reliquary","Replay The Spire","Spicy Shops","Spikes Relics","StSLib","The Blue Laboratory","Transform Curses","Unceasing Turn Reminder","UnlockEverythingMod"],"gold_per_floor":[113,130,142,96,112,112,59,59,59,59,106,122,5,24,24,152,152,177,177,177],"floor_reached":19,"language":"ENG","playtime":778,"items_purged":[],"score":159,"play_id":"7b2aba6b-c510-4827-9496-45adc3a97817","local_time":"20210201202530","is_ascension_mode":false,"campfire_choices":[{"data":"Heavy Blade","floor":6,"key":"SMITH"},{"data":"Heavy Blade","floor":8,"key":"SMITH"},{"data":"Heavy Blade","floor":15,"key":"SMITH"}],"circlet_count":0,"master_deck":["Limit Break+1","Strike_R","Strike_R","Strike_R","Strike_R","Strike_R","Defend_R","Defend_R","Defend_R","Defend_R","Flex","Flex","Double Tap","Heavy Blade+1","Heavy Blade+1","Injury","Warcry","Dual Wield","Flex","Invigoration","Pummel","Pummel","Headbutt","Heavy Blade+1","Perfected Strike","Limit Break","Double Tap","Fiend Fire"],"relics":["energizedSpire:StickyHand","reliquary:FeatherDuster","Golden Idol","reliquary:TatteredRug","Art of War","halation:HeavySnake"],"acts_visited":["Exordium","TheCity"],"potions_floor_usage":[],"damage_taken":[{"damage":6,"enemies":"Cultist","floor":1,"turns":3},{"damage":1,"enemies":"2 Louse","floor":2,"turns":2},{"damage":1,"enemies":"Jaw Worm","floor":3,"turns":2},{"damage":23,"enemies":"Gremlin Gang","floor":5,"turns":5},{"damage":3,"enemies":"Red Slaver","floor":12,"turns":2},{"damage":8,"enemies":"3 Louse","floor":14,"turns":3},{"damage":22,"enemies":"Slime Boss","floor":16,"turns":7},{"damage":41,"enemies":"2 Thieves","floor":18,"turns":5},{"damage":45,"enemies":"Shell Parasite","floor":19,"turns":4}],"seed_played":"3755127313786796211","potions_obtained":[{"floor":1,"key":"hexamod:SoulburnPotion"},{"floor":5,"key":"ColorlessPotion"},{"floor":14,"key":"Doom Potion"}],"is_trial":false,"path_per_floor":["M","M","M","$","M","R","$","R","T","?","T","M","$","M","R","B",null,"M","M"],"character_chosen":"IRONCLAD","items_purchased":["Flex","Heavy Blade","Art of War","Invigoration","Pummel"],"campfire_rested":0,"item_purchase_floors":[4,7,13,13,13],"current_hp_per_floor":[74,73,72,72,49,49,49,49,49,49,49,46,46,38,38,16,80,39,0,0],"gold":177,"neow_bonus":"BOSS_RELIC","is_daily":false,"chose_seed":false,"campfire_upgraded":3,"win_rate":0.0,"timestamp":1612232730,"path_taken":["M","M","M","$","M","R","?","R","T","?","?","M","$","M","R","BOSS","M","?"],"items_purchased_type":["Card","Card","Relic","Card","Card"],"build_version":"2020-12-22","purchased_purges":0,"victory":false,"max_hp_per_floor":[80,80,80,80,80,80,80,80,80,80,80,80,80,80,80,80,80,80,80,80],"card_choices":[{"not_picked":["Clothesline","Clash"],"picked":"Flex","floor":1},{"not_picked":["Clothesline","Clash","ReplayTheSpireMod:LeadingStrike"],"picked":"SKIP","floor":2},{"not_picked":["ReplayTheSpireMod:Strike From Hell","conspire:ExplosiveBarrier","Run Through"],"picked":"SKIP","floor":3},{"not_picked":["Double Tap","Heavy Blade"],"picked":"Warcry","floor":5},{"not_picked":["Warcry","Dual Wield"],"picked":"Flex","floor":12},{"not_picked":["Headbutt","Perfected Strike"],"picked":"Heavy Blade","floor":14},{"not_picked":["Double Tap","Fiend Fire"],"picked":"Limit Break","floor":16},{"not_picked":["Pommel Strike","Twin Strike","Anger"],"picked":"SKIP","floor":18}],"player_experience":433763,"relics_obtained":[{"floor":9,"key":"reliquary:FeatherDuster"},{"floor":11,"key":"reliquary:TatteredRug"}],"event_choices":[{"damage_healed":0,"gold_gain":0,"player_choice":"Take Wound","damage_taken":0,"relics_obtained":["Golden Idol"],"max_hp_gain":0,"max_hp_loss":0,"event_name":"Golden Idol","floor":10,"gold_loss":0,"cards_obtained":["Injury"]}],"is_beta":false,"boss_relics":[{"not_picked":["energizedSpire:HugeHouse","conspire:SeveredTorchhead"],"picked":"halation:HeavySnake"}],"items_purged_floors":[],"is_endless":false,"potions_floor_spawned":[1,5,14],"killed_by":"Shell Parasite","ascension_level":0}}