{"host":"r53pw7z744tg3fxg","time":1612285141,"event":{"mods":["AchievementEnabler","BaseMod","Colored Map","Colored Powertips","Highlight Path","Minty Spire (QoL Compilation)","Quick Restart","Transform Curses"],"gold_per_floor":[119,89,105,4,21,21,96,129,199,212,212,212,212,212],"floor_reached":13,"language":"ENG","playtime":344,"items_purged":[],"score":158,"play_id":"e8ee286b-7548-42ef-b401-b1e668173ed6","local_time":"20210202095901","is_ascension_mode":true,"campfire_choices":[{"data":"DevaForm","floor":6,"key":"SMITH"},{"floor":11,"key":"REST"}],"circlet_count":0,"master_deck":["AscendersBane","Strike_P","Strike_P","Strike_P","Strike_P","Defend_P","Defend_P","Defend_P","Eruption","Vigilance","DevaForm+1","CutThroughFate","FollowUp","Swift Strike","Prostrate","ConjureBlade","Wallop"],"relics":["PureWater","Smiling Mask","Ornamental Fan"],"acts_visited":["Exordium"],"potions_floor_usage":[3,5,5,13],"damage_taken":[{"damage":9,"enemies":"Cultist","floor":1,"turns":6},{"damage":0,"enemies":"Small Slimes","floor":3,"turns":1},{"damage":0,"enemies":"2 Louse","floor":5,"turns":2},{"damage":28,"enemies":"Lagavulin","floor":8,"turns":5},{"damage":7,"enemies":"Large Slime","floor":10,"turns":5},{"damage":33,"enemies":"3 Sentries","floor":13,"turns":5}],"seed_played":"-6191513419515981823","potions_obtained":[{"floor":2,"key":"Explosive Potion"},{"floor":2,"key":"SneckoOil"},{"floor":3,"key":"SneckoOil"},{"floor":10,"key":"Strength Potion"}],"is_trial":false,"path_per_floor":["M","?","M","$","M","R","?","E","T","M","R","?","E"],"character_chosen":"WATCHER","items_purchased":["Swift Strike"],"campfire_rested":1,"item_purchase_floors":[4],"current_hp_per_floor":[52,52,52,52,52,52,41,13,13,6,26,26,0,0],"gold":212,"neow_bonus":"TRANSFORM_CARD","is_daily":false,"chose_seed":false,"campfire_upgraded":1,"win_rate":0.0,"timestamp":1612285141,"path_taken":["M","?","?","$","M","R","?","E","T","M","R","?","E"],"items_purchased_type":["Card"],"build_version":"2020-12-22","purchased_purges":0,"victory":false,"max_hp_per_floor":[68,68,68,68,68,68,68,68,68,68,68,68,68,68],"card_choices":[{"not_picked":["ThirdEye","FlyingSleeves"],"picked":"CutThroughFate","floor":1},{"not_picked":["ClearTheMind","FlurryOfBlows"],"picked":"FollowUp","floor":3},{"not_picked":["Meditate","EmptyBody"],"picked":"Prostrate","floor":5},{"not_picked":["SashWhip","Crescendo"],"picked":"ConjureBlade","floor":8},{"not_picked":["JustLucky","Crescendo"],"picked":"Wallop","floor":10}],"player_experience":1422039,"relics_obtained":[{"floor":8,"key":"Smiling Mask"},{"floor":9,"key":"Ornamental Fan"}],"event_choices":[{"damage_healed":0,"gold_gain":0,"player_choice":"Bought 2 Potions","damage_taken":0,"max_hp_gain":0,"max_hp_loss":0,"event_name":"The Woman in Blue","floor":2,"gold_loss":0},{"damage_healed":0,"gold_gain":75,"player_choice":"Gather Gold","damage_taken":11,"max_hp_gain":0,"max_hp_loss":0,"event_name":"World of Goop","floor":7,"gold_loss":0},{"damage_healed":0,"gold_gain":0,"player_choice":"Ignored","damage_taken":0,"max_hp_gain":0,"max_hp_loss":0,"event_name":"Shining Light","floor":12,"gold_loss":0}],"is_beta":false,"boss_relics":[],"items_purged_floors":[],"is_endless":false,"potions_floor_spawned":[3,10],"killed_by":"3 Sentries","ascension_level":18}}