{"host":"x5w9zppki4gdwvc7","time":1612304525,"event":{"mods":["AchievementEnabler","BaseMod","DeckTracker","Minty Spire (QoL Compilation)","Relic Sorter","SuperFastMode"],"gold_per_floor":[114,129,54,54,54,54,73,73,73,73,73,92,111,130,130,255,255,274,274,274,274,293,293,312,612,662,681,681,719,116,116,116,116,116],"floor_reached":33,"language":"ENG","playtime":1755,"items_purged":["Eruption","Injury"],"score":280,"play_id":"4a2178aa-0622-489c-9859-4bbf6c499722","local_time":"20210202232205","daily_mods":["Chimera","Blue Cards","Binary"],"is_ascension_mode":false,"campfire_choices":[{"data":"Go for the Eyes","floor":6,"key":"SMITH"},{"data":"Flame Barrier","floor":8,"key":"SMITH"},{"data":"Uppercut","floor":15,"key":"SMITH"},{"data":"Survivor","floor":23,"key":"SMITH"},{"floor":28,"key":"REST"},{"data":"True Grit","floor":32,"key":"SMITH"}],"circlet_count":0,"master_deck":["Bash","Survivor+1","Defend_R","Defend_G","Defend_P","Flame Barrier+1","Go for the Eyes+1","Headbutt","Doom and Gloom","Uppercut+1","Demon Form","Bite","Bite","Bite","Bite","Bite","True Grit+1","Flame Barrier+1"],"relics":["Burning Blood","Golden Idol","Kunai","Gambling Chip","Busted Crown","Nilry\u0027s Codex","MutagenicStrength","Old Coin","Pen Nib","Matryoshka","Turnip","Toolbox"],"acts_visited":["Exordium","TheCity"],"potions_floor_usage":[29],"damage_taken":[{"damage":10,"enemies":"Cultist","floor":1,"turns":4},{"damage":5,"enemies":"Small Slimes","floor":2,"turns":4},{"damage":0,"enemies":"2 Louse","floor":7,"turns":3},{"damage":0,"enemies":"Blue Slaver","floor":12,"turns":5},{"damage":7,"enemies":"Looter","floor":13,"turns":3},{"damage":1,"enemies":"Exordium Thugs","floor":14,"turns":4},{"damage":77,"enemies":"Slime Boss","floor":16,"turns":15},{"damage":9,"enemies":"Chosen","floor":18,"turns":5},{"damage":14,"enemies":"Shell Parasite","floor":22,"turns":4},{"damage":23,"enemies":"Snake Plant","floor":24,"turns":3},{"damage":11,"enemies":"Snecko","floor":27,"turns":4},{"damage":38,"enemies":"Gremlin Leader","floor":29,"turns":6},{"damage":39,"enemies":"Automaton","floor":33,"turns":9}],"seed_played":"-9070903199233054170","potions_obtained":[{"floor":1,"key":"GamblersBrew"},{"floor":2,"key":"SmokeBomb"},{"floor":7,"key":"GamblersBrew"},{"floor":18,"key":"Strength Potion"},{"floor":27,"key":"PowerPotion"},{"floor":29,"key":"DuplicationPotion"}],"is_trial":false,"path_per_floor":["M","M","$","?","?","R","M","R","T","T","$","M","M","M","R","B",null,"M","?","?","?","M","R","M","T","T","M","R","E","$","?","R","B"],"character_chosen":"IRONCLAD","items_purchased":["Turnip","Toolbox","True Grit"],"campfire_rested":1,"item_purchase_floors":[30,30,30],"current_hp_per_floor":[76,77,77,77,77,77,80,80,80,80,80,80,79,80,80,9,80,77,61,56,56,54,54,41,41,41,42,56,31,31,31,31,0,0],"gold":116,"neow_bonus":"","is_daily":true,"chose_seed":false,"campfire_upgraded":5,"win_rate":0.0,"timestamp":1612304525,"path_taken":["M","?","$","?","?","R","M","R","T","?","?","M","M","?","R","BOSS","M","?","?","?","?","R","M","?","T","M","R","E","$","?","R","BOSS"],"items_purchased_type":["Relic","Relic","Card"],"build_version":"2020-12-22","purchased_purges":2,"victory":false,"max_hp_per_floor":[80,80,80,80,80,80,80,80,80,80,80,80,80,80,80,80,80,80,80,56,56,56,56,56,56,56,56,56,56,56,56,56,56,56],"card_choices":[{"not_picked":["Clothesline"],"picked":"Flame Barrier","floor":1},{"not_picked":["Redo"],"picked":"Go for the Eyes","floor":2},{"not_picked":["Stack"],"picked":"Doom and Gloom","floor":7},{"not_picked":["Seeing Red"],"picked":"Uppercut","floor":12},{"not_picked":["Reckless Charge","Entrench"],"picked":"SKIP","floor":13},{"not_picked":["Uppercut","Compile Driver"],"picked":"SKIP","floor":14},{"not_picked":["Seek"],"picked":"Demon Form","floor":16}],"player_experience":402948,"relics_obtained":[{"floor":9,"key":"Kunai"},{"floor":10,"key":"Gambling Chip"},{"floor":19,"key":"Nilry\u0027s Codex"},{"floor":25,"key":"Old Coin"},{"floor":26,"key":"Pen Nib"},{"floor":29,"key":"Matryoshka"}],"event_choices":[{"damage_healed":0,"gold_gain":0,"cards_transformed":["Zap"],"player_choice":"Change","damage_taken":0,"max_hp_gain":0,"max_hp_loss":0,"event_name":"Living Wall","floor":4,"gold_loss":0,"cards_obtained":["Headbutt"]},{"damage_healed":0,"gold_gain":0,"player_choice":"Take Wound","damage_taken":0,"relics_obtained":["Golden Idol"],"max_hp_gain":0,"max_hp_loss":0,"event_name":"Golden Idol","floor":5,"gold_loss":0,"cards_obtained":["Injury"]},{"damage_healed":0,"gold_gain":0,"player_choice":"Obtained Book","damage_taken":16,"max_hp_gain":0,"max_hp_loss":0,"event_name":"Cursed Tome","floor":19,"gold_loss":0},{"damage_healed":0,"gold_gain":0,"player_choice":"Became a vampire","damage_taken":0,"max_hp_gain":0,"max_hp_loss":24,"event_name":"Vampires","floor":20,"gold_loss":0,"cards_obtained":["Bite","Bite","Bite","Bite","Bite"]},{"damage_healed":0,"gold_gain":0,"player_choice":"Inject Mutagens","damage_taken":0,"relics_obtained":["MutagenicStrength"],"max_hp_gain":0,"max_hp_loss":0,"event_name":"Drug Dealer","floor":21,"gold_loss":0},{"damage_healed":0,"gold_gain":0,"player_choice":"Copied","damage_taken":0,"max_hp_gain":0,"max_hp_loss":0,"event_name":"Duplicator","floor":31,"gold_loss":0,"cards_obtained":["Flame Barrier"]}],"is_beta":false,"boss_relics":[{"not_picked":["Black Star","SlaversCollar"],"picked":"Busted Crown"}],"items_purged_floors":[3,30],"is_endless":false,"potions_floor_spawned":[1,2,7,13,18,27,29],"killed_by":"Automaton","ascension_level":0}}