{"host":"vyiqbz5w606ur92t","time":1612266634,"event":{"mods":["BaseMod","Downfall","Minty Spire (QoL Compilation)","StSLib"],"gold_per_floor":[99,117,27,327,340,440,440,453,353,382,382,400,43,77,88,190,190,190,205,217,85,85,85,85,123,142,174,174,174,174],"floor_reached":28,"language":"ENG","playtime":2632,"items_purged":["hexamod:Strike","downfall:Icky","downfall:Icky"],"score":371,"play_id":"5dd3787e-4428-44ec-8a87-6adbee794484","local_time":"20210202115034","is_ascension_mode":true,"campfire_choices":[{"floor":1,"key":"RECALL"},{"floor":9,"key":"REST"},{"data":"hexamod:Float","floor":11,"key":"SMITH"},{"data":"Sadistic Nature","floor":18,"key":"SMITH"},{"data":"hexamod:SearingWound","floor":23,"key":"SMITH"}],"circlet_count":0,"master_deck":["hexamod:Sear","hexamod:Float+1","hexamod:GhostLash","hexamod:NightmareStrike","hexamod:TimeWarp","hexamod:ShieldOfDarkness","hexamod:HeatShield+1","hexamod:ForkedFlame","hexamod:FlamesFromBeyond","Sadistic Nature+1","hexamod:Incineration","hexamod:SecondSeal","hexamod:FifthSeal","hexamod:SearingWound+1","hexamod:GhostLash","hexamod:GhostOfSpireFuture","hexamod:SpectralSpark","hexamod:GhostOfSpirePresent","hexamod:SecondSeal","hexamod:SpectersWail","hexamod:ThirdSeal","hexamod:Hexaguard+1","hexamod:Again+1","hexamod:HeatShield+1","hexamod:PowerFromBeyond+1","hexamod:SixthSeal","hexamod:FirstSeal","hexamod:RecurringNightmare+1","hexamod:SpectralAdrenaline"],"relics":["hexamod:SpiritBrand","CaptainsWheel","White Beast Statue","Matryoshka","downfall:HeartBlessingRed","Strawberry","Bag of Preparation","Pandora\u0027s Box","Sundial","Bronze Scales"],"acts_visited":["Exordium","TheCity"],"potions_floor_usage":[6,12,15,16,16,19,21,25,25,27,28,28],"damage_taken":[{"damage":0,"enemies":"Jaw Worm","floor":2,"turns":4},{"damage":0,"enemies":"downfall:FleeingMerchant","floor":3,"turns":4},{"damage":0,"enemies":"Small Slimes","floor":5,"turns":3},{"damage":28,"enemies":"downfall:LadyInBlue","floor":6,"turns":10},{"damage":0,"enemies":"Cultist","floor":8,"turns":3},{"damage":10,"enemies":"Gremlin Nob","floor":10,"turns":4},{"damage":0,"enemies":"Red Slaver","floor":12,"turns":3},{"damage":0,"enemies":"downfall:FleeingMerchant","floor":13,"turns":4},{"damage":0,"enemies":"Lagavulin","floor":14,"turns":4},{"damage":0,"enemies":"Large Slime","floor":15,"turns":2},{"damage":0,"enemies":"SI_SHIV_ARCHETYPE","floor":16,"turns":5},{"damage":0,"enemies":"Shell Parasite","floor":19,"turns":1},{"damage":13,"enemies":"3 Byrds","floor":20,"turns":3},{"damage":15,"enemies":"downfall:FleeingMerchant","floor":21,"turns":4},{"damage":10,"enemies":"Gremlin Leader","floor":25,"turns":5},{"damage":12,"enemies":"Cultist and Chosen","floor":26,"turns":4},{"damage":4,"enemies":"Sentry and Sphere","floor":27,"turns":4},{"damage":34,"enemies":"Slavers","floor":28,"turns":2}],"seed_played":"4896303711162705724","potions_obtained":[{"floor":2,"key":"Guardian:BlockOnCardUsePotion"},{"floor":5,"key":"LiquidMemories"},{"floor":6,"key":"LiquidMemories"},{"floor":6,"key":"BlessingOfTheForge"},{"floor":10,"key":"PowerPotion"},{"floor":12,"key":"Energy Potion"},{"floor":15,"key":"hexamod:DoubleChargePotion"},{"floor":16,"key":"SkillPotion"},{"floor":19,"key":"champ:CounterPotion"},{"floor":20,"key":"SteroidPotion"},{"floor":21,"key":"bronze:BurnAndBuffPotion"},{"floor":25,"key":"BlessingOfTheForge"},{"floor":26,"key":"Swift Potion"},{"floor":27,"key":"ColorlessPotion"}],"is_trial":false,"path_per_floor":["R","M","$","?","M","?","T","M","R","E","R","M","$","E","M","B",null,"R","M","M","$","?","R","T","E","M","M","E"],"character_chosen":"THE_SPIRIT","items_purchased":["Sadistic Nature","hexamod:Incineration"],"campfire_rested":1,"item_purchase_floors":[13,13],"current_hp_per_floor":[49,49,49,49,49,21,21,21,42,39,39,39,39,39,39,39,77,77,77,64,49,49,49,49,39,27,30,0,0,0],"gold":174,"neow_bonus":"ONE_RARE_RELIC","is_daily":false,"chose_seed":false,"campfire_upgraded":3,"win_rate":0.0,"timestamp":1612266634,"path_taken":["R","M","$","?","M","?","T","M","R","E","R","?","?","E","M","BOSS","R","M","M","$","?","R","T","E","M","M","E"],"items_purchased_type":["Card","Card"],"build_version":"2020-12-22","purchased_purges":3,"victory":false,"max_hp_per_floor":[70,70,70,70,70,70,70,70,70,77,77,77,77,77,77,77,77,77,77,77,77,77,77,77,77,77,77,77,77,77],"card_choices":[{"not_picked":["hexamod:BacktrackSmack","hexamod:InspiringFlames"],"picked":"hexamod:GhostLash","floor":2},{"not_picked":["hexamod:SwordOfDarkness","hexamod:PhantomFireball"],"picked":"hexamod:NightmareStrike","floor":3},{"not_picked":["hexamod:FlamesFromBeyond","hexamod:RainOfEmbers"],"picked":"hexamod:TimeWarp","floor":5},{"not_picked":["hexamod:HauntingEcho","hexamod:NightmareGuise"],"picked":"hexamod:ShieldOfDarkness","floor":8},{"not_picked":["hexamod:RadiantFlame","hexamod:Firestarter"],"picked":"hexamod:HeatShield","floor":10},{"not_picked":["hexamod:SpectersWail","hexamod:Hexaguard"],"picked":"hexamod:ForkedFlame","floor":12},{"not_picked":["hexamod:GhostShield","hexamod:SoulSteal"],"picked":"hexamod:FlamesFromBeyond","floor":13},{"not_picked":["hexamod:Incineration","hexamod:GhostShield"],"picked":"hexamod:SecondSeal","floor":14},{"not_picked":["hexamod:ShieldOfDarkness","hexamod:FourthSeal","hexamod:NightmareGuise"],"picked":"SKIP","floor":15},{"not_picked":["hexamod:FlameSwitch","hexamod:Toasty"],"picked":"hexamod:FifthSeal","floor":16},{"not_picked":["hexamod:ShieldOfDarkness","hexamod:BurningTouch"],"picked":"hexamod:ThirdSeal","floor":19},{"not_picked":["hexamod:FlamesFromBeyond+1","hexamod:SwordOfDarkness"],"picked":"hexamod:Hexaguard+1","floor":20},{"not_picked":["hexamod:FastForward","hexamod:StepThrough","hexamod:HeatCrush"],"picked":"SKIP","floor":20},{"not_picked":["hexamod:GhostLash","hexamod:EmpoweredFlame+1"],"picked":"hexamod:Again+1","floor":21},{"not_picked":["hexamod:PhantomCloak","hexamod:GhostLash"],"picked":"hexamod:HeatShield+1","floor":21},{"not_picked":["hexamod:RadiantFlame","hexamod:Firestarter"],"picked":"hexamod:PowerFromBeyond+1","floor":25},{"not_picked":["hexamod:FourthSeal","hexamod:SecondSeal"],"picked":"hexamod:SixthSeal","floor":25},{"not_picked":["hexamod:SixthSeal","hexamod:ThirdSeal"],"picked":"hexamod:FirstSeal","floor":26},{"not_picked":["hexamod:ForkedFlame","hexamod:Hexaguard"],"picked":"hexamod:RecurringNightmare+1","floor":26},{"not_picked":["hexamod:InspiringFlames","hexamod:GhostLash"],"picked":"hexamod:SpectralAdrenaline","floor":27}],"player_experience":1378699,"relics_obtained":[{"floor":6,"key":"White Beast Statue"},{"floor":7,"key":"Matryoshka"},{"floor":10,"key":"Strawberry"},{"floor":14,"key":"Bag of Preparation"},{"floor":24,"key":"Sundial"},{"floor":25,"key":"Bronze Scales"}],"event_choices":[],"is_beta":false,"boss_relics":[{"not_picked":["Cursed Key","expansioncontent:StudyCardRelic"],"picked":"Pandora\u0027s Box"}],"items_purged_floors":[3,13,21],"is_endless":false,"potions_floor_spawned":[2,5,8,10,12,13,14,15,16,19,20,21,25,26,27],"killed_by":"Slavers","ascension_level":3}}