{"host":"0k696jvpnlqjk4gh","time":1612292499,"event":{"mods":["AchievementEnabler","BaseMod","Colored Map","Colored Powertips","Minty Spire (QoL Compilation)","Quick Restart"],"gold_per_floor":[109,109,109,109,38,63,63,91,91,91,104,151,151,83,83,187,187,202,127,127,145,160,160,160,160,186,186,186,216,234,249,249,249,249],"floor_reached":33,"language":"ENG","playtime":1067,"items_purged":["Regret"],"score":367,"play_id":"4958763d-dcb1-41fa-827d-7d9395bababe","local_time":"20210202190139","is_ascension_mode":true,"campfire_choices":[{"floor":7,"key":"REST"},{"floor":10,"key":"RECALL"},{"data":"Crippling Poison","floor":13,"key":"SMITH"},{"data":"Bouncing Flask","floor":15,"key":"SMITH"},{"data":"Bane","floor":23,"key":"SMITH"},{"data":"Setup","floor":25,"key":"SMITH"},{"floor":32,"key":"REST"}],"circlet_count":0,"master_deck":["Strike_G","Strike_G","Strike_G","Strike_G","Strike_G+1","Defend_G","Defend_G","Defend_G","Defend_G","Defend_G","Survivor","Neutralize+1","Crippling Poison+1","Setup+1","Neutralize","Infinite Blades","Backflip","Deadly Poison","Deflect","Bouncing Flask+1","Bane+1","Bane+1","Venomology","Distraction","Blur"],"relics":["Ring of the Snake","NeowsBlessing","Bag of Preparation","Ornamental Fan","Potion Belt","Blue Candle","Boot","Velvet Choker","Anchor","Nilry\u0027s Codex","Smiling Mask","InkBottle"],"acts_visited":["Exordium","TheCity"],"potions_floor_usage":[16,16,31,33,33,33,33,33,33],"damage_taken":[{"damage":0,"enemies":"Small Slimes","floor":1,"turns":1},{"damage":0,"enemies":"3 Sentries","floor":6,"turns":1},{"damage":0,"enemies":"Lagavulin","floor":8,"turns":1},{"damage":1,"enemies":"Cultist","floor":11,"turns":4},{"damage":2,"enemies":"The Guardian","floor":16,"turns":7},{"damage":1,"enemies":"Chosen","floor":18,"turns":4},{"damage":0,"enemies":"2 Thieves","floor":21,"turns":4},{"damage":0,"enemies":"Snecko","floor":22,"turns":3},{"damage":27,"enemies":"Book of Stabbing","floor":29,"turns":6},{"damage":18,"enemies":"Cultist and Chosen","floor":30,"turns":5},{"damage":10,"enemies":"Snake Plant","floor":31,"turns":3},{"damage":42,"enemies":"Automaton","floor":33,"turns":6}],"seed_played":"5989151187399577504","potions_obtained":[{"floor":1,"key":"PowerPotion"},{"floor":6,"key":"ColorlessPotion"},{"floor":16,"key":"BlessingOfTheForge"},{"floor":22,"key":"CultistPotion"},{"floor":30,"key":"DuplicationPotion"},{"floor":31,"key":"Fire Potion"}],"is_trial":false,"path_per_floor":["M","?","?","?","$","E","R","E","T","R","M","T","R","$","R","B",null,"M","$","?","M","M","R","?","R","T","?","?","E","M","M","R","B"],"character_chosen":"THE_SILENT","items_purchased":["Infinite Blades","Bouncing Flask"],"campfire_rested":2,"item_purchase_floors":[5,14],"current_hp_per_floor":[70,56,56,56,56,56,70,70,70,70,69,69,69,69,69,67,70,69,69,69,69,69,69,53,53,53,70,70,43,25,15,36,0,0],"gold":249,"neow_bonus":"THREE_ENEMY_KILL","is_daily":false,"chose_seed":false,"campfire_upgraded":4,"win_rate":0.0,"timestamp":1612292499,"path_taken":["M","?","?","?","$","E","R","E","T","R","?","?","R","?","R","BOSS","M","?","?","?","M","R","?","R","T","?","?","E","M","?","R","BOSS"],"items_purchased_type":["Card","Card"],"build_version":"2020-12-22","purchased_purges":1,"victory":false,"max_hp_per_floor":[70,70,70,70,70,70,70,70,70,70,70,70,70,70,70,70,70,70,70,70,70,70,70,70,70,70,70,70,70,70,70,70,70,70],"card_choices":[{"not_picked":["Expertise","Dodge and Roll"],"picked":"Crippling Poison","floor":1},{"not_picked":["Flechettes","Noxious Fumes"],"picked":"Backflip","floor":6},{"not_picked":["Masterful Stab","Underhanded Strike"],"picked":"Deadly Poison","floor":8},{"not_picked":["Quick Slash","Dash"],"picked":"Deflect","floor":11},{"not_picked":["Backflip","Eviscerate","Finisher"],"picked":"SKIP","floor":18},{"not_picked":["Cloak And Dagger","Outmaneuver+1"],"picked":"Bane+1","floor":21},{"not_picked":["Dash","Quick Slash"],"picked":"Bane","floor":22},{"not_picked":["Skewer","Flechettes+1","Escape Plan"],"picked":"SKIP","floor":29},{"not_picked":["Blade Dance","Predator"],"picked":"Blur","floor":30},{"not_picked":["Acrobatics+1","PiercingWail","Dodge and Roll"],"picked":"SKIP","floor":31}],"player_experience":108309,"relics_obtained":[{"floor":6,"key":"Ornamental Fan"},{"floor":8,"key":"Potion Belt"},{"floor":9,"key":"Blue Candle"},{"floor":12,"key":"Boot"},{"floor":24,"key":"Nilry\u0027s Codex"},{"floor":26,"key":"Smiling Mask"},{"floor":29,"key":"InkBottle"}],"event_choices":[{"damage_healed":0,"gold_gain":0,"player_choice":"Entered Light","damage_taken":14,"max_hp_gain":0,"max_hp_loss":0,"event_name":"Shining Light","floor":2,"gold_loss":0,"cards_upgraded":["Strike_G","Neutralize"]},{"damage_healed":0,"gold_gain":0,"player_choice":"Box","damage_taken":0,"relics_obtained":["Bag of Preparation"],"max_hp_gain":0,"max_hp_loss":0,"event_name":"Big Fish","floor":3,"gold_loss":0,"cards_obtained":["Regret"]},{"damage_healed":0,"gold_gain":0,"player_choice":"2 cards matched","damage_taken":0,"max_hp_gain":0,"max_hp_loss":0,"event_name":"Match and Keep!","floor":4,"gold_loss":0,"cards_obtained":["Setup","Neutralize"]},{"damage_healed":0,"gold_gain":0,"player_choice":"Gave Potion","damage_taken":0,"relics_obtained":["Anchor"],"max_hp_gain":0,"max_hp_loss":0,"event_name":"WeMeetAgain","floor":20,"gold_loss":0},{"damage_healed":0,"gold_gain":0,"player_choice":"Obtained Book","damage_taken":16,"max_hp_gain":0,"max_hp_loss":0,"event_name":"Cursed Tome","floor":24,"gold_loss":0},{"damage_healed":23,"gold_gain":0,"player_choice":"Heal","damage_taken":0,"max_hp_gain":0,"max_hp_loss":0,"event_name":"The Library","floor":27,"gold_loss":0},{"damage_healed":0,"gold_gain":0,"player_choice":"2 cards matched","damage_taken":0,"max_hp_gain":0,"max_hp_loss":0,"event_name":"Match and Keep!","floor":28,"gold_loss":0,"cards_obtained":["Venomology","Distraction"]}],"is_beta":false,"boss_relics":[{"not_picked":["Sozu","Snecko Eye"],"picked":"Velvet Choker"}],"items_purged_floors":[19],"is_endless":false,"potions_floor_spawned":[1,6,16,22,30,31],"killed_by":"Automaton","ascension_level":3}}