{"host":"zwuytn9vh5b8tdl7","time":1612238918,"event":{"mods":["AchievementEnabler","BaseMod","Colored Powertips","GifTheSpireLib","Minty Spire (QoL Compilation)","Rare Cards Sparkle","StSLib","The Animator"],"gold_per_floor":[271,271,296,332,332,332,118,118,195,270,307,307,357,374,374,480,480,515,112,112,112,105,105,105,147,147,147,147,147],"floor_reached":28,"language":"ENG","playtime":1322,"items_purged":[],"score":240,"play_id":"34a79ddb-76c1-433b-9846-7346e6b4e36d","local_time":"20210201230838","is_ascension_mode":false,"campfire_choices":[{"floor":6,"key":"REST"},{"floor":8,"key":"RECALL"},{"floor":12,"key":"REST"},{"floor":15,"key":"REST"},{"floor":23,"key":"REST"}],"circlet_count":0,"master_deck":["animator:Strike_Kancolle+1","animator:Defend_Kancolle+1","animator:Strike+1","animator:Strike+1","animator:Strike+1","animator:Defend+1","animator:Defend+1","animator:Defend+1","animator:Patchouli","animator:Vesta","animator:Gillette","animator:ChaikaTrabant","animator:Layla","animator:MumenRider","animator:Rimuru","animator:Saitama+1","CurseOfTheBell","animator:Konayuki","animator:Rimuru","animator:QuestionMark","animator:SilverFang+1","animator:Guy","Decay"],"relics":["animator:LivingPicture","animator:TheMissingPiece","Gambling Chip","Happy Flower","Blood Vial","Gremlin Horn","Bottled Lightning","Letter Opener","Calling Bell","War Paint","InkBottle","Peace Pipe","Mummified Hand","Lantern","Paper Frog"],"acts_visited":["Exordium","TheCity"],"potions_floor_usage":[11,16,22],"damage_taken":[{"damage":4,"enemies":"2 Louse","floor":1,"turns":5},{"damage":15,"enemies":"Jaw Worm","floor":4,"turns":5},{"damage":33,"enemies":"3 Sentries","floor":11,"turns":13},{"damage":7,"enemies":"Gremlin Nob","floor":13,"turns":4},{"damage":0,"enemies":"Cultist","floor":14,"turns":3},{"damage":42,"enemies":"The Guardian","floor":16,"turns":8},{"damage":16,"enemies":"3 Byrds","floor":18,"turns":5},{"damage":33,"enemies":"2 Thieves","floor":22,"turns":5},{"damage":28,"enemies":"animator:HornedBat","floor":25,"turns":8},{"damage":18,"enemies":"3 Cultists","floor":28,"turns":2}],"seed_played":"7500866181265470962","potions_obtained":[{"floor":4,"key":"Weak Potion"},{"floor":13,"key":"AttackPotion"},{"floor":16,"key":"Swift Potion"},{"floor":25,"key":"GamblersBrew"}],"is_trial":false,"path_per_floor":["M","?","T","M","?","R","$","R","T","?","E","R","E","M","R","B",null,"M","$","?","?","M","R","?","E","T","?","M"],"character_chosen":"THE_ANIMATOR","items_purchased":["Blood Vial","animator:ChaikaTrabant","Mummified Hand","animator:Rimuru"],"campfire_rested":4,"item_purchase_floors":[7,7,19,19],"current_hp_per_floor":[44,41,41,26,26,45,45,45,45,34,4,24,19,21,41,2,68,52,52,52,52,21,41,41,15,15,15,0,0],"gold":147,"neow_bonus":"RANDOM_COLORLESS_2","is_daily":false,"chose_seed":false,"campfire_upgraded":0,"win_rate":0.0,"timestamp":1612238918,"path_taken":["M","?","?","M","?","R","?","R","T","?","E","R","E","?","R","BOSS","M","$","?","?","?","R","?","E","T","?","M"],"items_purchased_type":["Relic","Card","Relic","Card"],"build_version":"2020-12-22","purchased_purges":0,"victory":false,"max_hp_per_floor":[66,66,66,66,66,66,66,66,66,66,67,67,67,67,67,68,68,68,68,68,68,68,68,68,68,68,68,68,68],"card_choices":[{"not_picked":["animator:KotoriKanbe","animator:Hibiki"],"picked":"animator:Patchouli","floor":0},{"not_picked":["animator:Hakurou","animator:Benimaru"],"picked":"animator:Vesta","floor":1},{"not_picked":["animator:NarberalGamma","animator:Rider"],"picked":"animator:Gillette","floor":4},{"not_picked":["animator:Tet","animator:Genos"],"picked":"animator:Layla","floor":11},{"not_picked":["animator:Tatsumaki","animator:Melzalgald"],"picked":"animator:MumenRider","floor":13},{"not_picked":["animator:Togame","animator:ZankiKiguchi"],"picked":"animator:Rimuru","floor":14},{"not_picked":["animator:ChaikaTrabant","animator:HigakiRinne"],"picked":"animator:Saitama","floor":16},{"not_picked":["animator:Emonzaemon","animator:Nanami"],"picked":"animator:Konayuki","floor":18},{"not_picked":["animator:Shizu","animator:GazelDwargon+1"],"picked":"animator:SilverFang+1","floor":22},{"not_picked":["animator:Layla","animator:AcuraAkari"],"picked":"animator:Guy","floor":25}],"player_experience":360043,"relics_obtained":[{"floor":3,"key":"Happy Flower"},{"floor":9,"key":"Gremlin Horn"},{"floor":11,"key":"Bottled Lightning"},{"floor":13,"key":"Letter Opener"},{"floor":17,"key":"War Paint"},{"floor":17,"key":"InkBottle"},{"floor":17,"key":"Peace Pipe"},{"floor":25,"key":"Lantern"},{"floor":26,"key":"Paper Frog"}],"event_choices":[{"damage_healed":0,"gold_gain":0,"player_choice":"Success","damage_taken":3,"relics_obtained":["Gambling Chip"],"max_hp_gain":0,"max_hp_loss":0,"event_name":"Scrap Ooze","floor":2,"gold_loss":0},{"damage_healed":0,"gold_gain":75,"player_choice":"Gather Gold","damage_taken":11,"max_hp_gain":0,"max_hp_loss":0,"event_name":"World of Goop","floor":10,"gold_loss":0},{"damage_healed":0,"gold_gain":0,"player_choice":"Ignored","damage_taken":0,"max_hp_gain":0,"max_hp_loss":0,"event_name":"Beggar","floor":20,"gold_loss":0},{"damage_healed":0,"gold_gain":0,"cards_transformed":["animator:Shimakaze"],"player_choice":"Transformed","damage_taken":0,"max_hp_gain":0,"max_hp_loss":0,"event_name":"Transmorgrifier","floor":21,"gold_loss":0,"cards_obtained":["animator:QuestionMark"]},{"damage_healed":0,"gold_gain":0,"player_choice":"Simplicity","damage_taken":0,"max_hp_gain":0,"max_hp_loss":0,"event_name":"Back to Basics","floor":24,"gold_loss":0,"cards_upgraded":["animator:Strike_Kancolle","animator:Defend_Kancolle","animator:Strike","animator:Strike","animator:Strike","animator:Defend","animator:Defend"]},{"damage_healed":0,"gold_gain":0,"player_choice":"Cursed","damage_taken":0,"max_hp_gain":0,"max_hp_loss":0,"event_name":"Wheel of Change","floor":27,"gold_loss":0,"cards_obtained":["Decay"]}],"is_beta":false,"boss_relics":[{"not_picked":["Fusion Hammer","Runic Dome"],"picked":"Calling Bell"}],"items_purged_floors":[],"is_endless":false,"potions_floor_spawned":[4,13,16,25],"killed_by":"3 Cultists","ascension_level":0}}