{"host":"7s8u925wkovx3a22","time":1612241327,"event":{"mods":["BaseMod","Bestiary","Better Match","Better Third Choice","Colored Map","DeckTracker","Displayed Cursed Tome","Highlight Path","Minty Spire (QoL Compilation)","StSLib","The Animator","The Poker Player","The Servant 0.9.4","The Valiant"],"gold_per_floor":[119,131,145,145,159,159,11,25,50,60,60,79,79,79,79,174,174,187,174,174,192,107,107,119,119,143,143,14,29,29,29,29,29,29],"floor_reached":33,"language":"ENG","playtime":2089,"items_purged":[],"score":239,"play_id":"d10da8b5-d42f-4266-9adb-4377614f34ec","local_time":"20210201224847","is_ascension_mode":false,"campfire_choices":[{"data":"Exchange","floor":6,"key":"SMITH"},{"floor":13,"key":"REST"},{"data":"Ricochet","floor":15,"key":"SMITH"},{"floor":23,"key":"REST"},{"floor":27,"key":"REST"},{"floor":32,"key":"REST"}],"circlet_count":0,"master_deck":["Strike_S","Strike_S","Strike_S","Strike_S","Defend_S","Defend_S","Defend_S","Defend_S","KidneyShot","Exchange+1","FanOfKnives","Potential","Rewind","Ricochet+1","Starlight","Spin","MurderousAura","FastForward","Shuttle+1","Misdirection","WasteNot","Writhe","GearUp","Ricochet+1"],"relics":["SplendidAttire","TheAbacus","Boot","MealTicket","Tiny Chest","Winged Necklace"],"acts_visited":["Exordium","TheCity"],"potions_floor_usage":[12,16,19,24,24,33],"damage_taken":[{"damage":2,"enemies":"2 Louse","floor":1,"turns":3},{"damage":7,"enemies":"Cultist","floor":2,"turns":4},{"damage":8,"enemies":"Jaw Worm","floor":3,"turns":3},{"damage":9,"enemies":"Blue Slaver","floor":5,"turns":3},{"damage":23,"enemies":"Gremlin Gang","floor":8,"turns":4},{"damage":2,"enemies":"Looter","floor":10,"turns":4},{"damage":0,"enemies":"Blue Slaver","floor":12,"turns":3},{"damage":43,"enemies":"Slime Boss","floor":16,"turns":12},{"damage":11,"enemies":"Shell Parasite","floor":18,"turns":5},{"damage":22,"enemies":"2 Thieves","floor":19,"turns":4},{"damage":22,"enemies":"3 Cultists","floor":21,"turns":5},{"damage":22,"enemies":"Snake Plant","floor":24,"turns":6},{"damage":29,"enemies":"Centurion and Healer","floor":29,"turns":9},{"damage":70,"enemies":"Collector","floor":33,"turns":5}],"seed_played":"-110735442214116596","potions_obtained":[{"floor":0,"key":"GamblersBrew"},{"floor":0,"key":"Fruit Juice"},{"floor":0,"key":"Dexterity Potion"},{"floor":1,"key":"Block Potion"},{"floor":2,"key":"Dexterity Potion"},{"floor":12,"key":"LiquidBronze"},{"floor":18,"key":"EssenceOfSteel"},{"floor":19,"key":"GamblersBrew"},{"floor":29,"key":"Weak Potion"}],"is_trial":false,"path_per_floor":["M","M","M","?","M","R","$","M","T","M","?","M","R","$","R","B",null,"M","M","?","M","?","R","M","?","T","R","$","M","?","$","R","B"],"character_chosen":"THE_SERVANT","items_purchased":["TheAbacus","Explosive Potion","GearUp"],"campfire_rested":4,"item_purchase_floors":[7,28,28],"current_hp_per_floor":[63,56,48,53,44,44,44,21,21,19,35,35,54,54,54,11,65,54,32,32,10,10,28,6,6,6,24,39,10,10,25,43,0,0],"gold":29,"neow_bonus":"THREE_SMALL_POTIONS","is_daily":false,"chose_seed":false,"campfire_upgraded":2,"win_rate":0.0,"timestamp":1612241327,"path_taken":["M","M","M","?","?","R","?","M","T","M","?","M","R","$","R","BOSS","M","M","?","?","?","R","M","?","T","R","?","M","?","$","R","BOSS"],"items_purchased_type":["Relic","Potion","Card"],"build_version":"2020-12-22","purchased_purges":0,"victory":false,"max_hp_per_floor":[65,65,65,65,65,65,65,65,65,65,65,65,65,65,65,65,65,65,65,62,62,62,62,62,62,62,62,62,62,62,62,62,62,62],"card_choices":[{"not_picked":["ReturningBlade","TimeWarp"],"picked":"FanOfKnives","floor":1},{"not_picked":["StarChef","BottledTime"],"picked":"Potential","floor":2},{"not_picked":["Reset","Gouge"],"picked":"ShatteredReality","floor":3},{"not_picked":["ShatteredReality","Dilation"],"picked":"Rewind","floor":5},{"not_picked":["Rearm","Defy"],"picked":"Ricochet","floor":8},{"not_picked":["Alleviate","TimeWarp"],"picked":"Starlight","floor":10},{"not_picked":["Misdirection","Potential"],"picked":"Spin","floor":12},{"not_picked":["Initiator","PendulumOfEternity"],"picked":"MurderousAura","floor":16},{"not_picked":["TimeWarp+1","Rewind"],"picked":"FastForward","floor":18},{"not_picked":["ShatteredReality","Gouge"],"picked":"Shuttle+1","floor":19},{"not_picked":["Replace","BottledTime"],"picked":"Misdirection","floor":21},{"not_picked":["RealityMarble","Rewind"],"picked":"WasteNot","floor":24},{"not_picked":["Replace+1","Starlight"],"picked":"Ricochet+1","floor":29}],"player_experience":249652,"relics_obtained":[{"floor":9,"key":"Boot"},{"floor":26,"key":"Winged Necklace"}],"event_choices":[{"cards_removed":["ShatteredReality"],"damage_healed":5,"gold_gain":0,"player_choice":"Offered Common","damage_taken":0,"max_hp_gain":0,"max_hp_loss":0,"event_name":"Bonfire Elementals","floor":4,"gold_loss":0},{"cards_removed":["ShatteredReality"],"damage_healed":5,"gold_gain":0,"player_choice":"Offered Special","damage_taken":0,"max_hp_gain":0,"max_hp_loss":0,"event_name":"Bonfire Elementals","floor":4,"gold_loss":0},{"damage_healed":16,"gold_gain":0,"player_choice":"Healed and dodged fight","damage_taken":0,"max_hp_gain":0,"max_hp_loss":0,"event_name":"Mushrooms","floor":11,"gold_loss":0,"cards_obtained":["Parasite"]},{"cards_removed":["Parasite"],"damage_healed":0,"gold_gain":0,"player_choice":"Removed Curses","damage_taken":0,"max_hp_gain":0,"max_hp_loss":0,"event_name":"Fountain of Cleansing","floor":20,"gold_loss":0},{"damage_healed":0,"gold_gain":0,"player_choice":"Obtained Relic","damage_taken":0,"relics_obtained":["MealTicket"],"max_hp_gain":0,"max_hp_loss":0,"event_name":"Addict","floor":22,"gold_loss":85},{"damage_healed":0,"gold_gain":0,"player_choice":"Opened","damage_taken":0,"relics_obtained":["Tiny Chest"],"max_hp_gain":0,"max_hp_loss":0,"event_name":"The Mausoleum","floor":25,"gold_loss":0,"cards_obtained":["Writhe"]},{"damage_healed":0,"gold_gain":0,"player_choice":"Leave","damage_taken":0,"max_hp_gain":0,"max_hp_loss":0,"event_name":"FaceTrader","floor":30,"gold_loss":0}],"is_beta":false,"boss_relics":[{"not_picked":["SacredBark","Tiny House"],"picked":"SplendidAttire"}],"items_purged_floors":[],"is_endless":false,"potions_floor_spawned":[1,2,12,18,19,29],"killed_by":"Collector","ascension_level":0}}