{"host":"tx53bzy9yvi1me7u","time":1612275039,"event":{"mods":["2.2 Compatiblity","Aspiration","BaseMod","Bestiary","Better Altar","Better Match","Better Note","Better Sensory Stone","Better Skull","CCEM2","Colored Map","Colored Powertips","Conspire","Dark Map","Displayed Cursed Tome","Downfall","Fox Events","Halation","Highlight Path","Hubris","Jedi Mod","Mimic Mod","Minty Spire (QoL Compilation)","Permanent Neow","Quick Restart","RatMod","Relic Sorter","Reliquary","Replay The Spire","Small Relic Pack","Spicy Shops","Spikes Relics","Spire Arcade","StS++","StSLib","The Blue Laboratory","The Runesmith","Trackpad","Wandering Minibosses"],"gold_per_floor":[199,199,213,213,223,223,223,223,223,234,234,234,234],"floor_reached":11,"language":"ENG","playtime":481,"items_purged":[],"score":61,"play_id":"ca548861-a6e7-488f-81d1-f852fd2f0a01","local_time":"20210202091039","is_ascension_mode":false,"campfire_choices":[{"data":"Slimebound:Split","floor":1,"key":"SMITH"}],"circlet_count":0,"master_deck":["Slimebound:Tackle","Slimebound:Split+1","Slimebound:CorrosiveSpit","hubris:SlightOfHand","Slimebound:LeechEnergy","Panacea","Slimebound:SlimeTap","relicPack:TruthCard","sneckomod:Mudshield","Multi-Cast","Runesmith:GrandSlam","Slimebound:Repurpose"],"relics":["Slimebound:AbsorbEndCombat","relicPack:EdsArm","Matryoshka"],"acts_visited":["Exordium"],"potions_floor_usage":[],"damage_taken":[{"damage":6,"enemies":"Cultist","floor":3,"turns":2},{"damage":0,"enemies":"Small Slimes","floor":5,"turns":3},{"damage":19,"enemies":"2 Louse","floor":10,"turns":3},{"damage":50,"enemies":"3 Sentries","floor":11,"turns":5}],"seed_played":"4107667164810659062","potions_obtained":[{"floor":3,"key":"jedi:mysterypotion"},{"floor":10,"key":"Elixir"}],"is_trial":false,"path_per_floor":["R","?","M","?","M","PTL","PTL","?","T","M","E"],"character_chosen":"SLIMEBOUND","items_purchased":[],"campfire_rested":0,"item_purchase_floors":[],"current_hp_per_floor":[65,65,62,62,65,65,65,60,60,43,0,0,0],"gold":234,"neow_bonus":"HUNDRED_GOLD","is_daily":false,"chose_seed":false,"campfire_upgraded":1,"win_rate":0.0,"timestamp":1612275039,"path_taken":["R","?","?","?","M","PTL","PTL","?","T","M","E"],"items_purchased_type":[],"build_version":"2020-12-22","purchased_purges":0,"victory":false,"max_hp_per_floor":[65,65,65,65,65,65,65,60,60,60,60,60,60],"card_choices":[{"not_picked":["Slimebound:PressTheAttack","Slimebound:Gluttony"],"picked":"Slimebound:LeechEnergy","floor":3},{"not_picked":["StSpp:Panic","Midas Touch"],"picked":"Panacea","floor":4},{"not_picked":["Slimebound:SamplingLick","Slimebound:Nibble"],"picked":"Slimebound:SlimeTap","floor":5},{"not_picked":["Slimebound:SpikyOuterGoop","Slimebound:RollThrough"],"picked":"Slimebound:Repurpose","floor":10}],"player_experience":625034,"relics_obtained":[{"floor":9,"key":"Matryoshka"}],"event_choices":[{"damage_healed":0,"gold_gain":1,"player_choice":"1","damage_taken":0,"max_hp_gain":0,"max_hp_loss":0,"event_name":"betterStone:BetterStone","floor":4,"gold_loss":0}],"is_beta":false,"boss_relics":[],"items_purged_floors":[],"is_endless":false,"potions_floor_spawned":[3,10],"killed_by":"3 Sentries","ascension_level":0}}