{"host":"m8d0q1obfsrpi6km","time":1612268506,"event":{"mods":["2.2 Compatiblity","AchievementEnabler","Act Like it!","BaseMod","Better Altar","Better Match","Better Note","Better Sensory Stone","Better Third Choice","BetterRewards","DeckTracker","Fox Events","Gensokyo","Hallownest","Hubris","Infinite Spire","Magitek Elite","Minty Spire (QoL Compilation)","Permanent Neow","Quick Restart","Reliquary","Replay The Spire","Reworked Bosses","Shop Mod","StSLib","SuperFastMode","Synergy Search","The Alterego","The Animator","TheWitcher","Waifu the Spire","??????REMEMod"],"gold_per_floor":[211,230,230,249,269,269,39,39,39,39,89,89,109,130,130,255,255,255,255,255,205,205,205,155,155,155,155,155,155,35,35,35,35,35],"floor_reached":33,"language":"ENG","playtime":1275,"items_purged":["hubris:Disease","Hallucinations"],"score":310,"play_id":"7c28eee2-e7a0-472f-9fef-81db883d2d8b","local_time":"20210202132146","is_ascension_mode":false,"campfire_choices":[{"data":"Cure","floor":6.0,"key":"SMITH"},{"data":"Gensokyo:LittleGreenMen","floor":12.0,"key":"SMITH"},{"floor":15.0,"key":"REST"},{"data":"Thunder_P","floor":23,"key":"SMITH"},{"data":"Thunder_P","floor":25,"key":"SMITH"},{"data":"Ultima","floor":32,"key":"SMITH"}],"circlet_count":0,"master_deck":["Strike_L","Strike_L","Strike_L","Strike_L","Defend_L","Defend_L","Defend_L","Defend_L","Defend_L","Fire2","Cure","Enhancer","Falchion","Focus","Rune_Blade","Gensokyo:LittleGreenMen+1","Thunder_P+2","Esuna","Ultima+1","Gensokyo:AllTheWorldsEvil"],"relics":["Pendant","REME_ComplimentaryCards","Replay:Mystery Machine","Replay:Kaleidoscope","Pear","Ring of Greed","Smiling Mask","Golden Idol","Ring of Peace","Dream Catcher","Ectoplasm","Potion Belt","Gensokyo:MaskOfHope"],"acts_visited":["Gensokyo:Gensokyo","Gensokyo:Gensokyoer"],"potions_floor_usage":[20,31,33,33,33],"damage_taken":[{"damage":0.0,"enemies":"Gensokyo:3_Fairies","floor":1.0,"turns":7.0},{"damage":12.0,"enemies":"Gensokyo:Gryphon","floor":2.0,"turns":4.0},{"damage":7.0,"enemies":"Gensokyo:Python","floor":4.0,"turns":5.0},{"damage":0.0,"enemies":"Gensokyo:LivingMonolith","floor":5.0,"turns":3.0},{"damage":12.0,"enemies":"Gensokyo:CorruptedTreant","floor":13.0,"turns":3.0},{"damage":6.0,"enemies":"Gensokyo:Gryphon_and_Rabbit","floor":14.0,"turns":6.0},{"damage":0.0,"enemies":"Gensokyo:Yukari","floor":16.0,"turns":5.0},{"damage":0.0,"enemies":"Gensokyo:2_Gloops","floor":18.0,"turns":4.0},{"damage":0,"enemies":"Gensokyo:CosmicMonolith","floor":27,"turns":2},{"damage":0,"enemies":"Gensokyo:Swordslinger","floor":29,"turns":3},{"damage":20,"enemies":"Gensokyo:3_Gloops","floor":31,"turns":4},{"damage":74,"enemies":"Gensokyo:Kaguya","floor":33,"turns":9}],"seed_played":"2046499382637044274","potions_obtained":[{"floor":1.0,"key":"BlessingOfTheForge"},{"floor":14.0,"key":"LifebloodPotion"},{"floor":16.0,"key":"ColorlessPotion"},{"floor":20,"key":"Flashbang"},{"floor":20,"key":"Fruit Juice"},{"floor":20,"key":"Languid Potion"},{"floor":29,"key":"LifebloodPotion"}],"is_trial":false,"path_per_floor":["M","M","?","M","M","R","COS","?","T","?","?","R","M","M","R","B",null,"M","?","?","$","?","R","$","R","T","M","?","M","?","M","R","B"],"character_chosen":"MAGITEKELITE","items_purchased":[],"campfire_rested":1,"item_purchase_floors":[],"current_hp_per_floor":[63,51,51,50,50,50,50,38,38,33,33,33,21,27,48,60,73,73,73,60,60,60,60,60,60,60,69,69,69,69,58,58,0,0],"gold":35,"neow_bonus":"HUNDRED_GOLD","is_daily":false,"chose_seed":false,"campfire_upgraded":5,"win_rate":0.0,"timestamp":1612268506,"path_taken":["M","M","?","M","M","R","COS","?","T","?","?","R","M","M","R","BOSS","M","?","?","$","?","R","?","R","T","?","?","M","?","M","R","BOSS"],"items_purchased_type":[],"build_version":"2020-12-22","purchased_purges":2,"victory":false,"max_hp_per_floor":[63,63,63,63,63,63,63,63,63,73,73,73,73,73,73,73,73,73,73,78,78,78,78,78,78,78,78,78,78,78,78,78,78,78],"card_choices":[{"not_picked":["Heavy_Shield","Barrier"],"picked":"Enhancer","floor":1.0},{"not_picked":["Flare","Vox"],"picked":"Falchion","floor":2.0},{"not_picked":["Cursed_Shield","Barrier"],"picked":"Focus","floor":4.0},{"not_picked":["Flametongue","Float2_Spell"],"picked":"Rune_Blade","floor":5.0},{"not_picked":["Faith","Man_Eater"],"picked":"Thunder_P","floor":13.0},{"not_picked":["Poisona","Flametongue","Thunder_Blade"],"picked":"SKIP","floor":14.0},{"not_picked":["Dispel","Meltdown"],"picked":"Esuna","floor":15.0},{"not_picked":["Reflect","Gravity"],"picked":"Ultima","floor":16.0},{"not_picked":["Gaia_Gear","Minerva_Bustier","Flametongue"],"picked":"SKIP","floor":18.0},{"not_picked":["Thunder_P","Enhancer","Flametongue"],"picked":"SKIP","floor":27},{"not_picked":["Might","Throw+1","Meteor+1"],"picked":"SKIP","floor":29},{"not_picked":["Magnus_Hat+1","Float2_Spell+1","Quake"],"picked":"SKIP","floor":31}],"player_experience":290661,"relics_obtained":[{"floor":9.0,"key":"Replay:Kaleidoscope"},{"floor":11.0,"key":"Ring of Greed"},{"floor":11.0,"key":"Smiling Mask"},{"floor":11.0,"key":"Golden Idol"},{"floor":11.0,"key":"Ring of Peace"},{"floor":26,"key":"Potion Belt"}],"event_choices":[],"is_beta":false,"boss_relics":[{"not_picked":["reliquary:RedCape","Painkiller Herb"],"picked":"Ectoplasm"}],"items_purged_floors":[21,24],"is_endless":false,"potions_floor_spawned":[1,14,16,29],"killed_by":"Gensokyo:Kaguya","ascension_level":0}}