{"host":"zjc1tzo4ovig5lll","time":1612285632,"event":{"mods":["AchievementEnabler","Aspiration","BaseMod","Beaked The Cultist","Better Altar","Better Match","Better Note","Better Sensory Stone","Colored Map","Colored Powertips","Conspire","Energized Spire","Friendly Minions","GifTheSpireLib","Halation","Hermit","Hubris","Minty Spire (QoL Compilation)","Rare Cards Sparkle","Replay The Spire","StSLib","The Blue Laboratory","The Bug Knight","The Construct","The Jungle","everything is the same but u backflip on backflip"],"gold_per_floor":[110,129,53,70,70,70,84,84,84,84,94,94,109,128,128,231,231,244,320,109,129,228,228,228,228],"floor_reached":24,"language":"ENG","playtime":840,"items_purged":[],"score":226,"play_id":"9bd7907d-4f0e-4d9c-a3cf-2d0e47961ca5","local_time":"20210202190712","is_ascension_mode":true,"campfire_choices":[{"data":"Chaos","floor":6.0,"key":"SMITH"},{"data":"ReplayTheSpireMod:Calculation Training","floor":10.0,"key":"SMITH"},{"floor":12.0,"key":"RECALL"},{"floor":15.0,"key":"REST"},{"floor":23,"key":"REST"}],"circlet_count":0,"master_deck":["Specialist+1","Strike_B","Defend_B","Defend_B","Defend_B","Defend_B","Zap","Dualcast","ReplayTheSpireMod:Reroute Power","Chaos+1","Force Field","Reinforced Body","ReplayTheSpireMod:Calculation Training+1","Glass Knife","Slice","Flying Knee","Ball Lightning","Seek","Flex+1","Crystallizer+1"],"relics":["Cracked Core","aspiration:IroncladSkillbook","Darkstone Periapt","Strawberry"],"acts_visited":["Exordium","TheCity"],"potions_floor_usage":[],"damage_taken":[{"damage":4.0,"enemies":"Jaw Worm","floor":1.0,"turns":3.0},{"damage":0.0,"enemies":"Small Slimes","floor":2.0,"turns":2.0},{"damage":0.0,"enemies":"Cultist","floor":4.0,"turns":3.0},{"damage":5.0,"enemies":"Looter","floor":7.0,"turns":4.0},{"damage":13.0,"enemies":"Large Slime","floor":11.0,"turns":3.0},{"damage":10.0,"enemies":"Gremlin Gang","floor":13.0,"turns":4.0},{"damage":5.0,"enemies":"Lots of Slimes","floor":14.0,"turns":4.0},{"damage":39.0,"enemies":"Hexaghost","floor":16.0,"turns":9.0},{"damage":22.0,"enemies":"3 Byrds","floor":18.0,"turns":5.0},{"damage":42,"enemies":"2 Thieves","floor":21,"turns":5},{"damage":51,"enemies":"Book of Stabbing","floor":24,"turns":4}],"seed_played":"6771489357720691710","potions_obtained":[{"floor":4.0,"key":"blueLaboratory:BottledHope"}],"is_trial":false,"path_per_floor":["M","M","$","M","?","R","M","?","T","R","M","R","M","M","R","B",null,"M","T","$","M","?","R","E"],"character_chosen":"DEFECT","items_purchased":["Force Field","Strawberry","Crystallizer+1"],"campfire_rested":2,"item_purchase_floors":[3,20,20],"current_hp_per_floor":[71,71,71,71,71,71,66,66,66,66,53,53,43,38,60,21,75,57,57,64,26,26,50,0,0],"gold":228,"neow_bonus":"RANDOM_COLORLESS","is_daily":false,"chose_seed":false,"campfire_upgraded":2,"win_rate":0.0,"timestamp":1612285632,"path_taken":["M","M","$","M","?","R","M","?","T","R","M","R","M","M","R","BOSS","M","?","$","M","?","R","E"],"items_purchased_type":["Card","Relic","Card"],"build_version":"2020-12-22","purchased_purges":0,"victory":false,"max_hp_per_floor":[75,75,75,75,75,75,75,75,75,75,75,75,75,75,75,75,75,75,75,82,82,82,82,82,82],"card_choices":[{"not_picked":["BasicCrystalCard","Coolheaded"],"picked":"ReplayTheSpireMod:Reroute Power","floor":1.0},{"not_picked":["Fusion","Stack"],"picked":"Chaos","floor":2.0},{"not_picked":["Stack","Glacier"],"picked":"Reinforced Body","floor":4.0},{"not_picked":["Hologram","Cold Snap"],"picked":"ReplayTheSpireMod:Calculation Training","floor":7.0},{"not_picked":["Beam Cell","Leap","Cold Snap"],"picked":"SKIP","floor":11.0},{"not_picked":["Coolheaded","Gash"],"picked":"Ball Lightning","floor":13.0},{"not_picked":["aspiration:Polymerization","Fusion","Heatsinks"],"picked":"SKIP","floor":14.0},{"not_picked":["Amplify","Mirror Shield"],"picked":"Seek","floor":16.0},{"not_picked":["ReplayTheSpireMod:Strike From Hell","Headbutt","Dual Wield+1"],"picked":"Flex+1","floor":18.0},{"not_picked":["Compile Driver","Hologram","Cold Snap","Cleave"],"picked":"SKIP","floor":21}],"player_experience":672359,"relics_obtained":[{"floor":19.0,"key":"Darkstone Periapt"}],"event_choices":[{"damage_healed":0.0,"max_hp_gain":0.0,"max_hp_loss":0.0,"gold_gain":0.0,"event_name":"conspire:Investor","player_choice":"Leave","floor":5.0,"gold_loss":0.0,"damage_taken":0.0},{"damage_healed":0,"gold_gain":99,"player_choice":"Stole From Cult","damage_taken":0,"max_hp_gain":0,"max_hp_loss":0,"event_name":"Nest","floor":22,"gold_loss":0}],"is_beta":false,"boss_relics":[{"not_picked":["Calling Bell","Black Star"],"picked":"aspiration:IroncladSkillbook"}],"items_purged_floors":[],"is_endless":false,"potions_floor_spawned":[1,4,7,11],"killed_by":"Book of Stabbing","ascension_level":4}}