{"host":"facnppb4175fcpe2","time":1612255700,"event":{"mods":["AchievementEnabler","BaseMod","Colored Map","Colored Powertips","Highlight Path","Minty Spire (QoL Compilation)","Quick Restart","Rare Cards Sparkle","Relic Stats","StSLib","SuperFastMode"],"gold_per_floor":[11,11,11,29,43,70,87,87,113,144,156,156,12,12,12,107,107,118,118,138,156,191,216,230,261,261,261,280,280,295,311,311,407,407,425,180,196,196,212,212,247,260,560,560,610,638,688,688,688,688],"floor_reached":51,"language":"ZHS","playtime":1078,"items_purged":["Strike_B","Strike_B"],"score":882,"play_id":"99090841-5229-4536-811e-932e85069551","local_time":"20210202164820","is_ascension_mode":false,"campfire_choices":[{"data":"FTL","floor":8.0,"key":"SMITH"},{"data":"Defend_B","floor":12.0,"key":"SMITH"},{"data":"Defend_B","floor":15.0,"key":"SMITH"},{"data":"Thunder Strike","floor":32.0,"key":"SMITH"},{"data":"Seek","floor":40.0,"key":"SMITH"},{"data":"Amplify","floor":44,"key":"SMITH"},{"data":"Thunder Strike","floor":49,"key":"SMITH"}],"circlet_count":0,"master_deck":["Strike_B","Strike_B+1","Defend_B+1","Defend_B+1","Defend_B","Defend_B+1","Zap","Dualcast","Electrodynamics+1","FTL+1","Ball Lightning","Electrodynamics+1","Thunder Strike+1","Defragment+1","Amplify+1","Lockon+1","White Noise+1","Seek+1","Double Energy+1"],"relics":["Cracked Core","Juzu Bracelet","Bronze Scales","PreservedInsect","Velvet Choker","Red Mask","Blood Vial","Kunai","FossilizedHelix","Sozu","Ice Cream","Old Coin","Mango","Bottled Flame","Gambling Chip"],"acts_visited":["Exordium","TheCity","TheBeyond"],"potions_floor_usage":[50,50,50],"damage_taken":[{"damage":7.0,"enemies":"Small Slimes","floor":1.0,"turns":2.0},{"damage":1.0,"enemies":"Jaw Worm","floor":4.0,"turns":3.0},{"damage":0.0,"enemies":"Cultist","floor":5.0,"turns":2.0},{"damage":4.0,"enemies":"3 Sentries","floor":6.0,"turns":2.0},{"damage":8.0,"enemies":"Lots of Slimes","floor":7.0,"turns":2.0},{"damage":0.0,"enemies":"Gremlin Nob","floor":10.0,"turns":3.0},{"damage":3.0,"enemies":"Gremlin Gang","floor":11.0,"turns":3.0},{"damage":26.0,"enemies":"Hexaghost","floor":16.0,"turns":8.0},{"damage":0.0,"enemies":"3 Byrds","floor":18.0,"turns":1.0},{"damage":10.0,"enemies":"2 Thieves","floor":20.0,"turns":2.0},{"damage":7.0,"enemies":"Centurion and Healer","floor":21.0,"turns":3.0},{"damage":0.0,"enemies":"Masked Bandits","floor":22.0,"turns":2.0},{"damage":10.0,"enemies":"Slavers","floor":23.0,"turns":2.0},{"damage":5.0,"enemies":"3 Cultists","floor":24.0,"turns":3.0},{"damage":10.0,"enemies":"Book of Stabbing","floor":25.0,"turns":3.0},{"damage":0.0,"enemies":"Cultist and Chosen","floor":28.0,"turns":3.0},{"damage":0.0,"enemies":"Shelled Parasite and Fungi","floor":30.0,"turns":3.0},{"damage":0.0,"enemies":"Sentry and Sphere","floor":31.0,"turns":2.0},{"damage":10.0,"enemies":"Collector","floor":33.0,"turns":5.0},{"damage":8.0,"enemies":"3 Darklings","floor":35.0,"turns":2.0},{"damage":0.0,"enemies":"3 Shapes","floor":37.0,"turns":1.0},{"damage":0.0,"enemies":"Sphere and 2 Shapes","floor":39.0,"turns":2.0},{"damage":0.0,"enemies":"Nemesis","floor":41.0,"turns":3.0},{"damage":0,"enemies":"4 Shapes","floor":42,"turns":2},{"damage":15,"enemies":"2 Orb Walkers","floor":45,"turns":3},{"damage":0,"enemies":"Reptomancer","floor":46,"turns":2},{"damage":0,"enemies":"Mind Bloom Boss Battle","floor":47,"turns":2},{"damage":54,"enemies":"Time Eater","floor":50,"turns":6}],"seed_played":"-6353944433149146218","potions_obtained":[{"floor":6.0,"key":"Explosive Potion"},{"floor":16.0,"key":"LiquidBronze"},{"floor":18.0,"key":"Ancient Potion"},{"floor":24.0,"key":"BlessingOfTheForge"},{"floor":33.0,"key":"LiquidMemories"}],"is_trial":false,"path_per_floor":["M","?","?","M","M","E","M","R","T","E","M","R","$","?","R","B",null,"M","$","M","M","?","E","M","E","T","?","M","?","M","M","R","B",null,"M","$","M","?","M","R","E","M","T","R","?","E","?","?","R","B",null],"character_chosen":"DEFECT","items_purchased":["Electrodynamics","Seek"],"campfire_rested":0,"item_purchase_floors":[13,36],"current_hp_per_floor":[68,68,53,52,52,48,40,40,40,40,37,37,37,37,37,11,75,75,75,65,58,58,48,45,37,37,23,25,25,27,29,29,21,80,72,72,74,74,76,76,76,76,76,76,75,77,79,79,79,27],"gold":688,"neow_bonus":"THREE_RARE_CARDS","is_daily":false,"chose_seed":false,"campfire_upgraded":7,"win_rate":0.0,"timestamp":1612255700,"path_taken":["M","?","?","?","M","E","M","R","T","E","M","R","$","?","R","BOSS","M","?","M","M","?","E","M","E","T","?","M","?","M","M","R","BOSS","M","$","M","?","M","R","E","M","T","R","?","E","?","?","R","BOSS"],"items_purchased_type":["Card","Card"],"build_version":"2020-12-22","purchased_purges":2,"victory":true,"max_hp_per_floor":[75,75,75,75,75,75,75,75,75,75,75,75,75,75,75,75,75,75,75,75,75,75,75,75,75,75,80,80,80,80,80,80,80,80,80,80,80,76,76,76,76,76,76,76,90,90,90,90,90,90],"relic_stats":{"Blood Vial":22,"Sozu":2,"counters":[28,77],"Bronze Scales":[174],"Gambling Chip":[4],"PreservedInsect":183,"Juzu Bracelet":2,"Kunai":[3],"obtain_stats":[{"Ice Cream":41,"Velvet Choker":17,"Mango":45,"PreservedInsect":10,"Juzu Bracelet":6,"Old Coin":43,"Blood Vial":23,"Sozu":34,"Bottled Flame":46,"Bronze Scales":9,"Gambling Chip":47,"Red Mask":22,"Kunai":25,"Cracked Core":0,"FossilizedHelix":26},{"Ice Cream":23,"Velvet Choker":8,"Mango":25,"PreservedInsect":6,"Juzu Bracelet":4,"Old Coin":24,"Blood Vial":13,"Sozu":19,"Bottled Flame":26,"Bronze Scales":5,"Gambling Chip":27,"Red Mask":12,"Kunai":15,"Cracked Core":0,"FossilizedHelix":15},{"Ice Cream":62,"Velvet Choker":25,"Mango":67,"PreservedInsect":14,"Juzu Bracelet":9,"Old Coin":64,"Blood Vial":35,"Sozu":54,"Bottled Flame":69,"Bronze Scales":11,"Gambling Chip":71,"Red Mask":33,"Kunai":41,"Cracked Core":0,"FossilizedHelix":41}]},"card_choices":[{"not_picked":["Machine Learning","Reboot"],"picked":"Electrodynamics","floor":0.0},{"not_picked":["Redo","Sweeping Beam"],"picked":"FTL","floor":1.0},{"not_picked":["Barrage","Static Discharge"],"picked":"Ball Lightning","floor":4.0},{"not_picked":["Consume","Steam","Stack"],"picked":"SKIP","floor":5.0},{"not_picked":["Go for the Eyes","Melter","Rip and Tear"],"picked":"SKIP","floor":6.0},{"not_picked":["White Noise","Stack","Steam"],"picked":"SKIP","floor":7.0},{"not_picked":["Fusion","Coolheaded","Barrage"],"picked":"SKIP","floor":10.0},{"not_picked":["Self Repair","Genetic Algorithm","Redo"],"picked":"SKIP","floor":11.0},{"not_picked":["Reboot","Machine Learning"],"picked":"Thunder Strike","floor":16.0},{"not_picked":["Fusion","Ball Lightning","Sweeping Beam"],"picked":"SKIP","floor":18.0},{"not_picked":["Chaos","Steam","Blizzard"],"picked":"SKIP","floor":20.0},{"not_picked":["Beam Cell","Glacier+1","Gash"],"picked":"SKIP","floor":21.0},{"not_picked":["Go for the Eyes","Stack+1"],"picked":"Defragment+1","floor":22.0},{"not_picked":["All For One","Stack"],"picked":"Amplify","floor":23.0},{"not_picked":["Chill","Cold Snap","Hologram"],"picked":"SKIP","floor":24.0},{"not_picked":["Leap","Gash","Doom and Gloom"],"picked":"SKIP","floor":25.0},{"not_picked":["Barrage+1","Scrape","Hologram"],"picked":"SKIP","floor":28.0},{"not_picked":["Barrage+1","Scrape","Hologram"],"picked":"SKIP","floor":28.0},{"not_picked":["Barrage+1","Scrape","Hologram"],"picked":"SKIP","floor":28.0},{"not_picked":["Compile Driver","Gash","Stack+1"],"picked":"SKIP","floor":30.0},{"not_picked":["Force Field","Hologram"],"picked":"Lockon+1","floor":31.0},{"not_picked":["Sweeping Beam+1","Go for the Eyes+1"],"picked":"White Noise+1","floor":35.0},{"not_picked":["Reprogram+1","Scrape+1","Consume"],"picked":"SKIP","floor":37.0},{"not_picked":["Compile Driver+1","Streamline+1","Conserve Battery+1"],"picked":"SKIP","floor":39.0},{"not_picked":["Gash","Melter+1"],"picked":"Double Energy+1","floor":41.0},{"not_picked":["Rip and Tear","Stack+1","Darkness+1"],"picked":"SKIP","floor":42},{"not_picked":["Steam+1","Redo","Ball Lightning"],"picked":"SKIP","floor":46}],"player_experience":108304,"relics_obtained":[{"floor":6.0,"key":"Juzu Bracelet"},{"floor":9.0,"key":"Bronze Scales"},{"floor":10.0,"key":"PreservedInsect"},{"floor":22.0,"key":"Red Mask"},{"floor":23.0,"key":"Blood Vial"},{"floor":25.0,"key":"Kunai"},{"floor":26.0,"key":"FossilizedHelix"},{"floor":41.0,"key":"Ice Cream"},{"floor":43,"key":"Old Coin"},{"floor":45,"key":"Mango"},{"floor":46,"key":"Bottled Flame"},{"floor":47,"key":"Gambling Chip"}],"event_choices":[{"damage_healed":0.0,"max_hp_gain":0.0,"max_hp_loss":0.0,"gold_gain":0.0,"event_name":"Living Wall","player_choice":"Grow","floor":2.0,"gold_loss":0.0,"damage_taken":0.0,"cards_upgraded":["Electrodynamics"]},{"damage_healed":0.0,"max_hp_gain":0.0,"max_hp_loss":0.0,"gold_gain":0.0,"event_name":"Shining Light","player_choice":"Entered Light","floor":3.0,"gold_loss":0.0,"damage_taken":15.0,"cards_upgraded":["Defend_B","Strike_B"]},{"damage_healed":0.0,"max_hp_gain":0.0,"max_hp_loss":0.0,"gold_gain":0.0,"event_name":"Upgrade Shrine","player_choice":"Upgraded","floor":14.0,"gold_loss":0.0,"damage_taken":0.0,"cards_upgraded":["Electrodynamics"]},{"damage_healed":0.0,"max_hp_gain":0.0,"max_hp_loss":0.0,"gold_gain":0.0,"event_name":"Masked Bandits","player_choice":"Fought Bandits","floor":22.0,"gold_loss":0.0,"damage_taken":0.0},{"damage_healed":0.0,"max_hp_gain":5.0,"max_hp_loss":0.0,"gold_gain":0.0,"event_name":"Forgotten Altar","player_choice":"Shed Blood","floor":27.0,"gold_loss":0.0,"damage_taken":19.0},{"damage_healed":0.0,"max_hp_gain":0.0,"max_hp_loss":0.0,"gold_gain":0.0,"event_name":"Duplicator","player_choice":"Copied","floor":29.0,"gold_loss":0.0,"damage_taken":0.0,"cards_obtained":["Thunder Strike"]},{"damage_healed":0.0,"max_hp_gain":0.0,"max_hp_loss":4.0,"gold_gain":0.0,"event_name":"Winding Halls","player_choice":"Max HP","floor":38.0,"gold_loss":0.0,"damage_taken":0.0},{"damage_healed":0,"gold_gain":0,"player_choice":"Fight","damage_taken":0,"max_hp_gain":0,"max_hp_loss":0,"event_name":"Mysterious Sphere","floor":45,"gold_loss":0},{"damage_healed":0,"gold_gain":0,"player_choice":"Fight","damage_taken":0,"max_hp_gain":0,"max_hp_loss":0,"event_name":"MindBloom","floor":47,"gold_loss":0},{"cards_removed":["Thunder Strike"],"damage_healed":0,"gold_gain":0,"player_choice":"Removed Attack","damage_taken":0,"max_hp_gain":0,"max_hp_loss":0,"event_name":"Falling","floor":48,"gold_loss":0}],"is_beta":false,"boss_relics":[{"not_picked":["Pandora\u0027s Box","Runic Dome"],"picked":"Velvet Choker"},{"not_picked":["SacredBark","Coffee Dripper"],"picked":"Sozu"}],"items_purged_floors":[13,36],"is_endless":false,"potions_floor_spawned":[6,16,18,24,33,39,42,47],"ascension_level":0}}