{"host":"0k696jvpnlqjk4gh","time":1612310023,"event":{"mods":["AchievementEnabler","BaseMod","Colored Map","Colored Powertips","Minty Spire (QoL Compilation)","Quick Restart"],"gold_per_floor":[113,113,113,133,133,159,185,185,258,258,67,86,86,148,148,244,244,257,257,273,273,285,285,320,331,331,345,345,345,360,360,360],"floor_reached":31,"language":"ENG","playtime":1188,"items_purged":[],"score":266,"play_id":"59432cd0-8324-4048-9281-60f037c01527","local_time":"20210202235343","is_ascension_mode":true,"campfire_choices":[{"floor":8,"key":"REST"},{"data":"Power Through","floor":10,"key":"SMITH"},{"floor":13,"key":"REST"},{"floor":15,"key":"REST"},{"floor":23,"key":"REST"}],"circlet_count":0,"master_deck":["Strike_R+1","Strike_R","Strike_R+1","Strike_R","Strike_R","Defend_R+1","Defend_R","Defend_R+1","Defend_R+1","Bash","Power Through+1","Wild Strike+1","Evolve","Inflame","Cleave","Berserk","Warcry"],"relics":["Sozu","Blood Vial","Odd Mushroom","Bottled Lightning","Whetstone","Charon\u0027s Ashes","Runic Cube","Enchiridion","Turnip","War Paint"],"acts_visited":["Exordium","TheCity"],"potions_floor_usage":[],"damage_taken":[{"damage":1,"enemies":"Cultist","floor":1,"turns":3},{"damage":1,"enemies":"Jaw Worm","floor":4,"turns":3},{"damage":41,"enemies":"Gremlin Nob","floor":6,"turns":5},{"damage":11,"enemies":"The Mushroom Lair","floor":7,"turns":5},{"damage":0,"enemies":"Small Slimes","floor":12,"turns":3},{"damage":22,"enemies":"3 Sentries","floor":14,"turns":6},{"damage":24,"enemies":"The Guardian","floor":16,"turns":16},{"damage":2,"enemies":"Shell Parasite","floor":18,"turns":5},{"damage":0,"enemies":"Chosen","floor":20,"turns":4},{"damage":14,"enemies":"Sentry and Sphere","floor":22,"turns":5},{"damage":34,"enemies":"Book of Stabbing","floor":24,"turns":7},{"damage":3,"enemies":"Snecko","floor":25,"turns":3},{"damage":18,"enemies":"Centurion and Healer","floor":27,"turns":6},{"damage":15,"enemies":"Cultist and Chosen","floor":30,"turns":6},{"damage":22,"enemies":"Shelled Parasite and Fungi","floor":31,"turns":3}],"seed_played":"-3855183970393423231","potions_obtained":[],"is_trial":false,"path_per_floor":["M","$","?","M","$","E","?","R","T","R","$","M","R","?","R","B",null,"M","?","M","?","M","R","E","M","T","M","?","$","M","M"],"character_chosen":"IRONCLAD","items_purchased":["Evolve","Whetstone"],"campfire_rested":4,"item_purchase_floors":[11,11],"current_hp_per_floor":[79,79,63,62,62,21,12,36,36,36,36,38,62,42,66,44,80,78,78,80,64,52,76,44,43,43,27,27,27,14,0,0],"gold":360,"neow_bonus":"BOSS_RELIC","is_daily":false,"chose_seed":false,"campfire_upgraded":1,"win_rate":0.0,"timestamp":1612310023,"path_taken":["M","$","?","M","?","E","?","R","T","R","$","M","R","?","R","BOSS","M","?","M","?","M","R","E","M","T","M","?","$","M","?"],"items_purchased_type":["Card","Relic"],"build_version":"2020-12-22","purchased_purges":0,"victory":false,"max_hp_per_floor":[80,80,80,80,80,80,80,80,80,80,80,80,80,80,80,80,80,80,80,80,80,80,80,80,80,80,80,80,80,80,80,80],"card_choices":[{"not_picked":["Blood for Blood","Entrench"],"picked":"Power Through","floor":1},{"not_picked":["Pommel Strike","Havoc","Flex"],"picked":"SKIP","floor":4},{"not_picked":["Flame Barrier","Perfected Strike","Rage"],"picked":"SKIP","floor":6},{"not_picked":["Anger","Shrug It Off"],"picked":"Wild Strike","floor":7},{"not_picked":["Headbutt","True Grit","Flex"],"picked":"SKIP","floor":12},{"not_picked":["Sword Boomerang","Power Through","Twin Strike"],"picked":"SKIP","floor":18},{"not_picked":["Perfected Strike","True Grit+1"],"picked":"Cleave","floor":20},{"not_picked":["Dual Wield","Havoc","Searing Blow"],"picked":"SKIP","floor":22},{"not_picked":["Wild Strike","Dropkick","Whirlwind"],"picked":"SKIP","floor":24},{"not_picked":["Heavy Blade","Body Slam"],"picked":"Berserk","floor":25},{"not_picked":["Clash","Cleave"],"picked":"Warcry","floor":27},{"not_picked":["Armaments","Iron Wave","Inflame+1"],"picked":"SKIP","floor":30}],"player_experience":123735,"relics_obtained":[{"floor":6,"key":"Blood Vial"},{"floor":7,"key":"Odd Mushroom"},{"floor":9,"key":"Bottled Lightning"},{"floor":14,"key":"Charon\u0027s Ashes"},{"floor":21,"key":"Enchiridion"},{"floor":24,"key":"Turnip"},{"floor":26,"key":"War Paint"}],"event_choices":[{"damage_healed":0,"gold_gain":0,"player_choice":"Entered Light","damage_taken":16,"max_hp_gain":0,"max_hp_loss":0,"event_name":"Shining Light","floor":3,"gold_loss":0,"cards_upgraded":["Strike_R","Defend_R"]},{"damage_healed":0,"gold_gain":0,"player_choice":"Fought Mushrooms","damage_taken":0,"max_hp_gain":0,"max_hp_loss":0,"event_name":"Mushrooms","floor":7,"gold_loss":0},{"damage_healed":0,"gold_gain":0,"player_choice":"Searched \u00271\u0027 times","damage_taken":0,"max_hp_gain":0,"max_hp_loss":0,"event_name":"Dead Adventurer","floor":14,"gold_loss":0},{"damage_healed":0,"gold_gain":0,"player_choice":"Read","damage_taken":0,"max_hp_gain":0,"max_hp_loss":0,"event_name":"The Library","floor":19,"gold_loss":0,"cards_obtained":["Inflame"]},{"damage_healed":0,"gold_gain":0,"player_choice":"Obtained Book","damage_taken":16,"max_hp_gain":0,"max_hp_loss":0,"event_name":"Cursed Tome","floor":21,"gold_loss":0},{"damage_healed":0,"gold_gain":0,"player_choice":"Got Potions","damage_taken":0,"max_hp_gain":0,"max_hp_loss":0,"event_name":"Lab","floor":28,"gold_loss":0}],"is_beta":false,"boss_relics":[{"not_picked":["Runic Pyramid","Runic Dome"],"picked":"Runic Cube"}],"items_purged_floors":[],"is_endless":false,"potions_floor_spawned":[1,4,16,20,22,24,25],"killed_by":"Shelled Parasite and Fungi","ascension_level":1}}