{"host":"btk6hapgokl8j5e3","time":1612233491,"event":{"mods":["Act Like it!","BaseMod","BetterRewards","Colored Powertips","Downfall","Friendly Minions","GifTheSpireLib","Hallownest","Minty Spire (QoL Compilation)","StSLib","The Animator","The Bug Knight","The Necromancer"],"gold_per_floor":[114,132,132,132,132,163,182,215,215,268,298,317,331,342,342,457,482,501,514,514,514,533,533,543,375,400,415,496,496,555,570,570,671,696,707,707,724,724,798,854,854,911,961,980,994,994,1004,1055,1055,1055,1055,1055,659,709,776,801,826,90,165,245,245,23792,23912,23937,23787,22958,23102,23102,23102,23102],"floor_reached":69,"language":"ENG","playtime":8523,"items_purged":["animator:Strike","animator:Strike","animator:Defend","animator:Strike","animator:Defend","animator:Defend","animator:Defend_OwariNoSeraph","animator:Strike_OwariNoSeraph"],"score":1357,"play_id":"bf66828f-c92f-4ec5-842d-0a99b652e572","local_time":"20210202033811","is_ascension_mode":false,"campfire_choices":[{"floor":15,"key":"RECALL"},{"floor":23,"key":"REST"},{"floor":29,"key":"REST"},{"floor":32,"key":"REST"},{"floor":41,"key":"REST"},{"floor":49,"key":"REST"},{"floor":52,"key":"REST"},{"floor":68,"key":"REST"}],"circlet_count":0,"master_deck":["animator:Shinoa+1","animator:Mikaela+1","animator:CrowleyEusford+1","animator:QuestionMark+1","animator:Benimaru+1","animator:Guren+1","animator:HiiragiShinya+1","animator:Lelouch+1","animator:DolaCouronne+1","animator:Yoichi+1","animator:Mitsuba+1","animator:MisaKurobane+1","animator:Lelouch+1","animator:Mitsuba+1","animator:Chung+1","animator:DolaCouronne+1","animator:Cirno+1","animator:Guren+1","animator:Shinoa+1","animator:Chung+1","animator:Benimaru+1","animator:Kira+1","animator:Zero+1","animator:Yuuichirou+1","animator:Shigure+1","animator:Yuuichirou+1","animator:Yuuichirou+1","animator:Eve+1","animator:KrulTepes+1","animator:TakanashiRikka+1","animator:TsurugaMeisai+1","animator:Eve+1","animator:Gilgamesh+29","animator:DolaRiku+1","animator:Elesis+1","animator:Mikaela+1","animator:Lelouch+1","animator:HigakiRinne+1","animator:Add+1","animator:Mikaela+1","animator:Lelouch+1","animator:Mikaela+1","animator:Hitei+1","animator:Witch+1","animator:Rimuru","animator:EmiyaShirou+1"],"relics":["animator:TheEruzaStone","animator:AncientMedallion"],"acts_visited":["Exordium","TheCity","TheBeyond","TheEnding","EYB:TheUnnamedReign"],"potions_floor_usage":[33,35,50,50,50,60,63,67,69,69,69],"damage_taken":[{"damage":2,"enemies":"2 Louse","floor":1,"turns":1},{"damage":5,"enemies":"Small Slimes","floor":2,"turns":2},{"damage":5,"enemies":"3 Sentries","floor":6,"turns":5},{"damage":0,"enemies":"Jaw Worm","floor":7,"turns":2},{"damage":3,"enemies":"Lagavulin","floor":8,"turns":4},{"damage":0,"enemies":"3 Sentries","floor":11,"turns":4},{"damage":0,"enemies":"Exordium Wildlife","floor":12,"turns":2},{"damage":0,"enemies":"Large Slime","floor":13,"turns":3},{"damage":0,"enemies":"Lots of Slimes","floor":14,"turns":1},{"damage":16,"enemies":"The Guardian","floor":16,"turns":7},{"damage":0,"enemies":"Spheric Guardian","floor":18,"turns":3},{"damage":0,"enemies":"Shell Parasite","floor":19,"turns":3},{"damage":3,"enemies":"Snake Plant","floor":22,"turns":3},{"damage":5,"enemies":"Shelled Parasite and Fungi","floor":24,"turns":4},{"damage":2,"enemies":"Centurion and Healer","floor":27,"turns":4},{"damage":8,"enemies":"Slavers","floor":28,"turns":4},{"damage":0,"enemies":"Gremlin Leader","floor":30,"turns":3},{"damage":0,"enemies":"Cultist and Chosen","floor":31,"turns":3},{"damage":18,"enemies":"Champ","floor":33,"turns":5},{"damage":5,"enemies":"3 Darklings","floor":35,"turns":2},{"damage":0,"enemies":"Orb Walker","floor":37,"turns":2},{"damage":0,"enemies":"Nemesis","floor":40,"turns":7},{"damage":3,"enemies":"Reptomancer","floor":42,"turns":5},{"damage":0,"enemies":"3 Darklings","floor":44,"turns":2},{"damage":0,"enemies":"Spire Growth","floor":45,"turns":3},{"damage":0,"enemies":"Maw","floor":47,"turns":5},{"damage":2,"enemies":"Giant Head","floor":48,"turns":5},{"damage":30,"enemies":"Donu and Deca","floor":50,"turns":5},{"damage":0,"enemies":"animator:UNNAMED_CULTIST_1","floor":54,"turns":6},{"damage":31,"enemies":"animator:TRIPLE_SHAPES_WEAK","floor":55,"turns":6},{"damage":10,"enemies":"animator:TRIPLE_LAGAVULIN","floor":59,"turns":7},{"damage":58,"enemies":"animator:LARGE_CUBE","floor":60,"turns":7},{"damage":52,"enemies":"animator:ULTIMATE_CRYSTAL","floor":63,"turns":8},{"damage":5,"enemies":"animator:ULTIMATE_WISP","floor":67,"turns":7},{"damage":120,"enemies":"animator:TheUnnamed","floor":69,"turns":10}],"seed_played":"-8983676185000210021","potions_obtained":[{"floor":2,"key":"GamblersBrew"},{"floor":7,"key":"Weak Potion"},{"floor":11,"key":"Energy Potion"},{"floor":14,"key":"SteroidPotion"},{"floor":19,"key":"SkillPotion"},{"floor":27,"key":"DistilledChaos"},{"floor":33,"key":"Weak Potion"},{"floor":37,"key":"ColorlessPotion"},{"floor":54,"key":"animator:FalseLifePotion"},{"floor":55,"key":"animator:FalseLifePotion"},{"floor":59,"key":"animator:FalseLifePotion"},{"floor":60,"key":"animator:FalseLifePotion"},{"floor":63,"key":"animator:FalseLifePotion"},{"floor":67,"key":"animator:FalseLifePotion"}],"is_trial":false,"path_per_floor":["M","M","?","?","?","E","M","E","T","?","E","M","M","M","R","B",null,"M","M","$","?","M","R","M","$","T","M","E","R","E","M","R","B",null,"M","?","M","?","T","E","R","E","T","M","M","?","M","E","R","B",null,"R","??","M","M","T","?","$","M","M","?","$","E","T","?","$","E","R","B"],"character_chosen":"THE_ANIMATOR","items_purchased":["animator:CrowleyEusford","animator:QuestionMark","animator:Benimaru","animator:Guren","animator:HiiragiShinya","animator:Lelouch","animator:DolaCouronne","animator:Yoichi","animator:Mitsuba","animator:MisaKurobane","animator:Lelouch","animator:Mitsuba","Akabeko","Meat on the Bone","TheAbacus","animator:Chung","animator:DolaCouronne","animator:Cirno","animator:Guren","animator:Hoodie","Matryoshka","animator:Shinoa","animator:Chung","animator:Benimaru","Membership Card","animator:Kira","animator:Zero","animator:CerealBox","animator:Yuuichirou","animator:Shigure","animator:Yuuichirou","animator:Yuuichirou","animator:Eve","Centennial Puzzle","animator:KrulTepes","animator:TakanashiRikka","animator:Lelouch","animator:HigakiRinne","animator:AncientMedallion","animator:AncientMedallion","animator:AncientMedallion","animator:AncientMedallion","animator:AncientMedallion","animator:AncientMedallion","animator:AncientMedallion","animator:AncientMedallion","animator:AncientMedallion","animator:EmiyaShirou"],"campfire_rested":7,"item_purchase_floors":[0,0,0,0,0,0,0,0,0,0,0,0,0,0,0,0,0,0,0,0,0,0,0,0,0,0,0,0,0,0,0,0,0,0,0,0,25,25,58,58,58,62,62,62,66,66,66,66],"current_hp_per_floor":[39,34,34,34,21,36,39,36,36,36,39,44,49,54,54,52,81,84,87,87,87,84,87,82,82,82,82,76,87,90,93,93,75,93,88,88,95,95,102,106,106,103,103,109,112,112,115,113,115,85,115,115,98,98,79,79,74,74,84,52,64,64,44,44,44,44,91,98,0,0],"gold":23102,"neow_bonus":"","is_daily":false,"chose_seed":false,"campfire_upgraded":0,"win_rate":0.0,"timestamp":1612233491,"path_taken":["M","M","?","?","?","E","M","E","T","?","E","M","M","M","R","BOSS","M","M","$","?","M","R","M","$","T","M","E","R","E","M","R","BOSS","M","?","M","?","?","E","R","E","T","M","?","?","?","E","R","BOSS","R","??","M","M","T","?","$","M","M","?","$","E","T","?","$","E","R","BOSS"],"items_purchased_type":["Card","Card","Card","Card","Card","Card","Card","Card","Card","Card","Card","Card","Relic","Relic","Relic","Card","Card","Card","Card","Relic","Relic","Card","Card","Card","Relic","Card","Card","Relic","Card","Card","Card","Card","Card","Relic","Card","Card","Card","Card","Relic","Relic","Relic","Relic","Relic","Relic","Relic","Relic","Relic","Card"],"build_version":"2020-12-22","purchased_purges":8,"victory":false,"max_hp_per_floor":[66,66,66,66,66,66,69,69,69,69,72,75,78,81,81,81,81,84,87,87,87,87,87,87,87,87,87,87,87,90,93,93,93,93,93,93,96,96,103,106,106,106,106,109,112,112,115,115,115,115,115,115,98,98,98,98,98,98,98,98,98,98,98,98,98,98,98,98,98,98],"card_choices":[{"not_picked":["animator:Ciel","animator:Mitsuba"],"picked":"animator:TsurugaMeisai","floor":1},{"not_picked":["animator:Archer","animator:Millim","animator:Rena"],"picked":"SKIP","floor":2},{"not_picked":["animator:Biyorigo","animator:Rider","animator:Yuuichirou"],"picked":"SKIP","floor":6},{"not_picked":["animator:Ara","animator:ChlammyZell","animator:RinTohsaka"],"picked":"SKIP","floor":8},{"not_picked":["animator:Witch","animator:Yuuichirou"],"picked":"animator:Eve","floor":11},{"not_picked":["animator:SakuraMatou","animator:Shion","animator:Chung"],"picked":"SKIP","floor":12},{"not_picked":["animator:LizardPriest","animator:Ara","animator:Souei"],"picked":"SKIP","floor":14},{"not_picked":["animator:Guren","animator:HigakiRinne"],"picked":"animator:Gilgamesh","floor":16},{"not_picked":["animator:Lancer","animator:HiiragiShinya"],"picked":"animator:DolaRiku+1","floor":18},{"not_picked":["animator:Rider+1","animator:Aisha+1","animator:LizardPriest"],"picked":"SKIP","floor":19},{"not_picked":["animator:Aisha","animator:Chung"],"picked":"animator:Elesis","floor":22},{"not_picked":["animator:Vesta","animator:DolaStephanie"],"picked":"animator:Mikaela","floor":24},{"not_picked":["animator:HigakiRinne","animator:Azekura","animator:Chung","animator:Ciel"],"picked":"SKIP","floor":27},{"not_picked":["animator:Benimaru","animator:CrowleyEusford","animator:Assassin","animator:Nanami"],"picked":"SKIP","floor":28},{"not_picked":["animator:Chung","animator:Rena","animator:Ciel"],"picked":"animator:Add","floor":30},{"not_picked":["animator:Ara+1","animator:Yoichi","animator:Saber","animator:ZankiKiguchi+1"],"picked":"SKIP","floor":31},{"not_picked":["animator:FielNirvalen","animator:Tet+1","animator:UneriGinkaku+1","animator:Yoichi"],"picked":"SKIP","floor":35},{"not_picked":["animator:DolaRiku","animator:UneriGinkaku","animator:CrowleyEusford"],"picked":"animator:Mikaela+1","floor":37},{"not_picked":["animator:Kagari","animator:NononJakuzure","animator:TanyaDegurechaff"],"picked":"animator:Lelouch","floor":38},{"not_picked":["animator:Yoichi","animator:Shigure","animator:Mitsuba"],"picked":"animator:Mikaela","floor":40},{"not_picked":["animator:Priestess+1","animator:Caster+1","animator:Biyorigo","animator:Ara"],"picked":"SKIP","floor":42},{"not_picked":["animator:Jibril","animator:SakuraMatou","animator:Berserker"],"picked":"animator:Hitei","floor":44},{"not_picked":["animator:Ara","animator:Nanami+1","animator:Ciel+1","animator:Shigure+1"],"picked":"SKIP","floor":45},{"not_picked":["animator:KrulTepes+1","animator:Biyorigo","animator:Azekura","animator:Chung+1"],"picked":"SKIP","floor":48},{"not_picked":["animator:Raven+1","animator:LizardPriest","animator:EmiyaShirou"],"picked":"SKIP","floor":54},{"not_picked":["animator:TsurugaMeisai","animator:Tet+1"],"picked":"animator:Witch","floor":55},{"not_picked":["animator:RinTohsaka","animator:DolaSchwi","animator:Shuna+1"],"picked":"SKIP","floor":59},{"not_picked":["animator:Shinoa","animator:Laby+1","animator:HighElfArcher"],"picked":"SKIP","floor":60},{"not_picked":["animator:Raven","animator:LizardPriest","animator:Shion"],"picked":"SKIP","floor":63},{"not_picked":["animator:Saber+1","animator:Guren+1"],"picked":"animator:Rimuru","floor":65},{"not_picked":["animator:Rena","animator:UneriGinkaku","animator:Spearman+1"],"picked":"SKIP","floor":67}],"player_experience":445407,"relics_obtained":[{"floor":6,"key":"War Paint"},{"floor":8,"key":"Smiling Mask"},{"floor":9,"key":"Whetstone"},{"floor":9,"key":"Gremlin Horn"},{"floor":11,"key":"Blood Vial"},{"floor":11,"key":"Mercury Hourglass"},{"floor":26,"key":"Question Card"},{"floor":28,"key":"Blood Vial"},{"floor":28,"key":"Pantograph"},{"floor":30,"key":"MealTicket"},{"floor":39,"key":"Strawberry"},{"floor":40,"key":"Bottled Flame"},{"floor":42,"key":"Bag of Marbles"},{"floor":43,"key":"PreservedInsect"},{"floor":48,"key":"Potion Belt"},{"floor":53,"key":"animator:TheEruzaStone"},{"floor":53,"key":"animator:AncientMedallion"},{"floor":56,"key":"animator:AncientMedallion"},{"floor":63,"key":"animator:AncientMedallion"},{"floor":64,"key":"animator:AncientMedallion"},{"floor":67,"key":"animator:AncientMedallion"}],"event_choices":[{"damage_healed":0,"gold_gain":0,"player_choice":"Grow","damage_taken":0,"max_hp_gain":0,"max_hp_loss":0,"event_name":"Living Wall","floor":3,"gold_loss":0,"cards_upgraded":["animator:Zero"]},{"damage_healed":0,"gold_gain":0,"player_choice":"Ignored","damage_taken":0,"max_hp_gain":0,"max_hp_loss":0,"event_name":"Liars Game","floor":4,"gold_loss":0},{"damage_healed":0,"gold_gain":0,"player_choice":"Entered Light","damage_taken":13,"max_hp_gain":0,"max_hp_loss":0,"event_name":"Shining Light","floor":5,"gold_loss":0,"cards_upgraded":["animator:Cirno","animator:TakanashiRikka"]},{"damage_healed":0,"gold_gain":53,"player_choice":"Gained Gold","damage_taken":0,"max_hp_gain":0,"max_hp_loss":0,"event_name":"Golden Wing","floor":10,"gold_loss":0},{"damage_healed":0,"gold_gain":0,"player_choice":"Ignored","damage_taken":0,"max_hp_gain":0,"max_hp_loss":0,"event_name":"Mysterious Sphere","floor":36,"gold_loss":0},{"damage_healed":0,"gold_gain":0,"player_choice":"Memory 1","damage_taken":0,"max_hp_gain":0,"max_hp_loss":0,"event_name":"SensoryStone","floor":38,"gold_loss":0},{"damage_healed":0,"gold_gain":0,"player_choice":"Ignored","damage_taken":0,"max_hp_gain":0,"max_hp_loss":0,"event_name":"NoteForYourself","floor":46,"gold_loss":0}],"is_beta":false,"boss_relics":[{"not_picked":["Pandora\u0027s Box","Empty Cage"],"picked":"Fusion Hammer"},{"not_picked":["animator:CursedBlade","Runic Dome"],"picked":"bronze:MakeshiftBattery"}],"items_purged_floors":[0,0,0,0,0,0,0,0],"is_endless":false,"potions_floor_spawned":[2,7,11,12,14,19,27,31,33,37,42,47,59,63],"killed_by":"animator:TheUnnamed","ascension_level":0}}