{"host":"61ejhfsushs0xmcl","time":1612242875,"event":{"mods":["ATMod(°¢èªMod)","Act Like it!","BaseMod","Colored Map","Gold Saver","Minty Spire (QoL Compilation)","MostiFishMod","Reliquary","Spicy Shops","StSLib","TestMod","[IsaacMod]ÒÔÈö¼âËþ","¡¾ÒÅÎï¿¨ÅÆ¡¿REMEMod","óô»ðÖ¸ÄÏ"],"gold_per_floor":[1079,1090,1151,1151,1169,1169,1094,1121,1145,1174,1184,1199,1225,750,750,877,877,887,915,370,391,401,401,452,147,171,171,99,148,179,179,13,215,215,302,440,440,490,-1305,-1298,-1298,-1240,-1213,-1109,-1068,-1017,-617,-567,-567,-503,-378,-378,-378,-378,-296,171],"floor_reached":57,"language":"ZHS","playtime":1680,"items_purged":["Strike_R","Strike_R","Strike_R","Bash","Strike_R+1","Strike_R+1","Defend_R","Defend_R","Second Wind+1"],"score":3248,"play_id":"ba77daea-f0a1-4872-8701-8c5dec457a0e","local_time":"20210202131435","is_ascension_mode":true,"campfire_choices":[{"floor":6.0,"key":"RECALL"},{"data":"Rampage","floor":15.0,"key":"SMITH"},{"data":"Shockwave","floor":23.0,"key":"SMITH"},{"data":"MostiFishMod:Chiaki","floor":27.0,"key":"SMITH"},{"data":"REME_FirmDetermination","floor":41,"key":"SMITH"},{"data":"REME_ACTH","floor":49,"key":"SMITH"}],"circlet_count":0,"master_deck":["AscendersBane","AT_IchimonjiDouble+1","Rampage+1","Barricade+1","MostiFishMod:OrdinaryWorld+1","Shockwave+1","MostiFishMod:RacingGame+1","Pommel Strike+1","REME_FirmDetermination+1","REME_ACTH+1","AT_Dispersion+1"],"relics":["Burning Blood","testmod-TestBox","AT_ATBox","REME_ComplimentaryCards","HushsDoor","AnarchistCookbook","testmod-AscensionHeart","Chemical X","Bronze Scales","SynthV:TestCard","AT_BladeRuinedKing","Molten Egg 2","reliquary:BoilingFlask","SalivaCoin","BelialBook","Empty Cage","reliquary:Bookmark","REME_LimitBreaker","reliquary:RosewoodLute","reliquary:TatteredRug","NineVolt","Strawberry","AT_MibuBalloonWealth","ExusiaiGun","testmod-HeartOfStrike","SynthV:MejaisSoulstealer","Juzu Bracelet","AT_RedTearstoneRing","Frozen Egg 2","Pen Nib","SynthV:C4","testmod-IndustrialRevolution"],"acts_visited":["Exordium","TheCity","TheBeyond","TheEnding"],"potions_floor_usage":[56,56],"damage_taken":[{"damage":13.0,"enemies":"Small Slimes","floor":1.0,"turns":4.0},{"damage":0.0,"enemies":"Cultist","floor":2.0,"turns":2.0},{"damage":0.0,"enemies":"Jaw Worm","floor":5.0,"turns":2.0},{"damage":7.0,"enemies":"Gremlin Nob","floor":8.0,"turns":3.0},{"damage":19.0,"enemies":"Lagavulin","floor":10.0,"turns":4.0},{"damage":0.0,"enemies":"Looter","floor":11.0,"turns":3.0},{"damage":7.0,"enemies":"Blue Slaver","floor":12.0,"turns":2.0},{"damage":13.0,"enemies":"3 Sentries","floor":13.0,"turns":4.0},{"damage":0.0,"enemies":"Slime Boss","floor":16.0,"turns":4.0},{"damage":0.0,"enemies":"Chosen","floor":18.0,"turns":2.0},{"damage":20.0,"enemies":"Shell Parasite","floor":21.0,"turns":2.0},{"damage":0.0,"enemies":"Snecko","floor":22.0,"turns":3.0},{"damage":30.0,"enemies":"REME_1_Revenger","floor":24.0,"turns":3.0},{"damage":11.0,"enemies":"Gremlin Leader","floor":29.0,"turns":4.0},{"damage":11.0,"enemies":"Cultist and Chosen","floor":30.0,"turns":3.0},{"damage":0.0,"enemies":"Automaton","floor":33.0,"turns":2.0},{"damage":0,"enemies":"3 Shapes","floor":35,"turns":1},{"damage":0,"enemies":"3 Darklings","floor":36,"turns":1},{"damage":0,"enemies":"Mind Bloom Boss Battle","floor":38,"turns":1},{"damage":0,"enemies":"Giant Head","floor":42,"turns":1},{"damage":0,"enemies":"Reptomancer","floor":44,"turns":1},{"damage":0,"enemies":"Maw","floor":45,"turns":1},{"damage":0,"enemies":"Giant Head","floor":46,"turns":1},{"damage":0,"enemies":"Nemesis","floor":48,"turns":1},{"damage":0,"enemies":"Donu and Deca","floor":50,"turns":2},{"damage":0,"enemies":"Awakened One","floor":51,"turns":2},{"damage":0,"enemies":"Shield and Spear","floor":55,"turns":1},{"damage":271,"enemies":"Delirium","floor":56,"turns":10}],"seed_played":"-2681867447953537582","potions_obtained":[{"floor":5.0,"key":"Strength Potion"},{"floor":11.0,"key":"Ancient Potion"},{"floor":18.0,"key":"DuplicationPotion"}],"is_trial":false,"path_per_floor":["M","M","?","?","M","R","?","E","T","E","M","M","E","$","R","B",null,"M","?","$","M","M","R","E","$","T","R","$","E","M","?","R","B",null,"M","M","?","?","$","?","R","E","T","E","M","E","?","E","R","B","B",null,"R","$","E","B",null],"character_chosen":"IRONCLAD","items_purchased":["SalivaCoin","BelialBook","Fruit Juice","reliquary:Bookmark","REME_LimitBreaker","NineVolt","AT_MibuBalloonWealth","SynthV:MejaisSoulstealer"],"campfire_rested":0,"item_purchase_floors":[14,14,14,20,20,28,32,39],"current_hp_per_floor":[62,69,62,67,74,74,74,75,75,64,71,71,66,66,66,79,83,85,76,76,64,72,72,51,51,51,51,51,56,53,109,109,115,108,109,110,110,111,111,106,106,113,113,115,116,118,118,120,120,126,132,132,132,132,134,21],"gold":171,"neow_bonus":"RANDOM_COMMON_RELIC","is_daily":false,"chose_seed":false,"campfire_upgraded":5,"win_rate":0.0,"timestamp":1612242875,"path_taken":["M","M","?","?","M","R","?","E","T","E","?","M","E","$","R","BOSS","M","?","$","?","M","R","E","?","T","R","?","E","?","?","R","BOSS","M","M","?","?","$","?","R","E","T","E","M","E","?","E","R","BOSS","BOSS","R","$","E","BOSS"],"items_purchased_type":["Relic","Relic","Potion","Relic","Relic","Relic","Relic","Relic"],"build_version":"2020-12-22","purchased_purges":9,"victory":true,"max_hp_per_floor":[75,75,75,80,80,80,80,81,81,82,82,82,83,83,83,89,84,85,85,85,86,87,87,89,89,89,89,89,98,99,109,109,115,108,109,110,110,111,111,111,111,113,113,115,116,118,118,120,120,126,132,132,132,132,134,145],"card_choices":[{"not_picked":["Rupture","Infernal Blade"],"picked":"Second Wind","floor":1.0},{"not_picked":["Armaments","True Grit","Thunderclap","Flame Barrier"],"picked":"Rampage","floor":2.0},{"not_picked":["MostiFishMod:ChineseTea","AT_IchimonjiDouble","Flame Barrier","Cleave","Battle Trance"],"picked":"SKIP","floor":5.0},{"not_picked":["MostiFishMod:RacingGame","MostiFishMod:ChineseTea","MostiFishMod:FireWorks","MostiFishMod:FlyOverUtopia"],"picked":"Barricade","floor":8.0},{"not_picked":["Brutality","Bludgeon+1","Brutality","Demon Form"],"picked":"MostiFishMod:OrdinaryWorld+1","floor":10.0},{"not_picked":["Inflame","Perfected Strike+1","Flex","Second Wind"],"picked":"Shockwave","floor":11.0},{"not_picked":["MostiFishMod:BrandingRite","Second Wind","Bloodletting","True Grit"],"picked":"Bomb","floor":12.0},{"not_picked":["Barricade","MostiFishMod:Mania","Berserk","Feed+1"],"picked":"MostiFishMod:Chiaki","floor":13.0},{"not_picked":["Fiend Fire+1","MostiFishMod:404NotFound+1","Impervious","REME_TheLastStrike+1"],"picked":"MostiFishMod:RacingGame","floor":16.0},{"not_picked":["Clash+1","Spot Weakness","Fire Breathing","Twin Strike+1"],"picked":"Pommel Strike+1","floor":18.0},{"not_picked":["Dark Embrace+1","Anger+1","Bloodletting","AT_BodySlamDance","Pommel Strike+1"],"picked":"SKIP","floor":21.0},{"not_picked":["REME_FearOfPain","Thunderclap+1","Clash+1","Inflame","Pommel Strike+1"],"picked":"SKIP","floor":22.0},{"not_picked":["Immolate","Double Tap","MostiFishMod:RacingGame","Bludgeon","Demon Form"],"picked":"SKIP","floor":24.0},{"not_picked":["MostiFishMod:OrdinaryWorld+1","Juggernaut","Bludgeon+1","MostiFishMod:DoubleSword","MostiFishMod:Mania"],"picked":"SKIP","floor":29.0},{"not_picked":["Hemokinesis+1","Infernal Blade","Warcry","Dual Wield","Iron Wave+1"],"picked":"SKIP","floor":30.0},{"not_picked":["Sword Boomerang+1","Flex","Clothesline+1","Shrug It Off+1","Perfected Strike+1"],"picked":"SKIP","floor":35},{"not_picked":["Body Slam+1","Iron Wave+1","Clothesline+1","MostiFishMod:Chiaki","Shrug It Off"],"picked":"SKIP","floor":36},{"not_picked":["Body Slam+1","Iron Wave+1","Clothesline+1","MostiFishMod:Chiaki","Shrug It Off"],"picked":"SKIP","floor":36},{"not_picked":["testmod-TemporaryDeletion","testmod-Bloodthirsty","AT_CelerityRune","REME_TheoryOfElimination"],"picked":"REME_FirmDetermination","floor":40},{"not_picked":["MostiFishMod:Mania","MostiFishMod:CullingBlade","REME_Fury","Demon Form"],"picked":"REME_ACTH","floor":42},{"not_picked":["MostiFishMod:CullingBlade","Barricade+1","Offering","MostiFishMod:PerfectStrikeMKII","Double Tap"],"picked":"SKIP","floor":44},{"not_picked":["Whirlwind+1","Body Slam+1","Clash+1","Perfected Strike+1","Cleave+1"],"picked":"SKIP","floor":45},{"not_picked":["Corruption+1","MostiFishMod:DarkDeal","Feed","Limit Break","Double Tap"],"picked":"SKIP","floor":46},{"not_picked":["MostiFishMod:HellRitual","MostiFishMod:Mania","MostiFishMod:ChineseTea","Offering"],"picked":"AT_Dispersion","floor":48},{"not_picked":["Immolate","Bludgeon","MostiFishMod:RainCloud","Immolate","MostiFishMod:KnuckleDown"],"picked":"SKIP","floor":55}],"player_experience":824148,"relics_obtained":[{"floor":1.0,"key":"SynthV:TestCard"},{"floor":8.0,"key":"AT_BladeRuinedKing"},{"floor":10.0,"key":"Molten Egg 2"},{"floor":13.0,"key":"reliquary:BoilingFlask"},{"floor":24.0,"key":"reliquary:RosewoodLute"},{"floor":26.0,"key":"reliquary:TatteredRug"},{"floor":29.0,"key":"Strawberry"},{"floor":38,"key":"testmod-HeartOfStrike"},{"floor":42,"key":"Juzu Bracelet"},{"floor":43,"key":"AT_RedTearstoneRing"},{"floor":44,"key":"Frozen Egg 2"},{"floor":46,"key":"Pen Nib"},{"floor":48,"key":"SynthV:C4"},{"floor":55,"key":"testmod-IndustrialRevolution"}],"event_choices":[{"damage_healed":0.0,"max_hp_gain":5.0,"max_hp_loss":0.0,"gold_gain":0.0,"event_name":"Big Fish","player_choice":"Donut","floor":4.0,"gold_loss":0.0,"damage_taken":0.0},{"damage_healed":0.0,"max_hp_gain":0.0,"max_hp_loss":0.0,"gold_gain":0.0,"event_name":"Cursed Tome","player_choice":"Obtained Book","floor":19.0,"gold_loss":0.0,"damage_taken":21.0},{"cards_removed":["MostiFishMod:Chiaki"],"damage_healed":46.0,"max_hp_gain":10.0,"max_hp_loss":0.0,"gold_gain":0.0,"event_name":"Bonfire Elementals","player_choice":"Offered Rare","floor":31.0,"gold_loss":0.0,"damage_taken":0.0},{"cards_removed":["Defend_R"],"damage_healed":0,"gold_gain":0,"player_choice":"Removed Skill","damage_taken":0,"max_hp_gain":0,"max_hp_loss":0,"event_name":"Falling","floor":37,"gold_loss":0},{"damage_healed":0,"gold_gain":0,"player_choice":"Fight","damage_taken":0,"max_hp_gain":0,"max_hp_loss":0,"event_name":"MindBloom","floor":38,"gold_loss":0},{"damage_healed":0,"gold_gain":0,"player_choice":"Memory 3","damage_taken":10,"max_hp_gain":0,"max_hp_loss":0,"event_name":"SensoryStone","floor":40,"gold_loss":0},{"damage_healed":0,"gold_gain":400,"player_choice":"Sell","damage_taken":0,"max_hp_gain":0,"max_hp_loss":0,"event_name":"¶÷ÂåË¹µÄÅÌ×Ó","floor":47,"relics_lost":["DaveBox"],"gold_loss":0}],"is_beta":false,"boss_relics":[{"not_picked":["HereWithMe","Runic Dome"],"picked":"Empty Cage"},{"not_picked":[]},{"not_picked":["testmod-Fanaticism","REME_ChargedStone"],"picked":"ExusiaiGun"},{"not_picked":[]}],"items_purged_floors":[14,17,20,20,25,25,34,39,39],"is_endless":false,"potions_floor_spawned":[5,11,12,13,16,18,29,30,33,38,42,45,46,48,55],"ascension_level":20}}