{"host":"nwd160me4iqdtr8u","time":1612291717,"event":{"mods":["AchievementEnabler","Act Like it!","BaseMod","Colored Map","DeckTracker","Keyboard Shortcuts","Minty Spire (QoL Compilation)","Quick Restart","Rare Cards Sparkle","Smile Girya","StSLib","SuperFastMode","everything is the same but u backflip on backflip"],"gold_per_floor":[113,113,125,193,212,212,238,258,258,258,258,291,311,326,326,403,403,373,373,373,388,403,403,403,403],"floor_reached":24,"language":"KOR","playtime":828,"items_purged":[],"score":416,"play_id":"7a85919c-eb41-47f4-8f0a-e45e85219a74","local_time":"20210203034837","is_ascension_mode":true,"campfire_choices":[{"data":"Predator","floor":6.0,"key":"SMITH"},{"data":"Deadly Poison","floor":10.0,"key":"SMITH"},{"data":"Burst","floor":15.0,"key":"SMITH"},{"floor":23.0,"key":"REST"}],"circlet_count":0,"master_deck":["AscendersBane","Strike_G","Strike_G","Strike_G","Strike_G","Defend_G","Defend_G","Defend_G","Defend_G","Defend_G","Survivor","Neutralize+1","Predator+1","Backstab","Sucker Punch","Blur","Escape Plan","Deadly Poison+1","Terror","Burst+1","PiercingWail","After Image","Bouncing Flask","Ghostly","Ghostly","Ghostly","Acrobatics+1","Dagger Throw"],"relics":["Ring of the Snake","Boot","Meat on the Bone","StrikeDummy","Fusion Hammer"],"acts_visited":["Exordium","TheCity"],"potions_floor_usage":[24],"damage_taken":[{"damage":0.0,"enemies":"Cultist","floor":1.0,"turns":4.0},{"damage":1.0,"enemies":"Small Slimes","floor":3.0,"turns":3.0},{"damage":5.0,"enemies":"2 Louse","floor":5.0,"turns":2.0},{"damage":16.0,"enemies":"3 Sentries","floor":7.0,"turns":11.0},{"damage":3.0,"enemies":"Lots of Slimes","floor":8.0,"turns":4.0},{"damage":19.0,"enemies":"Lagavulin","floor":12.0,"turns":6.0},{"damage":0.0,"enemies":"Blue Slaver","floor":13.0,"turns":2.0},{"damage":8.0,"enemies":"Large Slime","floor":14.0,"turns":5.0},{"damage":9.0,"enemies":"The Guardian","floor":16.0,"turns":12.0},{"damage":15.0,"enemies":"2 Thieves","floor":18.0,"turns":4.0},{"damage":6.0,"enemies":"3 Byrds","floor":21.0,"turns":7.0},{"damage":0.0,"enemies":"Centurion and Healer","floor":22.0,"turns":8.0},{"damage":37,"enemies":"Book of Stabbing","floor":24,"turns":8}],"seed_played":"-6448221990497272863","potions_obtained":[{"floor":1.0,"key":"Ancient Potion"},{"floor":3.0,"key":"Strength Potion"},{"floor":8.0,"key":"Energy Potion"},{"floor":21.0,"key":"SpeedPotion"},{"floor":22.0,"key":"GamblersBrew"}],"is_trial":false,"path_per_floor":["M","?","M","?","M","R","E","M","T","R","?","E","M","M","R","B",null,"M","?","?","M","M","R","E"],"character_chosen":"THE_SILENT","items_purchased":[],"campfire_rested":1,"item_purchase_floors":[],"current_hp_per_floor":[59,59,58,58,53,53,37,34,34,34,34,27,39,43,43,34,58,43,33,33,27,27,33,0,0],"gold":403,"neow_bonus":"TRANSFORM_CARD","is_daily":false,"chose_seed":false,"campfire_upgraded":3,"win_rate":0.0,"timestamp":1612291717,"path_taken":["M","?","M","?","M","R","E","M","T","R","?","E","?","?","R","BOSS","M","?","?","M","M","R","E"],"items_purchased_type":[],"build_version":"2020-12-22","purchased_purges":0,"victory":false,"max_hp_per_floor":[66,66,66,66,66,66,66,66,66,66,66,66,66,66,66,66,66,66,33,33,33,33,33,33,33],"card_choices":[{"not_picked":["PiercingWail","Setup"],"picked":"Backstab","floor":1.0},{"not_picked":["Dash","Bane"],"picked":"Sucker Punch","floor":3.0},{"not_picked":["Prepared","Dagger Spray"],"picked":"Blur","floor":5.0},{"not_picked":["Underhanded Strike","Deadly Poison"],"picked":"Escape Plan","floor":7.0},{"not_picked":["Dagger Throw","Backflip"],"picked":"Deadly Poison","floor":8.0},{"not_picked":["Flying Knee","Caltrops"],"picked":"Terror","floor":12.0},{"not_picked":["PiercingWail","Backflip"],"picked":"Burst","floor":13.0},{"not_picked":["Bane","Dagger Spray"],"picked":"PiercingWail","floor":14.0},{"not_picked":["Envenom","Unload"],"picked":"After Image","floor":16.0},{"not_picked":["Blade Dance","Backflip"],"picked":"Bouncing Flask","floor":18.0},{"not_picked":["Outmaneuver","Quick Slash"],"picked":"Acrobatics+1","floor":21.0},{"not_picked":["Caltrops","Skewer"],"picked":"Dagger Throw","floor":22.0}],"player_experience":382020,"relics_obtained":[{"floor":7.0,"key":"Boot"},{"floor":9.0,"key":"Meat on the Bone"},{"floor":12.0,"key":"StrikeDummy"}],"event_choices":[{"damage_healed":0.0,"max_hp_gain":0.0,"max_hp_loss":0.0,"gold_gain":0.0,"event_name":"Liars Game","player_choice":"Ignored","floor":2.0,"gold_loss":0.0,"damage_taken":0.0},{"damage_healed":0.0,"max_hp_gain":0.0,"max_hp_loss":0.0,"gold_gain":68.0,"event_name":"Golden Wing","player_choice":"Gained Gold","floor":4.0,"gold_loss":0.0,"damage_taken":0.0},{"damage_healed":0.0,"max_hp_gain":0.0,"max_hp_loss":0.0,"gold_gain":0.0,"event_name":"Accursed Blacksmith","player_choice":"Forge","floor":11.0,"gold_loss":0.0,"damage_taken":0.0,"cards_upgraded":["Neutralize"]},{"damage_healed":0.0,"max_hp_gain":0.0,"max_hp_loss":33.0,"gold_gain":0.0,"event_name":"Ghosts","player_choice":"Became a Ghost","floor":19.0,"gold_loss":0.0,"damage_taken":0.0,"cards_obtained":["Ghostly","Ghostly","Ghostly"]},{"damage_healed":0.0,"max_hp_gain":0.0,"max_hp_loss":0.0,"gold_gain":0.0,"event_name":"Vampires","player_choice":"Ignored","floor":20.0,"gold_loss":0.0,"damage_taken":0.0}],"is_beta":false,"boss_relics":[{"not_picked":["Pandora\u0027s Box","Busted Crown"],"picked":"Fusion Hammer"}],"items_purged_floors":[],"is_endless":false,"potions_floor_spawned":[1,3,8,21,22],"killed_by":"Book of Stabbing","ascension_level":20}}