{"host":"thn8o1tmql8xszd5","time":1612233051,"event":{"mods":["2.2 Compatiblity","AchievementEnabler","BaseMod","Bestiary","Block Reminder","Colored Map","Curses Come First","DeckTracker","Downfall","Highlight Path","Minty Spire (QoL Compilation)","Permanent Neow","Random Character Button","Relic Sorter","Relic Stats","StSLib","Unknown Chances"],"gold_per_floor":[99,112,124,8,8,23,23,37,37,62,62,62,79,91,102,206,206,206,221,221,106,121,139,166,166,196,196,215,242,142,160,173,276,276,176,189,207,224,84,50,50,66,66,66,98,98,133,147,162,162,162,162],"floor_reached":50,"language":"ENG","playtime":3847,"items_purged":["champ:Strike","champ:Strike","downfall:Aged","Clumsy"],"score":573,"play_id":"b05c33a8-9cdf-4203-b681-5a6bd05b0da0","local_time":"20210201213051","is_ascension_mode":false,"campfire_choices":[{"data":"champ:FanOfKnives","floor":1.0,"key":"SMITH"},{"data":"champ:FanOfKnives","floor":11.0,"key":"SMITH"},{"data":"champ:CheapShot","floor":18.0,"key":"SMITH"},{"data":"champ:FaceSlap","floor":27.0,"key":"SMITH"},{"floor":30.0,"key":"RECALL"},{"floor":35.0,"key":"REST"}],"circlet_count":0,"master_deck":["champ:Strike","champ:Defend","champ:Defend+1","champ:Defend+1","champ:Execute","champ:Taunt","champ:FanOfKnives+1","champ:BerserkerStyle","champ:FaceSlap+1","champ:Haymaker","champ:FanOfKnives+1","champ:BerserkersShout+1","champ:Endure","champ:GutPunch","champ:CheapShot+1","champ:BringItOn+1","champ:BringItOn+1","champ:VampiricStrike","champ:StanceDance+1","champ:FaceSlap+1","champ:EnGarde","champ:ShieldWall+1","champ:HoldFirm","champ:ShieldThrow","champ:EndlessRage+1","champ:RisingSlash+1","Parasite","champ:AdrenalArmor","champ:DeathBlow+1","Shame","Doubt","champ:StanceDance+1"],"relics":["champ:ChampionCrown","TungstenRod","Happy Flower","Regal Pillow","Cursed Key","Orichalcum","Frozen Egg 2","Tiny Chest","downfall:HeartBlessingGreen","Fusion Hammer","downfall:HeartBlessingRed","War Paint","The Courier","Bottled Lightning","Juzu Bracelet"],"acts_visited":["Exordium","TheCity","TheBeyond"],"potions_floor_usage":[50,50,50],"damage_taken":[{"damage":7.0,"enemies":"Small Slimes","floor":2.0,"turns":2.0},{"damage":3.0,"enemies":"2 Louse","floor":3.0,"turns":3.0},{"damage":27.0,"enemies":"downfall:FleeingMerchant","floor":4.0,"turns":4.0},{"damage":10.0,"enemies":"Jaw Worm","floor":6.0,"turns":2.0},{"damage":3.0,"enemies":"Red Slaver","floor":8.0,"turns":2.0},{"damage":12.0,"enemies":"3 Sentries","floor":10.0,"turns":5.0},{"damage":18.0,"enemies":"Exordium Thugs","floor":13.0,"turns":3.0},{"damage":9.0,"enemies":"Lots of Slimes","floor":14.0,"turns":2.0},{"damage":34.0,"enemies":"Exordium Thugs","floor":15.0,"turns":4.0},{"damage":64.0,"enemies":"IC_STATUS_ARCHETYPE","floor":16.0,"turns":7.0},{"damage":20.0,"enemies":"3 Byrds","floor":19.0,"turns":4.0},{"damage":25.0,"enemies":"downfall:FleeingMerchant","floor":21.0,"turns":5.0},{"damage":22.0,"enemies":"Shell Parasite","floor":22.0,"turns":5.0},{"damage":22.0,"enemies":"Snecko","floor":23.0,"turns":4.0},{"damage":43.0,"enemies":"Slavers","floor":26.0,"turns":5.0},{"damage":8.0,"enemies":"3 Cultists","floor":28.0,"turns":3.0},{"damage":43.0,"enemies":"Gremlin Leader","floor":29.0,"turns":6.0},{"damage":18.0,"enemies":"Centurion and Healer","floor":31.0,"turns":4.0},{"damage":16.0,"enemies":"Snake Plant","floor":32.0,"turns":3.0},{"damage":74.0,"enemies":"DF_ARCHETYPE_CLAW","floor":33.0,"turns":9.0},{"damage":16.0,"enemies":"3 Darklings","floor":36.0,"turns":5.0},{"damage":23.0,"enemies":"3 Shapes","floor":37.0,"turns":4.0},{"damage":20.0,"enemies":"Writhing Mass","floor":38.0,"turns":4.0},{"damage":21.0,"enemies":"downfall:FleeingMerchant","floor":39.0,"turns":5.0},{"damage":20.0,"enemies":"downfall:FleeingMerchant","floor":40.0,"turns":4.0},{"damage":55.0,"enemies":"Spire Growth","floor":42.0,"turns":4.0},{"damage":98.0,"enemies":"Nemesis","floor":45.0,"turns":5.0},{"damage":56,"enemies":"Giant Head","floor":47,"turns":8},{"damage":43,"enemies":"Sphere and 2 Shapes","floor":48,"turns":4},{"damage":39,"enemies":"Maw","floor":49,"turns":6},{"damage":57,"enemies":"WA_ARCHETYPE_DIVINITY","floor":50,"turns":3}],"seed_played":"8904175053533157445","potions_obtained":[{"floor":2.0,"key":"FairyPotion"},{"floor":6.0,"key":"champ:UltimateStancePotion"},{"floor":8.0,"key":"DistilledChaos"},{"floor":14.0,"key":"Fire Potion"},{"floor":22.0,"key":"SteroidPotion"},{"floor":23.0,"key":"DuplicationPotion"},{"floor":28.0,"key":"BlessingOfTheForge"},{"floor":33.0,"key":"BlessingOfTheForge"},{"floor":37.0,"key":"Dexterity Potion"},{"floor":42.0,"key":"Dexterity Potion"},{"floor":48,"key":"champ:CounterPotion"}],"is_trial":false,"path_per_floor":["R","M","M","$","?","M","T","M","?","E","R","T","M","M","M","B",null,"R","M","?","$","M","M","T","?","E","R","M","E","R","M","M","B",null,"R","M","M","M","$","?","T","M","?","T","E","$","E","M","M","B"],"character_chosen":"THE_CHAMP","items_purchased":["champ:FanOfKnives","War Paint","DistilledChaos"],"campfire_rested":1,"item_purchase_floors":[4,40,40],"current_hp_per_floor":[90,83,80,80,80,77,77,74,74,69,69,69,61,62,54,45,90,90,90,90,90,90,89,89,89,71,71,73,54,54,51,40,15,90,90,83,80,80,84,89,89,69,69,69,15,15,19,28,31,0,0,0],"gold":162,"neow_bonus":"THREE_CARDS","is_daily":false,"chose_seed":false,"campfire_upgraded":4,"win_rate":0.0,"timestamp":1612233051,"path_taken":["R","M","M","$","?","M","T","M","?","E","R","?","M","?","M","BOSS","R","M","?","$","M","?","T","?","E","R","M","E","R","?","M","BOSS","R","M","M","M","$","?","T","M","?","?","E","$","E","M","M","BOSS"],"items_purchased_type":["Card","Relic","Potion"],"build_version":"2020-12-22","purchased_purges":4,"victory":false,"max_hp_per_floor":[90,90,90,90,90,90,90,90,90,90,90,90,90,90,90,90,90,90,90,90,90,90,90,90,90,90,90,90,90,90,90,90,90,90,90,90,90,90,90,90,90,90,90,90,90,90,90,90,90,90,90,90],"relic_stats":{"Regal Pillow":0,"Happy Flower":[38],"counters":[31,134],"Tiny Chest":1,"Juzu Bracelet":0,"Orichalcum":[60],"War Paint":["champ:Defend","champ:Defend"],"Cursed Key":3,"obtain_stats":[{"Regal Pillow":12,"Happy Flower":10,"downfall:HeartBlessingRed":35,"champ:ChampionCrown":0,"downfall:HeartBlessingGreen":30,"The Courier":44,"Juzu Bracelet":47,"Orichalcum":24,"Frozen Egg 2":26,"War Paint":40,"Cursed Key":17,"downfall:BrokenWingStatue":5,"Tiny Chest":29,"Fusion Hammer":34,"Bottled Lightning":45,"TungstenRod":7},{"Regal Pillow":6,"Happy Flower":6,"downfall:HeartBlessingRed":20,"champ:ChampionCrown":0,"downfall:HeartBlessingGreen":17,"The Courier":26,"Juzu Bracelet":28,"Orichalcum":14,"Frozen Egg 2":15,"War Paint":25,"Cursed Key":10,"downfall:BrokenWingStatue":3,"Tiny Chest":17,"Fusion Hammer":20,"Bottled Lightning":27,"TungstenRod":4},{"Regal Pillow":18,"Happy Flower":18,"downfall:HeartBlessingRed":82,"champ:ChampionCrown":0,"downfall:HeartBlessingGreen":66,"The Courier":108,"Juzu Bracelet":121,"Orichalcum":52,"Frozen Egg 2":57,"War Paint":104,"Cursed Key":34,"downfall:BrokenWingStatue":9,"Tiny Chest":66,"Fusion Hammer":82,"Bottled Lightning":113,"TungstenRod":11}],"TungstenRod":167},"card_choices":[{"not_picked":["champ:ShieldWall","champ:RecklessLeap"],"picked":"champ:FanOfKnives","floor":0.0},{"not_picked":["champ:PerfectedStrike","champ:EnGarde"],"picked":"champ:BerserkerStyle","floor":2.0},{"not_picked":["champ:PreemptiveStrike","champ:Haymaker"],"picked":"champ:FaceSlap","floor":3.0},{"not_picked":["champ:GladiatorStyle","champ:GutPunch"],"picked":"champ:Haymaker","floor":4.0},{"not_picked":["champ:PerfectedStrike","champ:HeartStrike","champ:RisingSlash"],"picked":"SKIP","floor":6.0},{"not_picked":["champ:DefensiveStyle","champ:PreciseThrust","champ:BladeFlurry"],"picked":"SKIP","floor":8.0},{"not_picked":["champ:CrookedStrike","champ:RisingSlash"],"picked":"champ:BerserkersShout","floor":10.0},{"not_picked":["champ:Devastate","champ:Circumvent","champ:BerserkerStyle"],"picked":"SKIP","floor":13.0},{"not_picked":["champ:PreemptiveStrike","champ:Shatter"],"picked":"champ:Endure","floor":14.0},{"not_picked":["champ:BladeFlurry","champ:GladiatorStyle"],"picked":"champ:GutPunch","floor":15.0},{"not_picked":["champ:UltimateStance","champ:LastStand"],"picked":"champ:CheapShot","floor":16.0},{"not_picked":["champ:EnragedBash","champ:Endure"],"picked":"champ:BringItOn+1","floor":19.0},{"not_picked":["champ:BerserkersShout","champ:Shatter+1"],"picked":"champ:VampiricStrike","floor":21.0},{"not_picked":["champ:Haymaker+1","champ:TornadoPunch"],"picked":"champ:StanceDance+1","floor":22.0},{"not_picked":["champ:PreciseThrust","champ:Parry","champ:TornadoPunch"],"picked":"SKIP","floor":23.0},{"not_picked":["champ:Devastate","champ:GutPunch"],"picked":"champ:FaceSlap","floor":26.0},{"not_picked":["champ:PerfectedStrike","champ:FancyFootwork"],"picked":"champ:EnGarde","floor":28.0},{"not_picked":["champ:FanOfKnives","champ:Haymaker+1"],"picked":"champ:ShieldWall+1","floor":29.0},{"not_picked":["champ:StanceDance","champ:EnGarde+1","champ:BringItOn"],"picked":"SKIP","floor":31.0},{"not_picked":["champ:CrownThrow+1","champ:Shatter"],"picked":"champ:HoldFirm","floor":32.0},{"not_picked":["champ:SwordThrow","champ:TripleStrike"],"picked":"champ:ShieldThrow","floor":33.0},{"not_picked":["champ:BladeFlurry+1","champ:Haymaker"],"picked":"champ:EndlessRage+1","floor":36.0},{"not_picked":["champ:PreciseThrust","champ:TornadoPunch"],"picked":"champ:RisingSlash+1","floor":37.0},{"not_picked":["champ:UltimateStance","champ:PerfectedStrike","champ:Encircle"],"picked":"SKIP","floor":38.0},{"not_picked":["champ:Haymaker+1","champ:Shatter+1"],"picked":"champ:AdrenalArmor","floor":39.0},{"not_picked":["champ:RapidStrikes+1","champ:ArenaPreparation+1"],"picked":"champ:DeathBlow+1","floor":40.0},{"not_picked":["champ:ArenaPreparation+1","champ:EnragedBash","champ:AdrenalArmor"],"picked":"SKIP","floor":42.0},{"not_picked":["champ:BringItOn+1","champ:FlashCut"],"picked":"champ:StanceDance+1","floor":45},{"not_picked":["champ:Circumvent","champ:CrownThrow","champ:Backstep+1"],"picked":"SKIP","floor":47},{"not_picked":["champ:TornadoPunch","champ:ShieldSlam+1","champ:HeartStrike"],"picked":"SKIP","floor":48},{"not_picked":["champ:VampiricStrike","champ:Shatter","champ:TornadoPunch+1"],"picked":"SKIP","floor":49}],"player_experience":837359,"relics_obtained":[{"floor":7.0,"key":"TungstenRod"},{"floor":10.0,"key":"Happy Flower"},{"floor":12.0,"key":"Regal Pillow"},{"floor":24.0,"key":"Orichalcum"},{"floor":26.0,"key":"Frozen Egg 2"},{"floor":29.0,"key":"Tiny Chest"},{"floor":44.0,"key":"The Courier"},{"floor":45,"key":"Bottled Lightning"},{"floor":47,"key":"Juzu Bracelet"}],"event_choices":[{"cards_removed":["champ:Strike"],"damage_healed":0.0,"max_hp_gain":0.0,"max_hp_loss":0.0,"gold_gain":0.0,"event_name":"The Cleric","player_choice":"Card Removal","floor":9.0,"gold_loss":0.0,"damage_taken":0.0},{"cards_removed":["champ:Defend"],"damage_healed":0.0,"max_hp_gain":0.0,"max_hp_loss":0.0,"gold_gain":0.0,"event_name":"Falling","player_choice":"Removed Skill","floor":43.0,"gold_loss":0.0,"damage_taken":0.0}],"is_beta":false,"boss_relics":[{"not_picked":["Tiny House","Philosopher\u0027s Stone"],"picked":"Cursed Key"},{"not_picked":["Busted Crown","Snecko Eye"],"picked":"Fusion Hammer"}],"items_purged_floors":[4,21,39,40],"is_endless":false,"potions_floor_spawned":[2,6,8,14,22,23,28,33,37,42,47,48],"killed_by":"WA_ARCHETYPE_DIVINITY","ascension_level":0}}