{"host":"qjpud40kare97l3x","time":1612279963,"event":{"mods":["2.2 Compatiblity","BaseMod","Better Altar","Better Match","Better Note","Better Skull","Better Vampires","Custom Start","DeckTracker","Downfall","Minty Spire (QoL Compilation)","Permanent Neow","Quick Restart","Rare Cards Sparkle","Spicy Shops","StSLib"],"gold_per_floor":[109,129,139,159,19,46,46,59,59,91,91,111,123,23,23,125,125,143,143,7,24,39,73,73,100,100,110,125,143,143,163,163,267,267,285,285,46,46,57,68,19,31,31,56,56,86,86,100,100,100,100],"floor_reached":50,"language":"ENG","playtime":3092,"items_purged":["Strike_R","Defend_R","Defend_R"],"score":658,"play_id":"8ba7dc4d-9c93-4190-a0d8-d1e39e3cb73a","local_time":"20210202103243","is_ascension_mode":false,"campfire_choices":[{"floor":11,"key":"REST"},{"data":"Spot Weakness","floor":15,"key":"SMITH"},{"floor":24,"key":"REST"},{"floor":30,"key":"REST"},{"floor":32,"key":"REST"},{"floor":45,"key":"REST"},{"floor":47,"key":"REST"},{"floor":49,"key":"REST"}],"circlet_count":0,"master_deck":["Strike_R+1","Strike_R+1","Strike_R","Strike_R","Defend_R","Bash","Heavy Blade","Thunderclap","Headbutt","Spot Weakness+1","Thunderclap","Heavy Blade","Flex","Feed","Spot Weakness","Flex","Feed","Heavy Blade","Limit Break","Heavy Blade","Spot Weakness","Seeing Red","Battle Trance","Inflame+1"],"relics":["Burning Blood","Red Skull","Kunai","Ornamental Fan","Bottled Lightning","SlaversCollar","Centennial Puzzle","Bag of Preparation","Whetstone","Mark of Pain","Girya","Strawberry","Toxic Egg 2"],"acts_visited":["Exordium","TheCity","TheBeyond"],"potions_floor_usage":[6,6,16,16,22,23,33,33,44,44,46,50,50],"damage_taken":[{"damage":13,"enemies":"Jaw Worm","floor":1,"turns":3},{"damage":1,"enemies":"Cultist","floor":2,"turns":4},{"damage":10,"enemies":"Small Slimes","floor":3,"turns":4},{"damage":13,"enemies":"Red Slaver","floor":4,"turns":2},{"damage":18,"enemies":"Lagavulin","floor":6,"turns":3},{"damage":0,"enemies":"2 Fungi Beasts","floor":8,"turns":2},{"damage":26,"enemies":"Gremlin Nob","floor":10,"turns":4},{"damage":2,"enemies":"Exordium Thugs","floor":12,"turns":3},{"damage":7,"enemies":"Blue Slaver","floor":13,"turns":2},{"damage":19,"enemies":"Slime Boss","floor":16,"turns":8},{"damage":18,"enemies":"Spheric Guardian","floor":18,"turns":4},{"damage":26,"enemies":"2 Thieves","floor":21,"turns":3},{"damage":42,"enemies":"Snake Plant","floor":22,"turns":4},{"damage":18,"enemies":"Slavers","floor":23,"turns":3},{"damage":27,"enemies":"Gremlin Leader","floor":25,"turns":3},{"damage":10,"enemies":"Cultist and Chosen","floor":27,"turns":3},{"damage":5,"enemies":"Snecko","floor":28,"turns":3},{"damage":12,"enemies":"Centurion and Healer","floor":29,"turns":2},{"damage":21,"enemies":"Snake Plant","floor":31,"turns":2},{"damage":35,"enemies":"Champ","floor":33,"turns":4},{"damage":10,"enemies":"Orb Walker","floor":35,"turns":2},{"damage":67,"enemies":"3 Darklings","floor":39,"turns":5},{"damage":15,"enemies":"Writhing Mass","floor":40,"turns":2},{"damage":0,"enemies":"Transient","floor":42,"turns":5},{"damage":22,"enemies":"Reptomancer","floor":44,"turns":3},{"damage":39,"enemies":"Giant Head","floor":46,"turns":6},{"damage":31,"enemies":"Maw","floor":48,"turns":5},{"damage":98,"enemies":"Time Eater","floor":50,"turns":5}],"seed_played":"-1232830887112370487","potions_obtained":[{"floor":1,"key":"BlessingOfTheForge"},{"floor":3,"key":"ElixirPotion"},{"floor":4,"key":"Swift Potion"},{"floor":12,"key":"Guardian:BlockOnCardUsePotion"},{"floor":21,"key":"BlessingOfTheForge"},{"floor":22,"key":"Weak Potion"},{"floor":27,"key":"BlessingOfTheForge"},{"floor":28,"key":"ColorlessPotion"},{"floor":40,"key":"ColorlessPotion"},{"floor":42,"key":"BloodPotion"},{"floor":44,"key":"Dexterity Potion"},{"floor":48,"key":"Explosive Potion"}],"is_trial":false,"path_per_floor":["M","M","M","M","$","E","?","M","T","E","R","M","M","$","R","B",null,"M","?","$","M","M","E","R","E","T","M","M","M","R","M","R","B",null,"M","?","$","?","M","M","$","M","T","E","R","E","R","M","R","B"],"character_chosen":"IRONCLAD","items_purchased":["Spot Weakness","Flex","Spot Weakness","Heavy Blade","Spot Weakness","PowerPotion"],"campfire_rested":7,"item_purchase_floors":[5,14,20,37,37,41],"current_hp_per_floor":[73,78,74,67,67,55,55,61,61,41,65,69,68,68,68,55,80,68,90,90,73,37,28,56,35,35,34,38,32,62,47,77,48,102,98,98,98,98,37,31,31,37,37,52,86,53,87,62,96,0,0],"gold":100,"neow_bonus":"RANDOM_COMMON_RELIC","is_daily":false,"chose_seed":false,"campfire_upgraded":1,"win_rate":0.0,"timestamp":1612279963,"path_taken":["M","M","M","M","$","E","?","M","T","E","R","?","?","?","R","BOSS","M","?","$","?","M","E","R","E","T","M","M","M","R","M","R","BOSS","M","?","?","?","M","?","$","?","T","E","R","E","R","M","R","BOSS"],"items_purchased_type":["Card","Card","Card","Card","Card","Potion"],"build_version":"2020-12-22","purchased_purges":3,"victory":false,"max_hp_per_floor":[80,80,80,80,80,80,80,80,80,80,80,80,80,80,80,80,80,80,90,90,93,93,96,96,96,96,99,102,102,102,102,102,102,102,102,102,102,102,102,105,105,105,105,115,115,115,115,115,115,115,115],"card_choices":[{"not_picked":["Infernal Blade","Pummel"],"picked":"Heavy Blade","floor":1},{"not_picked":["Infernal Blade","Anger"],"picked":"Thunderclap","floor":2},{"not_picked":["Body Slam","Warcry"],"picked":"Headbutt","floor":3},{"not_picked":["Wild Strike","Dark Embrace","Sever Soul"],"picked":"SKIP","floor":4},{"not_picked":["Perfected Strike","True Grit"],"picked":"Fiend Fire","floor":6},{"not_picked":["Anger","Sword Boomerang"],"picked":"Thunderclap","floor":8},{"not_picked":["Corruption","Metallicize","Clothesline"],"picked":"SKIP","floor":10},{"not_picked":["Disarm","Shockwave"],"picked":"Heavy Blade","floor":12},{"not_picked":["Warcry","Feel No Pain","Pommel Strike"],"picked":"SKIP","floor":13},{"not_picked":["Juggernaut","Immolate"],"picked":"Feed","floor":16},{"not_picked":["Body Slam+1","Reckless Charge","Wild Strike+1"],"picked":"SKIP","floor":18},{"not_picked":["Sword Boomerang+1","Perfected Strike","Headbutt"],"picked":"SKIP","floor":21},{"not_picked":["Metallicize","Shrug It Off"],"picked":"Flex","floor":22},{"not_picked":["Clothesline","Wild Strike+1"],"picked":"Feed","floor":23},{"not_picked":["Pommel Strike","Clothesline","Flex+1"],"picked":"SKIP","floor":25},{"not_picked":["Metallicize+1","Headbutt+1","Dual Wield"],"picked":"SKIP","floor":27},{"not_picked":["Rage+1","Blood for Blood","Dark Embrace"],"picked":"SKIP","floor":28},{"not_picked":["Shrug It Off","Armaments"],"picked":"Heavy Blade","floor":29},{"not_picked":["Cleave","Sword Boomerang","Thunderclap"],"picked":"SKIP","floor":31},{"not_picked":["Reaper","Double Tap"],"picked":"Limit Break","floor":33},{"not_picked":["Armaments+1","Clothesline+1","Sword Boomerang"],"picked":"SKIP","floor":35},{"not_picked":["Dropkick+1","Uppercut"],"picked":"Seeing Red","floor":39},{"not_picked":["Body Slam","Perfected Strike+1","Thunderclap+1"],"picked":"SKIP","floor":40},{"not_picked":["Pommel Strike+1","Evolve+1"],"picked":"Battle Trance","floor":42},{"not_picked":["Pommel Strike+1","Flex"],"picked":"Inflame+1","floor":44},{"not_picked":["Infernal Blade+1","Rage+1","Fire Breathing"],"picked":"SKIP","floor":46},{"not_picked":["Bludgeon","Shrug It Off+1","True Grit+1"],"picked":"SKIP","floor":48}],"player_experience":28730,"relics_obtained":[{"floor":6,"key":"Kunai"},{"floor":9,"key":"Ornamental Fan"},{"floor":10,"key":"Bottled Lightning"},{"floor":23,"key":"Centennial Puzzle"},{"floor":25,"key":"Bag of Preparation"},{"floor":26,"key":"Whetstone"},{"floor":43,"key":"Girya"},{"floor":44,"key":"Strawberry"},{"floor":46,"key":"Toxic Egg 2"}],"event_choices":[{"cards_removed":["Fiend Fire"],"damage_healed":0,"gold_gain":0,"player_choice":"Give","damage_taken":0,"max_hp_gain":0,"max_hp_loss":0,"event_name":"betterNote:BetterNote","floor":7,"gold_loss":0,"cards_obtained":["Rage"]},{"cards_removed":["Fiend Fire"],"damage_healed":12,"gold_gain":0,"player_choice":"Offered Rare","damage_taken":0,"max_hp_gain":10,"max_hp_loss":0,"event_name":"Bonfire Elementals","floor":19,"gold_loss":0},{"cards_removed":["Defend_R"],"damage_healed":0,"gold_gain":0,"player_choice":"Purged","damage_taken":0,"max_hp_gain":0,"max_hp_loss":0,"event_name":"Purifier","floor":36,"gold_loss":0},{"damage_healed":0,"gold_gain":0,"player_choice":"Memory 1","damage_taken":0,"max_hp_gain":0,"max_hp_loss":0,"event_name":"SensoryStone","floor":38,"gold_loss":0}],"is_beta":false,"boss_relics":[{"not_picked":["Empty Cage","SacredBark"],"picked":"SlaversCollar"},{"not_picked":["Tiny House","Runic Dome"],"picked":"Mark of Pain"}],"items_purged_floors":[14,20,37],"is_endless":false,"potions_floor_spawned":[1,3,4,12,21,22,27,28,40,42,44,48],"killed_by":"Time Eater","ascension_level":0}}