{"host":"qmnyg5dk1o6rw6mz","time":1612233434,"event":{"mods":["2.2 Compatiblity","AchievementEnabler","Act Like it!","Aspiration","Astrologer","BaseMod","Beaked The Cultist","Better Altar","Better Match","Better Note","Better Sensory Stone","Better Skull","Better Third Choice","Better Vampires","Block Reminder","CapriCore","Challenge The Spire","ChefMod","Colored Map","Colored Powertips","Conspire","Defuse TimeMaze Blight","Disable Question Mark Monsters","Displayed Cursed Tome","Downfall","Energized Spire","Fox Events","Gensokyo","GifTheSpireLib","Hermit","Highlight Path","Hubris","Infinite Spire","Jedi Mod","Marisa¡]Ãú«B¡@Å]²z¨F¡^","Marked Mod","Minty Spire (QoL Compilation)","Monster B Gone","Pale of the Ancients","Permanent Neow","Quick Restart","Reimu¡]³Õ???¡^","Relic Filter","Reliquary","Replay The Spire","StSLib","Synergy Search","The Construct","The Cursed","The Dragon Tamer","The Gatherer","The Hayseed","The Poker Player","The Runesmith","The Showman","Unceasing Turn Reminder","Weighted Paths","Wide Potions","thorton"],"gold_per_floor":[129,36,58,119,139,139,168,168,168,171,202,206,239,271,276,296,296,296],"floor_reached":16,"language":"ENG","playtime":640,"items_purged":[],"score":94,"play_id":"46daf55a-7bed-42c2-9f60-78f1f46f0085","local_time":"20210202103714","is_ascension_mode":false,"campfire_choices":[{"data":"thethorton:CreditCard","floor":6,"key":"SMITH"},{"data":"thethorton:BusinessBash","floor":8,"key":"SMITH"},{"data":"thethorton:CannonShot","floor":10,"key":"SMITH"},{"floor":15,"key":"REST"}],"circlet_count":0,"master_deck":["thethorton:Strike","thethorton:Strike","thethorton:Strike","thethorton:Defend","thethorton:Defend","thethorton:Defend","thethorton:Heckle","thethorton:CreditCard+1","Normality","thethorton:DesperateRun","thethorton:CannonShot+1","thethorton:BusinessBash+1","thethorton:ShoutAndRun","thethorton:LongTermPayoff","thethorton:GoldBuffer","thethorton:DoubleRun","thethorton:Distance","thethorton:SheetShred"],"relics":["thethorton:CouragePotion","hubris:Teleporter","hubris:BottledRain","thethorton:BankDeed"],"acts_visited":["Exordium"],"potions_floor_usage":[13,14],"damage_taken":[{"damage":14,"enemies":"Cultist","floor":1,"turns":5},{"damage":9,"enemies":"Small Slimes","floor":3,"turns":6},{"damage":5,"enemies":"2 Louse","floor":5,"turns":4},{"damage":17,"enemies":"Exordium Thugs","floor":7,"turns":4},{"damage":4,"enemies":"2 Fungi Beasts","floor":11,"turns":6},{"damage":13,"enemies":"Gremlin Gang","floor":13,"turns":5},{"damage":5,"enemies":"Large Slime","floor":14,"turns":6},{"damage":26,"enemies":"Slime Boss","floor":16,"turns":7}],"seed_played":"531370705331296666","potions_obtained":[{"floor":4,"key":"MagicPotion:ReiMu"},{"floor":5,"key":"PowerPotion"},{"floor":14,"key":"Toxic Potion"}],"is_trial":false,"path_per_floor":["M","?","M","?","M","R","M","R","T","R","M","?","M","M","R","B"],"character_chosen":"THE_THORT","items_purchased":[],"campfire_rested":1,"item_purchase_floors":[],"current_hp_per_floor":[54,54,45,45,40,40,23,23,23,23,19,19,6,1,21,0,0,0],"gold":296,"neow_bonus":"TRANSFORM_CARD","is_daily":false,"chose_seed":false,"campfire_upgraded":3,"win_rate":0.0,"timestamp":1612233434,"path_taken":["M","?","?","?","?","R","M","R","T","R","M","?","?","M","R","BOSS"],"items_purchased_type":[],"build_version":"2020-12-22","purchased_purges":0,"victory":false,"max_hp_per_floor":[68,68,68,68,68,68,68,68,68,68,68,68,68,68,68,68,68,68],"card_choices":[{"not_picked":["thethorton:AngerMoment","thethorton:ElbowSmash"],"picked":"thethorton:CannonShot","floor":1},{"not_picked":["thethorton:PocketChange","thethorton:RunningKick"],"picked":"thethorton:BusinessBash","floor":3},{"not_picked":["thethorton:BoardroomBlast","thethorton:WhirlingBriefcase"],"picked":"thethorton:ShoutAndRun","floor":4},{"not_picked":["thethorton:StumblingSlap","thethorton:FocusStrength"],"picked":"thethorton:LongTermPayoff","floor":5},{"not_picked":["thethorton:TakeAccounts","thethorton:CashBash"],"picked":"thethorton:GoldBuffer","floor":7},{"not_picked":["thethorton:ElbowSmash","thethorton:GemGun"],"picked":"thethorton:DoubleRun","floor":11},{"not_picked":["thethorton:PowerUp","thethorton:DownPayment"],"picked":"thethorton:SheetShred","floor":13},{"not_picked":["thethorton:Distance","thethorton:Fatigue","thethorton:AngerMoment"],"picked":"SKIP","floor":14}],"player_experience":212174,"relics_obtained":[{"floor":4,"key":"hubris:BottledRain"},{"floor":9,"key":"thethorton:BankDeed"}],"event_choices":[{"damage_healed":0,"gold_gain":0,"player_choice":"Paid Gold","damage_taken":0,"relics_obtained":["hubris:Teleporter"],"max_hp_gain":0,"max_hp_loss":0,"event_name":"WeMeetAgain","floor":2,"gold_loss":93},{"damage_healed":0,"gold_gain":0,"cards_transformed":["thethorton:Defend"],"player_choice":"Transformed","damage_taken":0,"max_hp_gain":0,"max_hp_loss":0,"event_name":"Transmorgrifier","floor":12,"gold_loss":0,"cards_obtained":["thethorton:Distance"]}],"is_beta":false,"boss_relics":[],"items_purged_floors":[],"is_endless":false,"potions_floor_spawned":[5,11,14],"killed_by":"Slime Boss","ascension_level":0}}