{"host":"6gl4z8x6qhx9xtfj","time":1612254280,"event":{"mods":["2.2 Compatiblity","AchievementEnabler","BaseMod","Bestiary","Colored Map","Colored Powertips","Evolution","Minty Spire (QoL Compilation)","Quick Restart","Relic Stats","StSLib","SuperFastMode"],"gold_per_floor":[109,127,137,312,9,36,36,63,88,88,88,123,123,137,137,237,237,252,262,262,273,291,323,323,69,93,0,26,26,26,59,59,158,158,176,33,45,55,55,82,94,94,94,122,122,152,168,180,180,180],"floor_reached":51,"language":"RUS","playtime":2492,"items_purged":["Doubt","Regret"],"score":1418,"play_id":"897e2f30-ca53-4d1e-87d5-ab566be505ec","local_time":"20210202112440","is_ascension_mode":true,"campfire_choices":[{"data":"DeusExMachina","floor":7.0,"key":"SMITH"},{"data":"Vigilance","floor":10.0,"key":"SMITH"},{"data":"FollowUp","floor":13.0,"key":"SMITH"},{"data":"FollowUp","floor":15.0,"key":"SMITH"},{"data":"FlyingSleeves","floor":24.0,"key":"SMITH"},{"data":"BowlingBash","floor":32.0,"key":"SMITH"},{"data":"WheelKick","floor":49,"key":"SMITH"}],"circlet_count":0,"master_deck":["CrushJoints","FlyingSleeves+1","BowlingBash+1","FollowUp+1","Evaluate","EmptyBody","ThirdEye","Evaluate","Eruption","Vigilance+1","FollowUp+1","Prostrate","CarveReality","DeusExMachina+1","Worship","CutThroughFate","Brilliance","Swivel","Tantrum","WheelKick+1","Vault","Wallop","WheelKick+1","BattleHymn+1","Normality"],"relics":["EVO:Axolotl","Snecko Eye","ClockworkSouvenir","Happy Flower","Bronze Scales","Lantern","Boot","Juzu Bracelet","Coffee Dripper","Nilry\u0027s Codex","HornCleat","PreservedInsect","Strawberry","Meat on the Bone","MutagenicStrength","Ornamental Fan","Cursed Key","GoldenEye","Mercury Hourglass","Letter Opener","Lizard Tail"],"acts_visited":["Exordium","TheCity","TheBeyond"],"potions_floor_usage":[],"damage_taken":[{"damage":0.0,"enemies":"Jaw Worm","floor":1.0,"turns":3.0},{"damage":0.0,"enemies":"2 Louse","floor":2.0,"turns":2.0},{"damage":0.0,"enemies":"Small Slimes","floor":3.0,"turns":3.0},{"damage":0.0,"enemies":"Lagavulin","floor":6.0,"turns":4.0},{"damage":0.0,"enemies":"3 Sentries","floor":8.0,"turns":5.0},{"damage":5.0,"enemies":"Lagavulin","floor":12.0,"turns":4.0},{"damage":5.0,"enemies":"3 Louse","floor":14.0,"turns":2.0},{"damage":13.0,"enemies":"Slime Boss","floor":16.0,"turns":6.0},{"damage":0.0,"enemies":"Chosen","floor":18.0,"turns":3.0},{"damage":20.0,"enemies":"2 Thieves","floor":19.0,"turns":3.0},{"damage":7.0,"enemies":"Snecko","floor":21.0,"turns":4.0},{"damage":4.0,"enemies":"Cultist and Chosen","floor":22.0,"turns":3.0},{"damage":12.0,"enemies":"Slavers","floor":23.0,"turns":5.0},{"damage":0.0,"enemies":"Gremlin Leader","floor":28.0,"turns":1.0},{"damage":7.0,"enemies":"Slavers","floor":31.0,"turns":3.0},{"damage":11,"enemies":"Champ","floor":33,"turns":6},{"damage":0,"enemies":"Orb Walker","floor":35,"turns":1},{"damage":0,"enemies":"3 Darklings","floor":37,"turns":2},{"damage":0,"enemies":"Transient","floor":38,"turns":6},{"damage":0,"enemies":"Nemesis","floor":40,"turns":2},{"damage":1,"enemies":"4 Shapes","floor":41,"turns":2},{"damage":0,"enemies":"Reptomancer","floor":44,"turns":2},{"damage":0,"enemies":"Nemesis","floor":46,"turns":2},{"damage":0,"enemies":"Jaw Worm Horde","floor":47,"turns":2},{"damage":0,"enemies":"3 Darklings","floor":48,"turns":2},{"damage":93,"enemies":"Awakened One","floor":50,"turns":9}],"seed_played":"8785907842996038000","potions_obtained":[{"floor":6.0,"key":"Strength Potion"},{"floor":8.0,"key":"FearPotion"},{"floor":12.0,"key":"Swift Potion"},{"floor":16.0,"key":"Fire Potion"},{"floor":23.0,"key":"Fire Potion"}],"is_trial":false,"path_per_floor":["M","M","M","?","$","E","R","E","T","R","?","E","R","M","R","B",null,"M","M","?","M","M","E","R","$","T","?","E","?","?","E","R","B",null,"M","$","M","M","?","E","M","?","T","E","?","E","M","M","R","B",null],"character_chosen":"WATCHER","items_purchased":["ClockworkSouvenir","CarveReality","PreservedInsect","Wallop","WheelKick"],"campfire_rested":0,"item_purchase_floors":[5,5,25,36,36],"current_hp_per_floor":[69,69,69,69,69,69,69,69,69,69,69,64,64,59,59,46,69,69,49,33,26,22,10,10,10,17,17,17,17,17,22,22,23,68,68,68,68,68,68,68,67,67,67,67,67,67,67,67,67,51],"gold":180,"neow_bonus":"BOSS_RELIC","is_daily":false,"chose_seed":false,"campfire_upgraded":7,"win_rate":0.0,"timestamp":1612254280,"path_taken":["M","M","M","?","$","E","R","E","T","R","?","E","R","M","R","BOSS","M","M","?","M","M","E","R","$","T","?","E","?","?","E","R","BOSS","M","$","M","M","?","E","M","?","T","E","?","E","M","M","R","BOSS"],"items_purchased_type":["Relic","Card","Relic","Card","Card"],"build_version":"2020-12-22","purchased_purges":2,"victory":true,"max_hp_per_floor":[76,76,76,76,76,76,76,76,76,76,76,76,76,76,76,76,76,76,76,76,76,76,76,76,76,83,83,83,83,83,83,83,83,83,83,83,83,83,83,83,83,83,83,83,79,79,79,79,79,79],"relic_stats":{"Happy Flower":[25],"counters":[26,87],"PreservedInsect":238,"Juzu Bracelet":0,"Letter Opener":[5],"Boot":[9],"Cursed Key":1,"GoldenEye":[10],"Mercury Hourglass":[83],"Lizard Tail":39,"Ornamental Fan":[104],"Bronze Scales":[126],"Snecko Eye":[153,155,134,167],"obtain_stats":[{"Lantern":9,"Happy Flower":6,"Nilry\u0027s Codex":20,"PreservedInsect":25,"Juzu Bracelet":12,"EVO:Axolotl":0,"Letter Opener":44,"Boot":11,"Cursed Key":34,"GoldenEye":40,"ClockworkSouvenir":5,"Mercury Hourglass":43,"Lizard Tail":46,"HornCleat":23,"Ornamental Fan":31,"Bronze Scales":8,"Strawberry":26,"MutagenicStrength":30,"Snecko Eye":0,"Coffee Dripper":17,"PureWater":0,"Meat on the Bone":28},{"Lantern":5,"Happy Flower":4,"Nilry\u0027s Codex":10,"PreservedInsect":13,"Juzu Bracelet":6,"EVO:Axolotl":0,"Letter Opener":22,"Boot":5,"Cursed Key":16,"GoldenEye":20,"ClockworkSouvenir":3,"Mercury Hourglass":21,"Lizard Tail":23,"HornCleat":13,"Ornamental Fan":15,"Bronze Scales":5,"Strawberry":13,"MutagenicStrength":14,"Snecko Eye":0,"Coffee Dripper":8,"PureWater":0,"Meat on the Bone":14},{"Lantern":17,"Happy Flower":12,"Nilry\u0027s Codex":35,"PreservedInsect":47,"Juzu Bracelet":21,"EVO:Axolotl":0,"Letter Opener":72,"Boot":17,"Cursed Key":57,"GoldenEye":68,"ClockworkSouvenir":8,"Mercury Hourglass":70,"Lizard Tail":74,"HornCleat":47,"Ornamental Fan":51,"Bronze Scales":17,"Strawberry":47,"MutagenicStrength":48,"Snecko Eye":0,"Coffee Dripper":29,"PureWater":0,"Meat on the Bone":48}],"Meat on the Bone":36},"card_choices":[{"not_picked":["Evaluate","EmptyFist"],"picked":"FollowUp","floor":1.0},{"not_picked":["Evaluate","FollowUp","Consecrate"],"picked":"SKIP","floor":2.0},{"not_picked":["CarveReality","Study"],"picked":"Prostrate","floor":3.0},{"not_picked":["InnerPeace","Evaluate"],"picked":"DeusExMachina","floor":6.0},{"not_picked":["Tantrum","EmptyBody"],"picked":"Worship","floor":8.0},{"not_picked":["EmptyBody","SashWhip"],"picked":"CutThroughFate","floor":12.0},{"not_picked":["FlyingSleeves","ClearTheMind","JustLucky"],"picked":"SKIP","floor":14.0},{"not_picked":["DeusExMachina","Judgement"],"picked":"Brilliance","floor":16.0},{"not_picked":["CrushJoints","Halt","Sanctity"],"picked":"SKIP","floor":18.0},{"not_picked":["Sanctity+1","InnerPeace+1","PathToVictory"],"picked":"SKIP","floor":19.0},{"not_picked":["SashWhip","BowlingBash+1","PathToVictory"],"picked":"SKIP","floor":21.0},{"not_picked":["EmptyBody","FollowUp"],"picked":"Swivel","floor":22.0},{"not_picked":["WaveOfTheHand+1","FollowUp"],"picked":"Tantrum","floor":23.0},{"not_picked":["WindmillStrike","Worship"],"picked":"WheelKick+1","floor":28.0},{"not_picked":["Consecrate","Adaptation","Crescendo"],"picked":"SKIP","floor":31.0},{"not_picked":["DevaForm","Omniscience"],"picked":"Vault","floor":33},{"not_picked":["JustLucky+1","Crescendo","Meditate+1"],"picked":"SKIP","floor":35},{"not_picked":["SignatureMove","CutThroughFate+1"],"picked":"Protect","floor":37},{"not_picked":["MentalFortress+1","ThirdEye"],"picked":"BattleHymn+1","floor":38},{"not_picked":["Pray","PathToVictory","MentalFortress+1"],"picked":"SKIP","floor":40},{"not_picked":["SignatureMove","FlurryOfBlows","Conclude+1"],"picked":"SKIP","floor":41},{"not_picked":["CrushJoints+1","Prostrate","PathToVictory"],"picked":"SKIP","floor":44},{"not_picked":["CrushJoints","Evaluate+1","FlyingSleeves+1"],"picked":"SKIP","floor":46},{"not_picked":["BattleHymn","FlyingSleeves","Evaluate+1"],"picked":"SKIP","floor":47},{"not_picked":["CrushJoints","Crescendo","SashWhip+1"],"picked":"SKIP","floor":48}],"player_experience":116271,"relics_obtained":[{"floor":6.0,"key":"Happy Flower"},{"floor":8.0,"key":"Bronze Scales"},{"floor":9.0,"key":"Lantern"},{"floor":12.0,"key":"Juzu Bracelet"},{"floor":20.0,"key":"Nilry\u0027s Codex"},{"floor":23.0,"key":"HornCleat"},{"floor":26.0,"key":"Strawberry"},{"floor":28.0,"key":"Meat on the Bone"},{"floor":31.0,"key":"Ornamental Fan"},{"floor":40,"key":"GoldenEye"},{"floor":43,"key":"Mercury Hourglass"},{"floor":44,"key":"Letter Opener"},{"floor":46,"key":"Lizard Tail"}],"event_choices":[{"damage_healed":0.0,"max_hp_gain":0.0,"max_hp_loss":0.0,"gold_gain":175.0,"event_name":"Liars Game","player_choice":"AGREE","floor":4.0,"gold_loss":0.0,"damage_taken":0.0,"cards_obtained":["Doubt"]},{"damage_healed":0.0,"max_hp_gain":0.0,"max_hp_loss":0.0,"gold_gain":0.0,"event_name":"Big Fish","player_choice":"Box","floor":11.0,"gold_loss":0.0,"damage_taken":0.0,"relics_obtained":["Boot"],"cards_obtained":["Regret"]},{"damage_healed":0.0,"max_hp_gain":0.0,"max_hp_loss":0.0,"gold_gain":0.0,"event_name":"Cursed Tome","player_choice":"Obtained Book","floor":20.0,"gold_loss":0.0,"damage_taken":16.0},{"damage_healed":0.0,"max_hp_gain":0.0,"max_hp_loss":0.0,"gold_gain":0.0,"event_name":"Masked Bandits","player_choice":"Paid Fearfully","floor":27.0,"gold_loss":93.0,"damage_taken":0.0},{"damage_healed":0.0,"max_hp_gain":0.0,"max_hp_loss":0.0,"gold_gain":0.0,"event_name":"Back to Basics","player_choice":"Simplicity","floor":29.0,"gold_loss":0.0,"damage_taken":0.0,"cards_upgraded":[]},{"damage_healed":0.0,"max_hp_gain":0.0,"max_hp_loss":0.0,"gold_gain":0.0,"event_name":"Drug Dealer","player_choice":"Inject Mutagens","floor":30.0,"gold_loss":0.0,"damage_taken":0.0,"relics_obtained":["MutagenicStrength"]},{"damage_healed":0,"gold_gain":0,"player_choice":"Memory 1","damage_taken":0,"max_hp_gain":0,"max_hp_loss":0,"event_name":"SensoryStone","floor":39,"gold_loss":0},{"cards_removed":["Protect"],"damage_healed":0,"gold_gain":0,"player_choice":"Removed Skill","damage_taken":0,"max_hp_gain":0,"max_hp_loss":0,"event_name":"Falling","floor":42,"gold_loss":0},{"damage_healed":0,"gold_gain":0,"player_choice":"Max HP","damage_taken":0,"max_hp_gain":0,"max_hp_loss":4,"event_name":"Winding Halls","floor":45,"gold_loss":0}],"is_beta":false,"boss_relics":[{"not_picked":["Tiny House","SlaversCollar"],"picked":"Coffee Dripper"},{"not_picked":["Sozu","Busted Crown"],"picked":"Cursed Key"}],"items_purged_floors":[5,25],"is_endless":false,"potions_floor_spawned":[6,8,12,14,16,18,23,31,37,41,46,47],"ascension_level":7}}