{"host":"takgv9cv6xf64vhq","time":1612267162,"event":{"mods":["BaseMod","Colored Powertips","Conspire","Decade(王小明)","Downfall","Energized Spire","Hermit","Hubris","LagranYue(拉格朗・月)","Marisa（F雨　魔理沙）","Minty Spire (QoL Compilation)","Replay The Spire","StSLib","The Cursed","The Hierophant","The Jungle","The Servant 0.9.4","TheHeartMod"],"gold_per_floor":[109,109,109,123,123,123,156,170,194,208,228,257,269,280,280,377,377,395,61,79,79,4,4,23,33,33,86,104,122,122,140,140,140,140],"floor_reached":33,"language":"ZHS","playtime":1984,"items_purged":["Regret"],"score":471,"play_id":"c14410c9-2275-45b3-9bac-5ae390525209","local_time":"20210202195922","is_ascension_mode":true,"campfire_choices":[{"data":"Venomology","floor":6,"key":"SMITH"},{"data":"Envenom","floor":15,"key":"SMITH"},{"data":"Specialist","floor":23,"key":"SMITH"},{"data":"Replay:Bag of Tricks","floor":32,"key":"SMITH"}],"circlet_count":0,"master_deck":["AscendersBane","Strike_G","Strike_G","Strike_G","Strike_G","Strike_G","Defend_G","Defend_G","Defend_G","Defend_G","Defend_G","Survivor","Neutralize","Heel Hook","Calculated Gamble","Expertise","Venomology+1","Neutralize","Malaise","Calculated Gamble","Envenom+1","Slice","Flying Knee","Backflip","Sucker Punch","Replay:Bag of Tricks+1","Poisoned Stab+1","Specialist+1","Prepared","hubris:TrickCloak+1","Bane","Overencumbered","hubris:Gluttony","Escape Plan","ReplayTheSpireMod:Tripwire","ReplayTheSpireMod:Splinters","Cloak And Dagger+1"],"relics":["Ring of the Snake","NeowsBlessing","Pet Ghost","hubris:Towel","MealTicket","Pen Nib","Lantern","Cursed Key","ReplayTheSpireMod:Shallot","hubris:BottledHeart","Shuriken","Juzu Bracelet","bronze:DecasWashers"],"acts_visited":["Exordium","TheCity"],"potions_floor_usage":[8,10,10,11,12,13,16,16,18,24,24,24,25,25,28,29,33,33],"damage_taken":[{"damage":0.0,"enemies":"2 Louse","floor":1.0,"turns":1.0},{"damage":0.0,"enemies":"Small Slimes","floor":4.0,"turns":1.0},{"damage":0,"enemies":"3 Sentries","floor":7,"turns":1},{"damage":3,"enemies":"Cultist","floor":8,"turns":5},{"damage":5,"enemies":"Blue Slaver","floor":10,"turns":2},{"damage":19,"enemies":"Exordium Wildlife","floor":11,"turns":6},{"damage":6,"enemies":"Lagavulin","floor":12,"turns":7},{"damage":7,"enemies":"Exordium Thugs","floor":13,"turns":4},{"damage":3,"enemies":"Looter","floor":14,"turns":2},{"damage":17,"enemies":"Hexaghost","floor":16,"turns":8},{"damage":8,"enemies":"2 Thieves","floor":18,"turns":4},{"damage":0,"enemies":"3 Byrds","floor":20,"turns":4},{"damage":0,"enemies":"Centurion and Healer","floor":24,"turns":6},{"damage":0,"enemies":"conspire:HollyBat","floor":25,"turns":7},{"damage":0,"enemies":"Chosen and Byrds","floor":28,"turns":4},{"damage":0,"enemies":"Sentry and Sphere","floor":29,"turns":5},{"damage":0,"enemies":"Shelled Parasite and Fungi","floor":31,"turns":5},{"damage":15,"enemies":"Collector","floor":33,"turns":7}],"seed_played":"7413457923392583075","potions_obtained":[{"floor":1.0,"key":"Dexterity Potion"},{"floor":14,"key":"Poison Potion"},{"floor":16,"key":"Doom Potion"},{"floor":18,"key":"EntropicBrew"},{"floor":20,"key":"Dexterity Potion"}],"is_trial":false,"path_per_floor":["M","?","?","M","?","R","E","M","T","M","M","E","M","M","R","B",null,"M","$","M","?","$","R","M","M","T","T","M","M","?","M","R","B"],"character_chosen":"THE_SILENT","items_purchased":["ReplayTheSpireMod:Shallot","Specialist"],"campfire_rested":0,"item_purchase_floors":[19,19],"current_hp_per_floor":[63,63,63,63,63,63,63,60,60,55,36,30,23,20,20,3,53,45,60,60,1,1,1,1,1,1,1,1,1,1,1,1,0,0],"gold":140,"neow_bonus":"THREE_ENEMY_KILL","is_daily":false,"chose_seed":false,"campfire_upgraded":4,"win_rate":0.0,"timestamp":1612267162,"path_taken":["M","?","?","M","?","R","E","M","T","M","M","E","M","?","R","BOSS","M","$","M","?","$","R","M","M","T","?","M","M","?","M","R","BOSS"],"items_purchased_type":["Relic","Card"],"build_version":"2020-12-22","purchased_purges":1,"victory":false,"max_hp_per_floor":[70,70,70,70,70,70,70,70,70,70,70,70,70,70,70,70,70,70,70,70,1,1,1,1,1,1,1,1,1,1,1,1,1,1],"card_choices":[{"not_picked":["Prepared","hubris:SlightOfHand"],"picked":"Heel Hook","floor":1.0},{"not_picked":["Poisoned Stab","Skewer"],"picked":"Calculated Gamble","floor":4.0},{"not_picked":["Dagger Throw","Crippling Poison"],"picked":"Malaise","floor":7},{"not_picked":["Finisher","Expertise"],"picked":"Calculated Gamble","floor":8},{"not_picked":["Flying Knee","Bane"],"picked":"Envenom","floor":10},{"not_picked":["Setup","Escape Plan"],"picked":"Slice","floor":11},{"not_picked":["Slice","Tactician"],"picked":"Flying Knee","floor":12},{"not_picked":["Acrobatics","Underhanded Strike"],"picked":"Backflip","floor":13},{"not_picked":["ReplayTheSpireMod:Shiv Toss","Crippling Poison"],"picked":"Sucker Punch","floor":14},{"not_picked":["Atom Bomb","Wraith Form v2"],"picked":"Replay:Bag of Tricks","floor":16},{"not_picked":["Dagger Throw","Acrobatics"],"picked":"Poisoned Stab+1","floor":18},{"not_picked":["Toxin Wave","Poisoned Stab"],"picked":"Prepared","floor":20},{"not_picked":["PiercingWail+1","Flying Knee+1"],"picked":"hubris:TrickCloak+1","floor":24},{"not_picked":["Hidden Blade","Deadly Poison"],"picked":"Bane","floor":25},{"not_picked":["Dagger Spray","Sucker Punch"],"picked":"Escape Plan","floor":28},{"not_picked":["Slice","Flying Knee"],"picked":"ReplayTheSpireMod:Tripwire","floor":29},{"not_picked":["Acrobatics","Underhanded Strike+1"],"picked":"Cloak And Dagger+1","floor":31}],"player_experience":325498,"relics_obtained":[{"floor":7,"key":"MealTicket"},{"floor":9,"key":"Pen Nib"},{"floor":12,"key":"Lantern"},{"floor":26,"key":"Shuriken"},{"floor":27,"key":"Juzu Bracelet"}],"event_choices":[{"damage_healed":0.0,"max_hp_gain":0.0,"max_hp_loss":0.0,"gold_gain":0.0,"event_name":"Big Fish","player_choice":"Box","floor":2.0,"gold_loss":0.0,"damage_taken":0.0,"relics_obtained":["Pet Ghost"],"cards_obtained":["Regret"]},{"damage_healed":0,"gold_gain":0,"player_choice":"3 cards matched","damage_taken":0,"max_hp_gain":0,"max_hp_loss":0,"event_name":"Match and Keep!","floor":5,"gold_loss":0,"cards_obtained":["Expertise","Venomology","Neutralize"]}],"is_beta":false,"boss_relics":[{"not_picked":["Replay:Fungal Core","Replay:Bronze Core"],"picked":"Cursed Key"}],"items_purged_floors":[22],"is_endless":false,"potions_floor_spawned":[1,7,14,16,18,20],"killed_by":"Collector","ascension_level":11}}