{"host":"jh7kh5nqtgzr3auj","time":1612246842,"event":{"mods":["AchievementEnabler","Act Like it!","BaseMod","CapriCore","Highlight Path","Minty Spire (QoL Compilation)","Quick Restart","StSLib","TestMod","The Bug Knight"],"gold_per_floor":[119,137,87,87,104,134,150,150,150],"floor_reached":8,"language":"ZHS","playtime":479,"items_purged":[],"score":90,"play_id":"549a01cd-d7d5-4749-b54c-d91d7108b632","local_time":"20210202142042","is_ascension_mode":true,"campfire_choices":[],"circlet_count":0,"master_deck":["AscendersBane","HollowMod:NailStrikeStart","HollowMod:NailStrikeStart","HollowMod:NailStrikeStart","HollowMod:QuickDashStart","HollowMod:QuickDashStart","HollowMod:QuickDashStart","HollowMod:FocusHealStart","HollowMod:PogoStrike","HollowMod:ElderbugsWisdom","HollowMod:SoulShaman","HollowMod:ChannelNail","HollowMod:CornifersMapStart","HollowMod:CloakDash","HollowMod:DoubleDash"],"relics":["HollowMod:VesselMask","testmod-TestBox","testmod-TheFather","Boot"],"acts_visited":["Exordium"],"potions_floor_usage":[6,7,8],"damage_taken":[{"damage":4,"enemies":"Jaw Worm","floor":1,"turns":4},{"damage":0,"enemies":"Small Slimes","floor":2,"turns":3},{"damage":10,"enemies":"2 Louse","floor":5,"turns":3},{"damage":38,"enemies":"Lagavulin","floor":6,"turns":10},{"damage":11,"enemies":"Blue Slaver","floor":7,"turns":4},{"damage":16,"enemies":"Gremlin Nob","floor":8,"turns":4}],"seed_played":"-3309758332197023203","potions_obtained":[{"floor":1,"key":"DuplicationPotion"},{"floor":5,"key":"SpeedPotion"},{"floor":6,"key":"DistilledChaos"}],"is_trial":false,"path_per_floor":["M","M","?","?","M","E","M","E"],"character_chosen":"THE_BUGKNIGHT","items_purchased":[],"campfire_rested":0,"item_purchase_floors":[],"current_hp_per_floor":[52,62,62,55,51,23,18,2,2],"gold":150,"neow_bonus":"THREE_RARE_CARDS","is_daily":false,"chose_seed":false,"campfire_upgraded":0,"win_rate":0.0,"timestamp":1612246842,"path_taken":["M","M","?","?","M","E","M","E"],"items_purchased_type":[],"build_version":"2020-12-22","purchased_purges":0,"victory":false,"max_hp_per_floor":[75,75,75,75,75,75,75,75,75],"card_choices":[{"not_picked":["HollowMod:VoidDash","HollowMod:theNailsmith"],"picked":"HollowMod:ElderbugsWisdom","floor":0},{"not_picked":["HollowMod:NewGlowingWomb","HollowMod:InfectedCysts"],"picked":"HollowMod:SoulShaman","floor":1},{"not_picked":["HollowMod:BaldurShell","HollowMod:MawleksShell"],"picked":"HollowMod:ChannelNail","floor":2},{"not_picked":["HollowMod:RecoilStrike","HollowMod:VengefulVoid"],"picked":"HollowMod:CornifersMapStart","floor":5},{"not_picked":["HollowMod:InfectedAttack","HollowMod:CoiledNail"],"picked":"HollowMod:CloakDash","floor":6},{"not_picked":["HollowMod:InfectedAttack","HollowMod:InfectedCysts"],"picked":"HollowMod:DoubleDash","floor":7}],"player_experience":346850,"relics_obtained":[{"floor":6,"key":"Boot"}],"event_choices":[{"cards_removed":["HollowMod:QuickDashStart"],"damage_healed":0,"gold_gain":0,"player_choice":"Card Removal","damage_taken":0,"max_hp_gain":0,"max_hp_loss":0,"event_name":"The Cleric","floor":3,"gold_loss":50},{"cards_removed":["HollowMod:NailStrikeStart"],"damage_healed":0,"gold_gain":0,"player_choice":"Card Removal","damage_taken":7,"max_hp_gain":0,"max_hp_loss":0,"event_name":"Golden Wing","floor":4,"gold_loss":0}],"is_beta":false,"boss_relics":[],"items_purged_floors":[],"is_endless":false,"potions_floor_spawned":[1,5,6],"killed_by":"Gremlin Nob","ascension_level":11}}