{"host":"2zjdcgw4be5n15ja","time":1612255511,"event":{"mods":["2.2 Compatiblity","AchievementEnabler","BaseMod","Bestiary","Better Skull","Better Third Choice","BetterRewards","Colored Powertips","Downfall","Hermit","Marisa????????","Marked Mod","Minty Spire (QoL Compilation)","Quick Restart","Rare Cards Sparkle","Reimu??????","Relic Stats","Reliquary","Replay The Spire","StSLib","The Bug Knight","The Problem Sleuth","The Runesmith"],"gold_per_floor":[113,113,126,86,106,106,106,121,121,147,166,192,0,16,16,113,163,175,175,175,192,209,209,209,238,307,307,307],"floor_reached":27,"language":"ENG","playtime":4547,"items_purged":[],"score":333,"play_id":"789d5fc1-0dda-45e2-b8c5-3324993ab5d3","local_time":"20210202214511","is_ascension_mode":true,"campfire_choices":[{"floor":6,"key":"RECALL"},{"floor":23,"key":"REST"}],"circlet_count":0,"master_deck":["Strike_R","Strike_R","Strike_R","Strike_R","Strike_R","Defend_R","Defend_R","Defend_R+1","Defend_R","Bash","Anger+1","Second Wind+1","Reckless Charge","Rage","Flex","Uppercut","Flame Barrier","Combust+1","Bludgeon","Barricade","Havoc","Replay:Undeath\u0027s Touch+1","Berserk","Combust","Cleave+1","CurseOfTheBell","CurseOfTheBell","Carnage"],"relics":["Burning Blood","PaintedHorse:ReiMu","NlothsMask","Unceasing Top","Letter Opener","Blood Vial","Tiny House","downfall:ExtraCursedBell","Oddly Smooth Stone","HollowMod:StagPassRelic","Another Sword","Replay:Kaleidoscope"],"acts_visited":["Exordium","TheCity"],"potions_floor_usage":[22,22,25,27,27],"damage_taken":[{"damage":0,"enemies":"Small Slimes","floor":1,"turns":3},{"damage":5,"enemies":"Jaw Worm","floor":3,"turns":4},{"damage":1,"enemies":"Cultist","floor":5,"turns":4},{"damage":4,"enemies":"Exordium Thugs","floor":8,"turns":4},{"damage":42,"enemies":"Lagavulin","floor":10,"turns":8},{"damage":6,"enemies":"Blue Slaver","floor":11,"turns":3},{"damage":15,"enemies":"3 Sentries","floor":12,"turns":7},{"damage":8,"enemies":"Lots of Slimes","floor":14,"turns":3},{"damage":3,"enemies":"Slime Boss","floor":16,"turns":5},{"damage":7,"enemies":"Chosen","floor":18,"turns":6},{"damage":36,"enemies":"Centurion and Healer","floor":21,"turns":7},{"damage":29,"enemies":"Shelled Parasite and Fungi","floor":22,"turns":5},{"damage":25,"enemies":"Replay:Snechameleon","floor":25,"turns":6},{"damage":67,"enemies":"Chosen and Byrds","floor":27,"turns":6}],"seed_played":"-6753037548569298245","potions_obtained":[{"floor":1,"key":"FearPotion"},{"floor":10,"key":"Milkshake"},{"floor":12,"key":"Block Potion"},{"floor":14,"key":"Block Potion"},{"floor":17,"key":"Reflective Coating"},{"floor":18,"key":"champ:CounterPotion"},{"floor":22,"key":"Weak Potion"},{"floor":25,"key":"DuplicationPotion"}],"is_trial":false,"path_per_floor":["M","?","M","?","M","R","?","M","T","E","M","E","$","M","R","B",null,"M","?","?","M","M","R","?","E","T","M"],"character_chosen":"IRONCLAD","items_purchased":["Blood Vial","Combust"],"campfire_rested":1,"item_purchase_floors":[13,13],"current_hp_per_floor":[78,78,79,79,84,84,84,86,86,50,50,41,41,41,69,74,101,100,100,100,71,50,80,80,63,63,0,0],"gold":307,"neow_bonus":"TWENTY_PERCENT_HP_BONUS","is_daily":false,"chose_seed":false,"campfire_upgraded":0,"win_rate":0.0,"timestamp":1612255511,"path_taken":["M","?","M","?","?","R","?","M","T","E","?","E","$","M","R","BOSS","M","?","?","?","M","R","?","E","T","M"],"items_purchased_type":["Relic","Card"],"build_version":"2020-12-22","purchased_purges":0,"victory":false,"max_hp_per_floor":[96,96,96,96,96,96,96,96,96,96,96,96,96,96,96,96,101,101,101,101,101,101,101,101,101,101,101,101],"relic_stats":{"Blood Vial":11,"counters":[14,71],"Letter Opener":[25],"obtain_stats":[{"Blood Vial":13,"Tiny House":17,"PaintedHorse:ReiMu":4,"Oddly Smooth Stone":24,"Another Sword":24,"Letter Opener":12,"Replay:Kaleidoscope":25,"downfall:ExtraCursedBell":24,"HollowMod:StagPassRelic":24,"Burning Blood":0,"Unceasing Top":10,"NlothsMask":7},{"Blood Vial":7,"Tiny House":9,"PaintedHorse:ReiMu":2,"Oddly Smooth Stone":12,"Another Sword":12,"Letter Opener":7,"Replay:Kaleidoscope":13,"downfall:ExtraCursedBell":12,"HollowMod:StagPassRelic":12,"Burning Blood":0,"Unceasing Top":5,"NlothsMask":3},{"Blood Vial":33,"Tiny House":41,"PaintedHorse:ReiMu":7,"Oddly Smooth Stone":59,"Another Sword":59,"Letter Opener":33,"Replay:Kaleidoscope":65,"downfall:ExtraCursedBell":59,"HollowMod:StagPassRelic":59,"Burning Blood":0,"Unceasing Top":23,"NlothsMask":11}],"Burning Blood":78,"Unceasing Top":[10]},"card_choices":[{"not_picked":["Intimidate","Sword Boomerang"],"picked":"Anger","floor":1},{"not_picked":["Shrug It Off","Battle Trance"],"picked":"Second Wind","floor":3},{"not_picked":["Battle Trance","Replay:Undeath\u0027s Touch"],"picked":"Reckless Charge","floor":5},{"not_picked":["Body Slam","ReplayTheSpireMod:Limb From Limb"],"picked":"Rage","floor":8},{"not_picked":["Seeing Red","Havoc"],"picked":"Flex","floor":10},{"not_picked":["Abandon","Shrug It Off"],"picked":"Uppercut","floor":11},{"not_picked":["Defy Death","Twin Strike"],"picked":"Flame Barrier","floor":12},{"not_picked":["Pommel Strike","Wild Strike"],"picked":"Bludgeon","floor":14},{"not_picked":["Replay:Many Hands","Eclipse"],"picked":"Barricade","floor":16},{"not_picked":["Armaments","ReplayTheSpireMod:LeadingStrike"],"picked":"Havoc","floor":17},{"not_picked":["Bloodletting","Clothesline"],"picked":"Replay:Undeath\u0027s Touch+1","floor":18},{"not_picked":["Anger+1","True Grit"],"picked":"Combust","floor":21},{"not_picked":["ReplayReversal","Rage"],"picked":"Cleave+1","floor":22},{"not_picked":["Eclipse","Spot Weakness+1"],"picked":"Carnage","floor":25}],"player_experience":381020,"relics_obtained":[{"floor":10,"key":"Unceasing Top"},{"floor":12,"key":"Letter Opener"},{"floor":24,"key":"Oddly Smooth Stone"},{"floor":24,"key":"HollowMod:StagPassRelic"},{"floor":24,"key":"Another Sword"},{"floor":25,"key":"Replay:Kaleidoscope"}],"event_choices":[{"damage_healed":0,"gold_gain":0,"player_choice":"Donate","damage_taken":0,"relics_obtained":["PaintedHorse:ReiMu"],"max_hp_gain":0,"max_hp_loss":0,"event_name":"yidonshenshe","floor":4,"gold_loss":40},{"damage_healed":0,"gold_gain":0,"player_choice":"Trade","damage_taken":0,"relics_obtained":["NlothsMask"],"max_hp_gain":0,"max_hp_loss":0,"event_name":"FaceTrader","floor":7,"gold_loss":0},{"damage_healed":0,"gold_gain":0,"player_choice":"Read","damage_taken":0,"max_hp_gain":0,"max_hp_loss":0,"event_name":"The Library","floor":19,"gold_loss":0,"cards_obtained":["Berserk"]},{"damage_healed":0,"gold_gain":0,"player_choice":"Upgraded","damage_taken":0,"max_hp_gain":0,"max_hp_loss":0,"event_name":"Upgrade Shrine","floor":20,"gold_loss":0,"cards_upgraded":["Combust"]}],"is_beta":false,"boss_relics":[{"not_picked":["Runic Dome","reliquary:Craggleroot"],"picked":"Tiny House"}],"items_purged_floors":[],"is_endless":false,"potions_floor_spawned":[1,10,12,14,18,22,25],"killed_by":"Chosen and Byrds","ascension_level":1}}