{"host":"j4nfyhit1dl35m08","time":1612247626,"event":{"mods":["BaseMod","Downfall","Highlight Path","Minty Spire (QoL Compilation)","StSLib"],"gold_per_floor":[99,113,126,138,138,151,151,216,216,229,404,479,490,508,519,519,519,519],"floor_reached":16,"language":"ENG","playtime":1381,"items_purged":[],"score":96,"play_id":"9a27286c-5463-47ac-bb27-fcc91bbedc2e","local_time":"20210202003346","is_ascension_mode":false,"campfire_choices":[{"data":"bronze:Goto","floor":1,"key":"SMITH"},{"floor":9,"key":"REST"}],"circlet_count":0,"master_deck":["bronze:Strike","bronze:Strike","bronze:Strike","bronze:Strike","bronze:Defend","bronze:Defend","bronze:Defend","bronze:Defend","bronze:Replicate","bronze:Goto+1","Injury","bronze:Format","bronze:Iterate","bronze:Optimize","bronze:HyperBeam","bronze:Spike","bronze:FineTuning","bronze:Flail","bronze:Deprecate","bronze:Iterate","Doubt","bronze:Philosophize","bronze:Branch","bronze:Fortify"],"relics":["bronze:BronzeCore","Matryoshka","Tiny Chest"],"acts_visited":["Exordium"],"potions_floor_usage":[13,14,15,16,16],"damage_taken":[{"damage":1,"enemies":"Jaw Worm","floor":2,"turns":4},{"damage":9,"enemies":"2 Louse","floor":3,"turns":3},{"damage":6,"enemies":"Cultist","floor":4,"turns":3},{"damage":38,"enemies":"Cultist","floor":5,"turns":8},{"damage":6,"enemies":"3 Louse","floor":6,"turns":3},{"damage":8,"enemies":"3 Sentries","floor":8,"turns":4},{"damage":12,"enemies":"Exordium Wildlife","floor":10,"turns":5},{"damage":7,"enemies":"Exordium Thugs","floor":13,"turns":4},{"damage":0,"enemies":"Blue Slaver","floor":14,"turns":3},{"damage":1,"enemies":"Large Slime","floor":15,"turns":5},{"damage":12,"enemies":"WA_ARCHETYPE_RETAIN","floor":16,"turns":5}],"seed_played":"2390384863948832790","potions_obtained":[{"floor":2,"key":"GamblersBrew"},{"floor":5,"key":"Weak Potion"},{"floor":12,"key":"downfall:CursedFountainPotion"},{"floor":14,"key":"bronze:FreeFunctionsPotion"},{"floor":15,"key":"DuplicationPotion"}],"is_trial":false,"path_per_floor":["R","M","M","M","?","M","T","?","R","M","?","?","M","M","M","B"],"character_chosen":"THE_AUTOMATON","items_purchased":[],"campfire_rested":1,"item_purchase_floors":[],"current_hp_per_floor":[70,69,60,54,16,10,10,2,23,11,11,11,4,4,3,0,0,0],"gold":519,"neow_bonus":"THREE_RARE_CARDS","is_daily":false,"chose_seed":false,"campfire_upgraded":1,"win_rate":0.0,"timestamp":1612247626,"path_taken":["R","M","M","M","?","M","T","?","R","M","?","?","M","?","M","BOSS"],"items_purchased_type":[],"build_version":"2020-12-22","purchased_purges":0,"victory":false,"max_hp_per_floor":[70,70,70,70,70,70,70,70,70,70,70,70,70,70,70,70,70,70],"card_choices":[{"not_picked":["bronze:RecursiveStrike","bronze:Verify"],"picked":"bronze:Format","floor":0},{"not_picked":["bronze:OilSpill","bronze:BitShift"],"picked":"bronze:Iterate","floor":2},{"not_picked":["bronze:BuggyMess","bronze:Frontload"],"picked":"bronze:Optimize","floor":3},{"not_picked":["bronze:Shield","bronze:Deprecate"],"picked":"bronze:HyperBeam","floor":4},{"not_picked":[],"picked":"bronze:Spike","floor":5},{"not_picked":["bronze:DarkDash","bronze:DigitalCarnage"],"picked":"bronze:FineTuning","floor":5},{"not_picked":["bronze:BronzeArmor","bronze:BugBarrage"],"picked":"bronze:Flail","floor":6},{"not_picked":["bronze:CutThrough","bronze:BitShift"],"picked":"bronze:Deprecate","floor":8},{"not_picked":["bronze:Format","bronze:Shield"],"picked":"bronze:Iterate","floor":10},{"not_picked":["bronze:OilSpill","bronze:WildBeam"],"picked":"bronze:Philosophize","floor":13},{"not_picked":["bronze:Frontload","bronze:DelayedGuard"],"picked":"bronze:Branch","floor":14},{"not_picked":["bronze:DelayedSlice","bronze:Branch"],"picked":"bronze:Fortify","floor":15}],"player_experience":356775,"relics_obtained":[{"floor":7,"key":"Matryoshka"}],"event_choices":[],"is_beta":false,"boss_relics":[],"items_purged_floors":[],"is_endless":false,"potions_floor_spawned":[2,5,14,15],"killed_by":"WA_ARCHETYPE_RETAIN","ascension_level":0}}