{"host":"ibckqdmmf9y74ymf","time":1612309860,"event":{"mods":["2.2 Compatiblity","BaseMod","Colored Map","Curses Come First","Highlight Path","Minty Spire (QoL Compilation)","Quick Restart","Rare Cards Sparkle","Relic Stats","StSLib"],"gold_per_floor":[111,121,121,138,152,152,152,152],"floor_reached":7,"language":"ENG","playtime":316,"items_purged":[],"score":85,"play_id":"fe06f5f4-1ada-4962-8467-84b26279d864","local_time":"20210203005100","is_ascension_mode":true,"campfire_choices":[{"data":"Neutralize","floor":6.0,"key":"SMITH"}],"circlet_count":0,"master_deck":["AscendersBane","Strike_G","Strike_G","Strike_G","Strike_G","Strike_G","Defend_G","Defend_G","Defend_G","Defend_G","Defend_G","Survivor","Neutralize+1","Choke","Calculated Gamble","Footwork","Flying Knee"],"relics":["Ring of the Snake","FossilizedHelix","Spirit Poop"],"acts_visited":["Exordium"],"potions_floor_usage":[],"damage_taken":[{"damage":17.0,"enemies":"Jaw Worm","floor":1.0,"turns":8.0},{"damage":0.0,"enemies":"Cultist","floor":2.0,"turns":3.0},{"damage":0.0,"enemies":"2 Louse","floor":4.0,"turns":2.0},{"damage":0.0,"enemies":"Large Slime","floor":5.0,"turns":10.0},{"damage":0,"enemies":"3 Sentries","floor":7,"turns":1}],"seed_played":"-6661967010768940343","potions_obtained":[{"floor":2.0,"key":"Dexterity Potion"},{"floor":4.0,"key":"Energy Potion"}],"is_trial":false,"path_per_floor":["M","M","?","M","M","R","E"],"character_chosen":"THE_SILENT","items_purchased":[],"campfire_rested":0,"item_purchase_floors":[],"current_hp_per_floor":[42,42,42,42,42,42,42,42],"gold":152,"neow_bonus":"ONE_RARE_RELIC","is_daily":false,"chose_seed":false,"campfire_upgraded":1,"win_rate":0.0,"timestamp":1612309860,"path_taken":["M","M","?","M","?","R","E"],"items_purchased_type":[],"build_version":"2020-12-22","purchased_purges":0,"victory":false,"max_hp_per_floor":[66,66,66,66,66,66,66,66],"relic_stats":{"counters":[5,23],"obtain_stats":[{"Spirit Poop":3,"FossilizedHelix":0,"Ring of the Snake":0},{"Spirit Poop":2,"FossilizedHelix":0,"Ring of the Snake":0},{"Spirit Poop":11,"FossilizedHelix":0,"Ring of the Snake":0}],"Ring of the Snake":[8]},"card_choices":[{"not_picked":["Blur","Distraction"],"picked":"Choke","floor":1.0},{"not_picked":["Choke","Outmaneuver"],"picked":"Calculated Gamble","floor":2.0},{"not_picked":["Predator","Cloak And Dagger"],"picked":"Footwork","floor":4.0},{"not_picked":["Heel Hook","Catalyst"],"picked":"Flying Knee","floor":5.0}],"player_experience":674839,"relics_obtained":[],"event_choices":[{"cards_removed":["Decay"],"damage_healed":0.0,"max_hp_gain":0.0,"max_hp_loss":0.0,"gold_gain":0.0,"event_name":"Bonfire Elementals","player_choice":"Offered Curse","floor":3.0,"gold_loss":0.0,"damage_taken":0.0,"relics_obtained":["Spirit Poop"]}],"is_beta":false,"boss_relics":[],"items_purged_floors":[],"is_endless":false,"potions_floor_spawned":[2,4],"killed_by":"3 Sentries","ascension_level":20}}