{"host":"kdt6w7ix8lwe69i9","time":1612285242,"event":{"mods":["100% Spire Juice","BaseMod","ChefMod","Evolution","Minty Spire (QoL Compilation)","Poor People Problems","Reimu（博丽灵梦）","Robot Space Explorer","Shade Mod","StSLib","The Gatherer","TheSurvivalist"],"gold_per_floor":[119,294,294,306,268,306,318,359,397,484,513,544,569,595,607,724,736,762,734,671,683,141,175,175,73,97,97,21,21,36,56,56,153,153,169,0,50,61,61,90,90,101,126,144,156,156,156,188,188,188,188,188,37,67,67,67,67],"floor_reached":55,"language":"ENG","playtime":6664,"items_purged":["Gatherer:QuickSynthesis"],"score":701,"play_id":"ebbf919d-e327-4d63-9f91-55c10090c4b8","local_time":"20210202120042","is_ascension_mode":false,"metric_token":785,"campfire_choices":[{"data":"Gatherer:FlowerWhip","floor":7.0,"key":"SMITH"},{"floor":15.0,"key":"REST"},{"data":"Apotheosis","floor":24.0,"key":"SMITH"},{"floor":27.0,"key":"RECALL"},{"data":"Gatherer:FlowerWhip+1","floor":32.0,"key":"SMITH"},{"data":"Gatherer:FlowerWhip+2","floor":41,"key":"SMITH"},{"floor":46,"key":"REST"},{"floor":49,"key":"REST"},{"data":"Gatherer:FlowerShield","floor":52,"key":"SMITH"}],"circlet_count":0,"master_deck":["Gatherer:Strike_Gatherer","Gatherer:Strike_Gatherer","Gatherer:Strike_Gatherer","Gatherer:Strike_Gatherer","Gatherer:Defend_Gatherer+1","Gatherer:Defend_Gatherer","Gatherer:Defend_Gatherer+1","Gatherer:Defend_Gatherer","Gatherer:Defend_Gatherer","Gatherer:Centralize","Gatherer:FlowerWhip+3","Gatherer:MiningStrike","Gatherer:MiningStrike","Gatherer:Liquidism","Gatherer:FlowerShield","Gatherer:RottenStipe","Gatherer:BambuSword","Gatherer:RottenStipe","ZunPunch:ReiMu","Apotheosis+1","Gatherer:QuickSynthesis","Gatherer:TacticalStrike","Gatherer:FlowerShield+1","Gatherer:ScrollOfWall+1","Gatherer:Duplicator","Gatherer:DrugPower","Gatherer:EchoOfNature","Gatherer:FlowerShield+1","Gatherer:Enchant","Gatherer:MindSearch","Gatherer:ScrollOfWall","Gatherer:FragileHammer+1","Gatherer:FlowerFalling","Gatherer:FragileHammer","Gatherer:ScentOfRosmari","Gatherer:FlowerFalling+1","Gatherer:TreeGrowth+1","Parasite","Gatherer:Pollute+1","Gatherer:GlowingPlant","Gatherer:Shadow","Gatherer:Light","Gatherer:TacticalStrike+1"],"relics":["Gatherer:MiracleBag","EVO:Axolotl","NeowsBlessing","MawBank","War Paint","Akabeko","Toy Ornithopter","Black Star","MutagenicStrength","PreservedInsect","Gremlin Horn","White Beast Statue","Pear","Red Mask","Dead Branch","Darkstone Periapt","Thread and Needle","Blood Vial","Orichalcum","Ancient Tea Set","Oddly Smooth Stone","Lizard Tail"],"acts_visited":["Exordium","TheCity","TheBeyond","TheEnding"],"potions_floor_usage":[37,37,37,37,38,38,40,40,40,42,42,42,44,44,48,48,54,54,54,54,55,55,55,55,55,55],"damage_taken":[{"damage":0.0,"enemies":"Jaw Worm","floor":1.0,"turns":1.0},{"damage":0.0,"enemies":"Lagavulin","floor":6.0,"turns":1.0},{"damage":0.0,"enemies":"3 Sentries","floor":8.0,"turns":1.0},{"damage":0.0,"enemies":"2 Louse","floor":11.0,"turns":2.0},{"damage":7.0,"enemies":"Small Slimes","floor":12.0,"turns":3.0},{"damage":0.0,"enemies":"2 Fungi Beasts","floor":13.0,"turns":3.0},{"damage":7.0,"enemies":"Blue Slaver","floor":14.0,"turns":2.0},{"damage":35.0,"enemies":"Hexaghost","floor":16.0,"turns":9.0},{"damage":0.0,"enemies":"Spheric Guardian","floor":18.0,"turns":3.0},{"damage":14.0,"enemies":"Gremlin Leader","floor":23.0,"turns":5.0},{"damage":2.0,"enemies":"Shell Parasite","floor":30.0,"turns":4.0},{"damage":18.0,"enemies":"Centurion and Healer","floor":31.0,"turns":3.0},{"damage":18.0,"enemies":"Collector","floor":33.0,"turns":6.0},{"damage":23,"enemies":"3 Shapes","floor":35,"turns":3},{"damage":13,"enemies":"Mind Bloom Boss Battle","floor":37,"turns":9},{"damage":0,"enemies":"Orb Walker","floor":38,"turns":2},{"damage":11,"enemies":"Nemesis","floor":40,"turns":5},{"damage":113,"enemies":"Maw","floor":42,"turns":12},{"damage":0,"enemies":"Sphere and 2 Shapes","floor":44,"turns":5},{"damage":13,"enemies":"Writhing Mass","floor":45,"turns":7},{"damage":112,"enemies":"Giant Head","floor":48,"turns":13},{"damage":0,"enemies":"TheAcolyte","floor":50,"turns":1},{"damage":32,"enemies":"Shield and Spear","floor":54,"turns":4},{"damage":154,"enemies":"The Heart","floor":55,"turns":8}],"seed_played":"-8774488863229071878","potions_obtained":[{"floor":1.0,"key":"EntropicBrew"},{"floor":6.0,"key":"Poison Potion"},{"floor":11.0,"key":"SpeedPotion"},{"floor":16.0,"key":"MagicPotion:ReiMu"},{"floor":18.0,"key":"LiquidMemories"},{"floor":23.0,"key":"MagicPotion:ReiMu"},{"floor":30.0,"key":"BottledMiracle"},{"floor":31.0,"key":"EntropicBrew"},{"floor":35,"key":"LiquidBronze"},{"floor":37,"key":"EntropicBrew"},{"floor":38,"key":"Explosive Potion"},{"floor":40,"key":"GamblersBrew"},{"floor":42,"key":"Ancient Potion"},{"floor":44,"key":"BloodPotion"},{"floor":45,"key":"EssenceOfSteel"},{"floor":48,"key":"GamblersBrew"},{"floor":54,"key":"PowerPotion"}],"is_trial":false,"path_per_floor":["M","?","?","$","?","E","R","E","T","?","M","M","M","M","R","B",null,"M","?","?","?","$","E","R","$","T","R","$","T","M","M","R","B",null,"M","?","?","M","?","E","R","M","T","M","M","R","?","E","R","B",null,"R","$","E","B"],"character_chosen":"THE_GATHERER","items_purchased":["PreservedInsect","Apotheosis","Gatherer:QuickSynthesis","Gatherer:TacticalStrike","Gatherer:FlowerShield","Fruit Juice","Gatherer:Duplicator","Gatherer:DrugPower","Gatherer:EchoOfNature","Gatherer:GlowingPlant"],"campfire_rested":3,"item_purchase_floors":[22,22,22,22,22,22,25,25,28,53],"current_hp_per_floor":[72,72,72,72,72,72,72,72,72,61,61,54,54,47,68,51,72,72,72,72,72,77,67,67,67,67,67,67,77,80,62,62,59,87,64,64,71,81,81,76,76,1,1,31,26,55,55,29,58,60,98,98,98,71,0,0,0],"gold":67,"neow_bonus":"THREE_ENEMY_KILL","is_daily":false,"chose_seed":false,"campfire_upgraded":5,"win_rate":0.0,"timestamp":1612285242,"path_taken":["M","?","?","$","?","E","R","E","T","?","M","M","M","M","R","BOSS","M","?","?","?","$","E","R","?","T","R","?","?","?","M","R","BOSS","M","?","?","M","?","E","R","?","T","M","M","R","?","E","R","BOSS","R","$","E","BOSS"],"items_purchased_type":["Relic","Card","Card","Card","Card","Potion","Card","Card","Card","Card"],"build_version":"2020-12-22","purchased_purges":1,"victory":false,"max_hp_per_floor":[72,72,72,72,72,72,72,72,72,72,72,72,72,72,72,72,72,72,72,72,72,77,77,77,77,77,77,77,87,87,87,87,87,87,87,87,87,87,87,87,87,92,92,92,98,98,98,98,98,98,98,98,98,98,98,98,98],"card_choices":[{"not_picked":["Gatherer:AcidicSpray","Gatherer:FlowerPower"],"picked":"Gatherer:MiningStrike","floor":1.0},{"not_picked":["Gatherer:Nutrients","Gatherer:CarefulStrike"],"picked":"Gatherer:MiningStrike","floor":6.0},{"not_picked":["Gatherer:FlowerFalling","Gatherer:SaveValuables"],"picked":"Gatherer:Liquidism","floor":8.0},{"not_picked":["Gatherer:PotentialSlash","Gatherer:FruitForce"],"picked":"Gatherer:FlowerShield","floor":11.0},{"not_picked":["Gatherer:Herbalism","Gatherer:FragileHammer"],"picked":"Gatherer:RottenStipe","floor":12.0},{"not_picked":["Gatherer:Solidify","Gatherer:ScherryThrow"],"picked":"Gatherer:QuickSynthesis","floor":13.0},{"not_picked":["Gatherer:Snatch","Gatherer:QuickSynthesis"],"picked":"Gatherer:BambuSword","floor":14.0},{"not_picked":["Gatherer:FlamingBottle","Gatherer:StoneFence"],"picked":"Gatherer:PoisonMastery","floor":16.0},{"not_picked":["Gatherer:WitheringStrike","Gatherer:GatherMaterial+1"],"picked":"Gatherer:RottenStipe","floor":18.0},{"not_picked":["Gatherer:StoneFence","Gatherer:Duality"],"picked":"Gatherer:ScrollOfWall+1","floor":23.0},{"not_picked":["Gatherer:SaveValuables+1","Gatherer:Duplicator"],"picked":"Gatherer:FlowerShield+1","floor":30.0},{"not_picked":["Gatherer:CarefulStrike","Gatherer:TacticalStrike"],"picked":"Gatherer:Enchant","floor":31.0},{"not_picked":["Gatherer:Bulldoze","Gatherer:HeartToFruit"],"picked":"Gatherer:MindSearch","floor":33.0},{"not_picked":["Gatherer:Snatch+1","Gatherer:Pollute+1"],"picked":"Gatherer:ScrollOfWall","floor":35},{"not_picked":["Gatherer:FlowerShield","Gatherer:SealedBomb"],"picked":"Gatherer:FragileHammer+1","floor":37},{"not_picked":["Gatherer:ScentOfRosmari","Gatherer:ScherryThrow+1"],"picked":"Gatherer:FlowerFalling","floor":38},{"not_picked":["Gatherer:Herbalism","Gatherer:Duplicator"],"picked":"Gatherer:ScentOfRosmari","floor":40},{"not_picked":["Gatherer:RecipeChange+1","Gatherer:Frenzy"],"picked":"Gatherer:FlowerFalling+1","floor":42},{"not_picked":["Gatherer:GatherMaterial","Gatherer:RecipeChange"],"picked":"Gatherer:TreeGrowth+1","floor":44},{"not_picked":["Gatherer:Convert","Gatherer:SaveValuables+1","Gatherer:GatherMaterial+1"],"picked":"SKIP","floor":45},{"not_picked":["Gatherer:QuickSynthesis+1","Gatherer:AlchemyTrial"],"picked":"Gatherer:Pollute+1","floor":48},{"not_picked":["Gatherer:EnergyBasket","Gatherer:Duality"],"picked":"Gatherer:TacticalStrike+1","floor":54}],"player_experience":1163640,"relics_obtained":[{"floor":6.0,"key":"War Paint"},{"floor":8.0,"key":"Akabeko"},{"floor":9.0,"key":"Toy Ornithopter"},{"floor":23.0,"key":"Gremlin Horn"},{"floor":23.0,"key":"White Beast Statue"},{"floor":29.0,"key":"Pear"},{"floor":37,"key":"Dead Branch"},{"floor":40,"key":"Darkstone Periapt"},{"floor":40,"key":"Thread and Needle"},{"floor":43,"key":"Blood Vial"},{"floor":48,"key":"Orichalcum"},{"floor":48,"key":"Ancient Tea Set"},{"floor":54,"key":"Oddly Smooth Stone"},{"floor":54,"key":"Lizard Tail"}],"event_choices":[{"damage_healed":0.0,"max_hp_gain":0.0,"max_hp_loss":0.0,"gold_gain":175.0,"event_name":"Liars Game","player_choice":"AGREE","floor":2.0,"gold_loss":0.0,"damage_taken":0.0,"cards_obtained":["Doubt"]},{"damage_healed":0.0,"max_hp_gain":0.0,"max_hp_loss":0.0,"gold_gain":0.0,"event_name":"Big Fish","player_choice":"Box","floor":3.0,"gold_loss":0.0,"damage_taken":0.0,"relics_obtained":["MawBank"],"cards_obtained":["Regret"]},{"cards_removed":["Regret"],"damage_healed":0.0,"max_hp_gain":0.0,"max_hp_loss":0.0,"gold_gain":0.0,"event_name":"The Cleric","player_choice":"Card Removal","floor":5.0,"gold_loss":50.0,"damage_taken":0.0},{"damage_healed":0.0,"max_hp_gain":0.0,"max_hp_loss":0.0,"gold_gain":75.0,"event_name":"World of Goop","player_choice":"Gather Gold","floor":10.0,"gold_loss":0.0,"damage_taken":11.0},{"damage_healed":0.0,"max_hp_gain":0.0,"max_hp_loss":0.0,"gold_gain":0.0,"event_name":"ZunEvent","player_choice":"Hand rover O-miki","floor":19.0,"relics_lost":["ZunR:ReiMu"],"gold_loss":0.0,"damage_taken":0.0,"cards_obtained":["ZunPunch:ReiMu"]},{"cards_removed":["Doubt"],"damage_healed":0.0,"max_hp_gain":0.0,"max_hp_loss":0.0,"gold_gain":0.0,"event_name":"Beggar","player_choice":"Gave Gold","floor":20.0,"gold_loss":75.0,"damage_taken":0.0},{"damage_healed":0.0,"max_hp_gain":0.0,"max_hp_loss":0.0,"gold_gain":0.0,"event_name":"Drug Dealer","player_choice":"Inject Mutagens","floor":21.0,"gold_loss":0.0,"damage_taken":0.0,"relics_obtained":["MutagenicStrength"]},{"damage_healed":0,"gold_gain":0,"player_choice":"Paid","damage_taken":0,"relics_obtained":["Red Mask"],"max_hp_gain":0,"max_hp_loss":0,"event_name":"Tomb of Lord Red Mask","floor":36,"gold_loss":169},{"damage_healed":0,"gold_gain":0,"player_choice":"Fight","damage_taken":0,"max_hp_gain":0,"max_hp_loss":0,"event_name":"MindBloom","floor":37,"gold_loss":0},{"damage_healed":0,"gold_gain":0,"cards_transformed":["Gatherer:PoisonMastery"],"player_choice":"Transformed","damage_taken":0,"max_hp_gain":0,"max_hp_loss":0,"event_name":"Transmorgrifier","floor":39,"gold_loss":0,"cards_obtained":["Gatherer:FragileHammer"]},{"cards_removed":["Gatherer:Strike_Gatherer"],"damage_healed":0,"gold_gain":0,"player_choice":"Removed Attack","damage_taken":0,"max_hp_gain":0,"max_hp_loss":0,"event_name":"Falling","floor":47,"gold_loss":0}],"is_beta":false,"boss_relics":[{"not_picked":["Pandora\u0027s Box","Empty Cage"],"picked":"Black Star"},{"not_picked":["SlaversCollar","Runic Dome"],"picked":"Gatherer:MiracleBag"}],"items_purged_floors":[53],"is_endless":false,"potions_floor_spawned":[1,6,11,16,18,23,30,31,33,35,37,38,40,42,44,45,48,54],"killed_by":"The Heart","ascension_level":0}}