{"host":"6dypmz777xraikqf","time":1612263485,"event":{"mods":["AchievementEnabler","BaseMod","BetterRewards","Colored Map","Colored Powertips","Downfall","Highlight Path","Hubris","Infinite Spire","Minty Spire (QoL Compilation)","Replay The Spire","StSLib"],"gold_per_floor":[111,129,148,323,54,70,70,97,176,187,221,221,252,269,269,369,369,389,217,234,234,249,281,281,311,338,367,367,386,396,31,31,135,135,153,153,171,191,211,211,221,250,301,301,313,313,313,56,56,155,155,155],"floor_reached":51,"language":"ENG","playtime":3121,"items_purged":["Strike_B","Defend_B","Strike_B","Strike_B","Defend_B","Doubt","Defend_B"],"score":1487,"play_id":"2f095728-110c-455a-8d71-13348610b2be","local_time":"20210202105805","is_ascension_mode":true,"campfire_choices":[{"data":"1","floor":7,"key":"LIFT"},{"data":"2","floor":15,"key":"LIFT"},{"data":"3","floor":24,"key":"LIFT"},{"data":"Genetic Algorithm","floor":28,"key":"SMITH"},{"data":"infinitespire:NeuralNetwork","floor":40,"key":"SMITH"},{"data":"Reprogram","floor":46,"key":"SMITH"},{"floor":49,"key":"REST"}],"circlet_count":0,"master_deck":["Strike_B+1","Zap+1","Dualcast+1","Scrape+1","Steam+1","Gash+1","hubris:EnhanceAbility+1","Scrape+1","Survey Options+1","Go for the Eyes+1","FTL+1","Turbo+1","Leap+1","Steam+1","Beam Cell+1","FTL+1","Hyperbeam+1","ReplayTheSpireMod:Brewmster+1","Streamline+1","Genetic Algorithm+1","Reprogram+1","Gash+1","Gash+1","Chrysalis+1","Crow Ritual+1","Survey Options+1","ReplayTheSpireMod:Trickstab+1","Biased Cognition+1","AbeCurse","Skim+1","infinitespire:NeuralNetwork+1","infinitespire:TheBestDefense+1","Skim+1","Beam Cell+1","Gash+1","BootSequence+1","Capacitor+1","infinitespire:Collect+1","White Noise+1","Double Energy+1","Aggregate+1","Aggregate+1","Seek+1"],"relics":["Cracked Core","Girya","BargainBundle","Replay:Antivirus Software","Gambling Chip","hubris:MedicalManual","hubris:Potato","hubris:Spice","Molten Egg 2","StrikeDummy","Carrot","Centennial Puzzle","hubris:Towel","Nuclear Battery","Mango","Pocketwatch","BranchBurnRelic","ReplayTheSpireMod:ShopPack","Prayer Wheel","Abe\u0027s Treasure","Toxic Egg 2","Replay:Baseball","hubris:Icosahedron","Mark of the Bloom","infinitespire:PuzzleCube","Fusion Hammer"],"acts_visited":["Exordium","TheCity","TheBeyond","Exordium"],"potions_floor_usage":[8,13,16,22,22,27,33,33,38,41,41,42,42,42,42,45,45,45,50],"damage_taken":[{"damage":0,"enemies":"2 Louse","floor":1,"turns":2},{"damage":0,"enemies":"Small Slimes","floor":2,"turns":2},{"damage":0,"enemies":"Jaw Worm","floor":3,"turns":2},{"damage":0,"enemies":"Lots of Slimes","floor":6,"turns":2},{"damage":0,"enemies":"3 Sentries","floor":8,"turns":3},{"damage":0,"enemies":"Gremlin Gang","floor":10,"turns":2},{"damage":0,"enemies":"Gremlin Nob","floor":11,"turns":2},{"damage":0,"enemies":"Lagavulin","floor":13,"turns":2},{"damage":0,"enemies":"Exordium Thugs","floor":14,"turns":1},{"damage":0,"enemies":"Hexaghost","floor":16,"turns":4},{"damage":0,"enemies":"Chosen","floor":18,"turns":2},{"damage":0,"enemies":"Spheric Guardian","floor":20,"turns":1},{"damage":1,"enemies":"Centurion and Healer","floor":22,"turns":8},{"damage":0,"enemies":"Replay:Snechameleon","floor":23,"turns":3},{"damage":0,"enemies":"Slavers","floor":25,"turns":1},{"damage":14,"enemies":"Gremlin Leader","floor":27,"turns":3},{"damage":0,"enemies":"Cultist and Chosen","floor":29,"turns":3},{"damage":0,"enemies":"Snecko","floor":30,"turns":2},{"damage":27,"enemies":"Collector","floor":33,"turns":3},{"damage":0,"enemies":"Orb Walker","floor":35,"turns":2},{"damage":0,"enemies":"3 Shapes","floor":37,"turns":1},{"damage":0,"enemies":"Transient","floor":38,"turns":5},{"damage":4,"enemies":"Maw","floor":39,"turns":4},{"damage":31,"enemies":"Writhing Mass","floor":41,"turns":3},{"damage":1,"enemies":"Nightmare","floor":42,"turns":8},{"damage":0,"enemies":"Spire Growth","floor":45,"turns":2},{"damage":0,"enemies":"hubris:GrandSnecko","floor":50,"turns":3}],"seed_played":"4239988196088909115","potions_obtained":[{"floor":3,"key":"AttackPotion"},{"floor":10,"key":"Dexterity Potion"},{"floor":13,"key":"Explosive Potion"},{"floor":14,"key":"Guardian:BlockOnCardUsePotion"},{"floor":18,"key":"Slimebound:ThreeZeroPotion"},{"floor":25,"key":"Strength Potion"},{"floor":33,"key":"PowerPotion"},{"floor":35,"key":"Dexterity Potion"},{"floor":41,"key":"Adrenaline Potion"},{"floor":42,"key":"Energy Potion"},{"floor":45,"key":"Slimebound:ThreeZeroPotion"}],"is_trial":false,"path_per_floor":["M","M","M","?","$","M","R","E","T","M","E","?","E","M","R","B",null,"M","$","M","?","M","E","R","E","T","E","R","M","M","$","R_BF","B",null,"M","AVR","M","M","M","R","M","NM","T","?","M","R","?","$","R","B",null],"character_chosen":"DEFECT","items_purchased":["BargainBundle","Replay:Antivirus Software","Dexterity Potion","Dexterity Potion","ColorlessPotion","Scrape","Steam","Gash","hubris:Potato","hubris:EnhanceAbility","Molten Egg 2","Scrape+1","Survey Options","FTL+1","ReplayTheSpireMod:Brewmster","Gash+1","Chrysalis","ReplayTheSpireMod:ShopPack","Aggregate+1","infinitespire:PuzzleCube","Swift Potion"],"campfire_rested":1,"item_purchase_floors":[0,0,0,0,0,0,0,0,0,0,0,0,0,5,19,31,31,31,48,48,48],"current_hp_per_floor":[67,67,67,67,67,67,67,67,67,67,67,67,75,75,75,75,91,91,91,91,91,83,97,97,97,89,75,75,84,84,84,84,62,89,89,89,89,89,85,85,58,57,57,57,57,57,57,57,57,57,57,57],"gold":155,"neow_bonus":"","is_daily":false,"chose_seed":false,"campfire_upgraded":3,"win_rate":0.0,"timestamp":1612263485,"path_taken":["M","M","M","?","$","M","R","E","T","M","E","?","E","M","R","BOSS","M","$","M","?","M","E","R","E","T","E","R","?","?","$","R_BF","BOSS","M","AVR","M","M","M","R","M","NM","T","?","M","R","?","$","R","BOSS"],"items_purchased_type":["Relic","Relic","Potion","Potion","Potion","Card","Card","Card","Relic","Card","Relic","Card","Card","Card","Card","Card","Card","Relic","Card","Relic","Potion"],"build_version":"2020-12-22","purchased_purges":7,"victory":false,"max_hp_per_floor":[83,83,83,83,83,83,83,83,83,83,83,83,91,91,91,91,91,91,91,91,91,83,97,97,97,89,89,89,89,89,89,89,89,89,89,89,89,89,89,89,81,73,73,73,73,73,73,73,73,73,73,73],"card_choices":[{"not_picked":["Sunder+1","Stack","Compile Driver+1"],"picked":"SKIP","floor":1},{"not_picked":["hubris:PowerSurge","ReplayTheSpireMod:System Scan","hubris:Ukulele+1"],"picked":"SKIP","floor":2},{"not_picked":["Compile Driver+1","Redo"],"picked":"Go for the Eyes+1","floor":3},{"not_picked":["Stack","Recycle"],"picked":"Turbo","floor":6},{"not_picked":["Echo Form","Turbo","Panic Button"],"picked":"SKIP","floor":8},{"not_picked":["Conserve Battery","Panic Button"],"picked":"Leap","floor":10},{"not_picked":["BasicCrystalCard","Coolheaded"],"picked":"Steam","floor":11},{"not_picked":["Panic Button","Sunder+1"],"picked":"Beam Cell+1","floor":13},{"not_picked":["Stack","Go for the Eyes+1"],"picked":"FTL+1","floor":14},{"not_picked":["Amplify","hubris:SpiceAddiction"],"picked":"Hyperbeam+1","floor":16},{"not_picked":["Panic Button","Rebound+1","hubris:Ukulele+1"],"picked":"SKIP","floor":18},{"not_picked":["BasicCrystalCard","Turbo"],"picked":"Streamline+1","floor":20},{"not_picked":["Defragment","Beam Cell+1"],"picked":"hubris:SpiceAddiction","floor":22},{"not_picked":["Force Field","Echo Form"],"picked":"Genetic Algorithm","floor":23},{"not_picked":["Electrodynamics","Barrage+1","Conserve Battery+1"],"picked":"SKIP","floor":25},{"not_picked":["Electrodynamics","Barrage+1","Conserve Battery+1"],"picked":"SKIP","floor":25},{"not_picked":["Conserve Battery","hubris:SpiceAddiction"],"picked":"Reprogram","floor":27},{"not_picked":["Conserve Battery+1","Consume","Chill"],"picked":"SKIP","floor":29},{"not_picked":["Turbo+1","Heatsinks+1"],"picked":"Gash+1","floor":30},{"not_picked":["Secret Weapon","The Bomb"],"picked":"Crow Ritual","floor":31},{"not_picked":["Midas Touch","Replay:Bootleg Shield Generator"],"picked":"Survey Options","floor":31},{"not_picked":["Trip","Jack Of All Trades"],"picked":"ReplayTheSpireMod:Trickstab","floor":31},{"not_picked":["hubris:SpiceAddiction","White Noise+1"],"picked":"Skim+1","floor":35},{"not_picked":["hubris:PowerSurge","Compile Driver+1","Panic Button"],"picked":"SKIP","floor":35},{"not_picked":["Thunder Strike+1","Panic Button+1"],"picked":"Skim+1","floor":37},{"not_picked":["Rebound+1","Leap+1"],"picked":"Beam Cell+1","floor":37},{"not_picked":["hubris:SpiceAddiction","BasicCrystalCard+1"],"picked":"Gash+1","floor":38},{"not_picked":["BasicCrystalCard+1","Sweeping Beam+1","Doom and Gloom+1"],"picked":"SKIP","floor":38},{"not_picked":["Crystallizer","hubris:SpiceAddiction"],"picked":"BootSequence+1","floor":39},{"not_picked":["Compile Driver+1","Rebound+1","Chill+1"],"picked":"SKIP","floor":39},{"not_picked":["ReplayTheSpireMod:Calculation Training+1","Lockon+1"],"picked":"hubris:SpiceAddiction","floor":41},{"not_picked":["ReplayTheSpireMod:GoodbyeWorld","FIFO Queue+1"],"picked":"Capacitor","floor":41},{"not_picked":["ReplayTheSpireMod:Black Plague","ReplayTheSpireMod:Book of Names"],"picked":"infinitespire:Collect","floor":42},{"not_picked":["hubris:SpiceAddiction","Chill+1"],"picked":"White Noise+1","floor":42},{"not_picked":["Stack+1","Tempest+1"],"picked":"Double Energy+1","floor":45},{"not_picked":["Capacitor+1","Sweeping Beam+1","ReplayTheSpireMod:Repulse+1"],"picked":"SKIP","floor":45},{"not_picked":["hubris:SpiceAddiction","Reboot+1"],"picked":"Seek+1","floor":50}],"player_experience":186228,"relics_obtained":[{"floor":8,"key":"StrikeDummy"},{"floor":9,"key":"Carrot"},{"floor":11,"key":"Centennial Puzzle"},{"floor":13,"key":"hubris:Spice"},{"floor":23,"key":"Mango"},{"floor":25,"key":"Pocketwatch"},{"floor":26,"key":"hubris:Spice"},{"floor":27,"key":"Dead Branch"},{"floor":42,"key":"hubris:Spice"},{"floor":43,"key":"Replay:Baseball"}],"event_choices":[{"damage_healed":0,"gold_gain":175,"player_choice":"AGREE","damage_taken":0,"max_hp_gain":0,"max_hp_loss":0,"event_name":"Liars Game","floor":4,"gold_loss":0,"cards_obtained":["Doubt"]},{"damage_healed":0,"gold_gain":0,"player_choice":"Upgraded","damage_taken":0,"max_hp_gain":0,"max_hp_loss":0,"event_name":"Upgrade Shrine","floor":21,"gold_loss":0,"cards_upgraded":["ReplayTheSpireMod:Brewmster"]},{"damage_healed":0,"gold_gain":0,"player_choice":"Upgrade","damage_taken":0,"relics_obtained":["Mark of the Bloom"],"max_hp_gain":0,"max_hp_loss":0,"event_name":"MindBloom","floor":47,"gold_loss":0,"cards_upgraded":["Strike_B","Zap","Dualcast","Scrape","Steam","Gash","hubris:EnhanceAbility","Survey Options","Turbo","Leap","Steam","Chrysalis","Crow Ritual","Survey Options","Biased Cognition","Capacitor"]}],"is_beta":false,"boss_relics":[{"not_picked":["Replay:Grab Bag","Empty Cage"],"picked":"Nuclear Battery"},{"not_picked":["hubris:Spice","hubris:Spice"],"picked":"Abe\u0027s Treasure"},{"not_picked":["hubris:Spice","hubris:Spice"],"picked":"Fusion Hammer"}],"items_purged_floors":[0,0,0,0,0,5,36],"is_endless":true,"potions_floor_spawned":[3,10,13,14,18,25,27,29,33,35,41,42,45],"ascension_level":3}}