{"host":"k7udt7atmcuzf6l0","time":1612239865,"event":{"mods":["AchievementEnabler","BaseMod","BetterRewards","Colored Map","Colored Powertips","Highlight Path","Minty Spire (QoL Compilation)","Quick Restart","Rare Cards Sparkle","Relic Stats","StSLib","UnlockEverythingMod"],"gold_per_floor":[119,119,139,45,45,72,92,106,106,106,7,18,18,36,36,131,131,143,103,116,133,133,163,163,163,163],"floor_reached":25,"language":"ZHS","playtime":538,"items_purged":[],"score":248,"play_id":"dd7d3aa8-dab6-47fa-a88c-f0e4ff35d148","local_time":"20210202122425","is_ascension_mode":false,"campfire_choices":[{"data":"Inflame","floor":10,"key":"SMITH"},{"data":"Rupture","floor":13,"key":"SMITH"},{"data":"Armaments","floor":15,"key":"SMITH"},{"data":"Dual Wield","floor":24,"key":"SMITH"}],"circlet_count":0,"master_deck":["Strike_R","Strike_R","Strike_R","Strike_R","Strike_R","Defend_R","Defend_R","Defend_R","Bash","Inflame+1","Rupture+1","Clash","Dual Wield+1","Seeing Red","Warcry","Sword Boomerang","Armaments+1","Combust","Exhume","Infernal Blade+1","Headbutt","Twin Strike+1"],"relics":["Burning Blood","NeowsBlessing","Ancient Tea Set","Pantograph","Mercury Hourglass","Coffee Dripper","Meat on the Bone"],"acts_visited":["Exordium","TheCity"],"potions_floor_usage":[16,16,23,25],"damage_taken":[{"damage":0.0,"enemies":"Cultist","floor":1.0,"turns":1.0},{"damage":0.0,"enemies":"Small Slimes","floor":3.0,"turns":1.0},{"damage":0,"enemies":"3 Sentries","floor":6,"turns":2},{"damage":0,"enemies":"2 Louse","floor":7,"turns":2},{"damage":12,"enemies":"Blue Slaver","floor":8,"turns":2},{"damage":0,"enemies":"Red Slaver","floor":12,"turns":1},{"damage":6,"enemies":"Lots of Slimes","floor":14,"turns":2},{"damage":42,"enemies":"The Guardian","floor":16,"turns":5},{"damage":15,"enemies":"3 Byrds","floor":18,"turns":3},{"damage":7,"enemies":"Chosen","floor":20,"turns":3},{"damage":21,"enemies":"3 Cultists","floor":21,"turns":4},{"damage":45,"enemies":"Slavers","floor":23,"turns":4},{"damage":16,"enemies":"Chosen and Byrds","floor":25,"turns":4}],"seed_played":"-1649112014629579429","potions_obtained":[{"floor":1.0,"key":"PowerPotion"},{"floor":6,"key":"Ancient Potion"},{"floor":12,"key":"ElixirPotion"},{"floor":14,"key":"Dexterity Potion"},{"floor":20,"key":"DuplicationPotion"}],"is_trial":false,"path_per_floor":["M","T","M","$","?","E","M","M","T","R","$","M","R","M","R","B",null,"M","?","M","M","$","E","R","M"],"character_chosen":"IRONCLAD","items_purchased":["Clash","Dual Wield","Sword Boomerang","Armaments"],"campfire_rested":0,"item_purchase_floors":[4,4,11,11],"current_hp_per_floor":[80,80,80,80,80,80,80,74,74,74,74,80,80,80,80,44,80,71,71,70,55,55,16,16,0,0],"gold":163,"neow_bonus":"THREE_ENEMY_KILL","is_daily":false,"chose_seed":false,"campfire_upgraded":4,"win_rate":0.0,"timestamp":1612239865,"path_taken":["M","?","M","$","?","E","?","M","T","R","$","M","R","M","R","BOSS","M","?","?","M","$","E","R","M"],"items_purchased_type":["Card","Card","Card","Card"],"build_version":"2020-12-22","purchased_purges":0,"victory":false,"max_hp_per_floor":[80,80,80,80,80,80,80,80,80,80,80,80,80,80,80,80,80,80,80,80,80,80,80,80,80,80],"relic_stats":{"counters":[13,33],"Pantograph":0,"obtain_stats":[{"NeowsBlessing":0,"Pantograph":6,"Coffee Dripper":17,"Ancient Tea Set":2,"Burning Blood":0,"Mercury Hourglass":9,"Meat on the Bone":23},{"NeowsBlessing":0,"Pantograph":3,"Coffee Dripper":8,"Ancient Tea Set":1,"Burning Blood":0,"Mercury Hourglass":5,"Meat on the Bone":12},{"NeowsBlessing":0,"Pantograph":4,"Coffee Dripper":15,"Ancient Tea Set":1,"Burning Blood":0,"Mercury Hourglass":8,"Meat on the Bone":29}],"Burning Blood":48,"Mercury Hourglass":[139],"Meat on the Bone":0},"card_choices":[{"not_picked":["Shrug It Off","Armaments"],"picked":"Inflame","floor":1.0},{"not_picked":["Pommel Strike","Warcry"],"picked":"Rupture","floor":3.0},{"not_picked":["Wild Strike","Uppercut","Inflame"],"picked":"SKIP","floor":6},{"not_picked":["True Grit","Rage"],"picked":"Seeing Red","floor":7},{"not_picked":["Havoc","Flame Barrier"],"picked":"Warcry","floor":8},{"not_picked":["Infernal Blade","Reckless Charge"],"picked":"Combust","floor":12},{"not_picked":["Wild Strike","Warcry","Blood for Blood"],"picked":"SKIP","floor":14},{"not_picked":["Immolate","Fiend Fire"],"picked":"Exhume","floor":16},{"not_picked":["Thunderclap","Havoc"],"picked":"Infernal Blade","floor":18},{"not_picked":["Inflame","Power Through","Metallicize"],"picked":"SKIP","floor":20},{"not_picked":["Battle Trance","Iron Wave"],"picked":"Headbutt","floor":21},{"not_picked":["Body Slam","Shrug It Off"],"picked":"Twin Strike+1","floor":23}],"player_experience":34856,"relics_obtained":[{"floor":2.0,"key":"Ancient Tea Set"},{"floor":6,"key":"Pantograph"},{"floor":9,"key":"Mercury Hourglass"},{"floor":23,"key":"Meat on the Bone"}],"event_choices":[{"cards_removed":["Defend_R"],"damage_healed":0,"gold_gain":0,"player_choice":"Offered Basic","damage_taken":0,"max_hp_gain":0,"max_hp_loss":0,"event_name":"Bonfire Elementals","floor":5,"gold_loss":0},{"damage_healed":0,"gold_gain":0,"player_choice":"Upgrade","damage_taken":0,"max_hp_gain":0,"max_hp_loss":0,"event_name":"Designer","floor":19,"gold_loss":40,"cards_upgraded":["Infernal Blade"]}],"is_beta":false,"boss_relics":[{"not_picked":["Astrolabe","Empty Cage"],"picked":"Coffee Dripper"}],"items_purged_floors":[],"is_endless":false,"potions_floor_spawned":[1,6,12,14,20],"killed_by":"Chosen and Byrds","ascension_level":0}}