{"host":"4ih4fq53sefgqhvb","time":1612252734,"event":{"mods":["AchievementEnabler","Aspiration","Bard","BaseMod","BetterRewards","Colored Map","Colored Powertips","Conspire","Downfall","Googly Eyes","Hermit","Highlight Path","Hubris","Infinite Spire","Jedi Mod","Jorbs\u0027s Wanderer Trilogy","Marisa????????","Mimic Mod","Minty Spire (QoL Compilation)","Quick Restart","Relic Stats","Replay The Spire","Shop Mod","StSLib","The Animator","The Cursed","The Disciple","The Jungle","The Runesmith","The Servant 0.9.4"],"gold_per_floor":[99,112,123,123,133,152,205,225,325,125,136,136,6,33,46,141,141,141,158,158,158,184,204,244,244,244,244],"floor_reached":25,"language":"ENG","playtime":1805,"items_purged":[],"score":230,"play_id":"80b76c3b-3acb-4158-ac19-a1261676c612","local_time":"20210201235854","is_ascension_mode":false,"campfire_choices":[{"floor":1,"key":"RECALL"},{"floor":10,"key":"REST"},{"data":"hexamod:WildfireWeapon","floor":12,"key":"SMITH"},{"data":"hexamod:RainOfEmbers","floor":18,"key":"SMITH"}],"circlet_count":0,"master_deck":["hexamod:Strike","hexamod:Strike","hexamod:Strike","hexamod:Strike","hexamod:Defend","hexamod:Defend","hexamod:Defend","hexamod:Defend","hexamod:Sear","hexamod:Float","hexamod:PhantomFireball","hexamod:FourthSeal","hexamod:ExtraCrispy","hexamod:ThermalTransfer","hexamod:FastForward","hexamod:WildfireWeapon+1","hexamod:EmpoweredFlame","hexamod:ThirdSeal","hexamod:HeatCrush","hexamod:HeatMetal","hexamod:RainOfEmbers+1","hexamod:DynamicBlow","hexamod:PhantomFireball","hexamod:HeatMetal","hexamod:FifthSeal","hexamod:Toasty","hexamod:SecondSeal","hexamod:Hexaguard","hexamod:ThermalTransfer+1","hexamod:ChargedBarrage+1","hexamod:ThermalTransfer+1","hexamod:ThirdSeal","hexamod:RainOfEmbers","hexamod:Incineration+1","hexamod:SixthSeal","hexamod:ChargedBarrage","hexamod:HeatMetal"],"relics":["hexamod:SpiritBrand","downfall:HeartBlessingRed","downfall:HeartBlessingBlue","hubris:SphereOfDissonance","conspire:SpecialSausage","MealTicket","hubris:CrystalStatue"],"acts_visited":["Exordium","TheCity"],"potions_floor_usage":[6,6,8,16,19,25,25],"damage_taken":[{"damage":0,"enemies":"Cultist","floor":2,"turns":3},{"damage":2,"enemies":"Small Slimes","floor":3,"turns":4},{"damage":0,"enemies":"Jaw Worm","floor":5,"turns":3},{"damage":1,"enemies":"Exordium Wildlife","floor":6,"turns":5},{"damage":18,"enemies":"3 Louse","floor":8,"turns":4},{"damage":6,"enemies":"Large Slime","floor":11,"turns":6},{"damage":5,"enemies":"downfall:FleeingMerchant","floor":13,"turns":4},{"damage":20,"enemies":"Gremlin Nob","floor":14,"turns":5},{"damage":9,"enemies":"2 Fungi Beasts","floor":15,"turns":4},{"damage":40,"enemies":"DF_ARCHETYPE_STREAMLINE","floor":16,"turns":8},{"damage":52,"enemies":"Spheric Guardian","floor":19,"turns":7},{"damage":13,"enemies":"Centurion and Healer","floor":22,"turns":6},{"damage":10,"enemies":"Snecko","floor":23,"turns":5},{"damage":12,"enemies":"Snake Plant","floor":24,"turns":7},{"damage":68,"enemies":"Book of Stabbing","floor":25,"turns":4}],"seed_played":"-5562145576606122976","potions_obtained":[{"floor":3,"key":"LifebloodPotion"},{"floor":5,"key":"GamblersBrew"},{"floor":5,"key":"SpeedPotion"},{"floor":6,"key":"CultistPotion"},{"floor":8,"key":"Fire Potion"},{"floor":11,"key":"hexamod:DoubleChargePotion"},{"floor":14,"key":"FairyPotion"},{"floor":14,"key":"Regen Potion"},{"floor":16,"key":"bronze:BurnAndBuffPotion"},{"floor":16,"key":"Languid Potion"},{"floor":19,"key":"Elixir"}],"is_trial":false,"path_per_floor":["R","M","M","?","M","M","T","M","?","R","M","R","$","E","M","B",null,"R","M","?","?","M","M","MIM","E"],"character_chosen":"THE_SPIRIT","items_purchased":["hexamod:HeatCrush","hexamod:HeatMetal"],"campfire_rested":1,"item_purchase_floors":[13,13],"current_hp_per_floor":[70,70,68,70,70,69,69,51,51,80,74,74,69,49,40,15,80,80,28,28,54,41,31,19,0,0,0],"gold":244,"neow_bonus":"THREE_CARDS","is_daily":false,"chose_seed":false,"campfire_upgraded":2,"win_rate":0.0,"timestamp":1612252734,"path_taken":["R","M","M","?","?","?","T","M","?","R","M","R","?","E","M","BOSS","R","M","?","?","M","M","MIM","E"],"items_purchased_type":["Card","Card"],"build_version":"2020-12-22","purchased_purges":0,"victory":false,"max_hp_per_floor":[70,70,70,70,70,70,70,70,70,80,80,80,80,80,80,80,80,80,80,80,80,80,80,80,80,80,80],"relic_stats":{"counters":[15,75],"MealTicket":0,"obtain_stats":[{"hubris:CrystalStatue":24,"downfall:HeartBlessingRed":10,"downfall:HeartBlessingBlue":10,"hubris:SphereOfDissonance":14,"conspire:SpecialSausage":17,"MealTicket":20,"hexamod:SpiritBrand":0},{"hubris:CrystalStatue":14,"downfall:HeartBlessingRed":5,"downfall:HeartBlessingBlue":5,"hubris:SphereOfDissonance":8,"conspire:SpecialSausage":10,"MealTicket":11,"hexamod:SpiritBrand":0},{"hubris:CrystalStatue":71,"downfall:HeartBlessingRed":19,"downfall:HeartBlessingBlue":19,"hubris:SphereOfDissonance":34,"conspire:SpecialSausage":46,"MealTicket":53,"hexamod:SpiritBrand":0}]},"card_choices":[{"not_picked":["hexamod:CatchUp","hexamod:NightmareStrike"],"picked":"hexamod:PhantomFireball","floor":0},{"not_picked":["hexamod:BurningTouch","hexamod:Firestarter"],"picked":"hexamod:FourthSeal","floor":2},{"not_picked":["hexamod:SuperheatedStrike","hexamod:Firestarter"],"picked":"hexamod:ExtraCrispy","floor":3},{"not_picked":["hexamod:ShieldOfDarkness","hexamod:FourthSeal"],"picked":"hexamod:ThermalTransfer","floor":5},{"not_picked":["hexamod:SpectersWail","hexamod:HauntingEcho"],"picked":"hexamod:FastForward","floor":6},{"not_picked":["hexamod:BacktrackSmack","hexamod:SkipABeat"],"picked":"hexamod:WildfireWeapon","floor":8},{"not_picked":["hexamod:AdvancingGuard","hexamod:PhantomCloak"],"picked":"hexamod:EmpoweredFlame","floor":11},{"not_picked":["hexamod:FlamesFromBeyond","hexamod:NightmareStrike"],"picked":"hexamod:ThirdSeal","floor":13},{"not_picked":["hexamod:NightmareStrike","hexamod:UnlimitedPower"],"picked":"hexamod:RainOfEmbers","floor":14},{"not_picked":["hexamod:SpectralAdrenaline","hexamod:HauntingEcho"],"picked":"hexamod:DynamicBlow","floor":14},{"not_picked":["hexamod:NightmareGuise","hexamod:AdvancingGuard"],"picked":"hexamod:PhantomFireball","floor":15},{"not_picked":["hexamod:GhostOfSpirePast","hexamod:PhantomCloak"],"picked":"hexamod:HeatMetal","floor":15},{"not_picked":["hexamod:ParanormalForm","hexamod:UnleashSpirits"],"picked":"hexamod:FifthSeal","floor":16},{"not_picked":["hexamod:WildfireWeapon","hexamod:GhostOfSpirePresent"],"picked":"hexamod:Toasty","floor":16},{"not_picked":["hexamod:ThirdSeal","hexamod:FourthSeal"],"picked":"hexamod:SecondSeal","floor":19},{"not_picked":["hexamod:InspiringFlames","hexamod:SwordOfDarkness"],"picked":"hexamod:Hexaguard","floor":19},{"not_picked":["hexamod:PhantomFireball","hexamod:HeatMetal"],"picked":"hexamod:ThermalTransfer+1","floor":19},{"not_picked":["hexamod:NightmareStrike","hexamod:ThermalTransfer+1"],"picked":"hexamod:ChargedBarrage+1","floor":22},{"not_picked":["hexamod:NecessarySacrifice","hexamod:BacktrackSmack"],"picked":"hexamod:ThermalTransfer+1","floor":22},{"not_picked":["hexamod:SecondSeal","hexamod:FourthSeal"],"picked":"hexamod:ThirdSeal","floor":23},{"not_picked":["hexamod:Firestarter","hexamod:GhostShield"],"picked":"hexamod:RainOfEmbers","floor":23},{"not_picked":["hexamod:RadiantFlame","hexamod:ThirdSeal"],"picked":"hexamod:Incineration+1","floor":23},{"not_picked":["hexamod:ThirdSeal","hexamod:FourthSeal"],"picked":"hexamod:SixthSeal","floor":24},{"not_picked":["hexamod:BacktrackSmack","hexamod:NightmareStrike"],"picked":"hexamod:ChargedBarrage","floor":24},{"not_picked":["hexamod:SpectersWail","hexamod:EtherealExpedition+1"],"picked":"hexamod:HeatMetal","floor":24}],"player_experience":945636,"relics_obtained":[{"floor":14,"key":"hubris:SphereOfDissonance"},{"floor":20,"key":"MealTicket"},{"floor":24,"key":"hubris:CrystalStatue"}],"event_choices":[{"damage_healed":26,"gold_gain":0,"player_choice":"Heal","damage_taken":0,"max_hp_gain":0,"max_hp_loss":0,"event_name":"The Library","floor":21,"gold_loss":0}],"is_beta":false,"boss_relics":[{"not_picked":["Runic Dome","jedi:battlestandard"],"picked":"conspire:SpecialSausage"}],"items_purged_floors":[],"is_endless":false,"potions_floor_spawned":[5,14,15,16,22],"killed_by":"Book of Stabbing","ascension_level":0}}