{"host":"e4udrxcgdvpx3wcj","time":1612296035,"event":{"mods":["Act Like it!","Aspiration","Astrologer","BaseMod","Gensokyo","Highlight Path","Infinite Spire","Koishi","Marisa????????","Minty Spire (QoL Compilation)","Replay The Spire","StSLib","SuperFastMode","The Bug Knight","The Construct","The Jungle","The Runesmith","The Servant 0.9.4","TheBandit"],"gold_per_floor":[117,117,82,5,17,49,49,64,89,131,131,145,145,158,158,158,158],"floor_reached":16,"language":"ENG","playtime":497,"items_purged":[],"score":200,"play_id":"999365e8-e997-4576-9c50-ed7e3158d9a6","local_time":"20210202150035","is_ascension_mode":true,"campfire_choices":[{"floor":7,"key":"REST"},{"data":"Manipulate","floor":13,"key":"SMITH"},{"data":"SilverBlades","floor":15,"key":"SMITH"}],"circlet_count":0,"master_deck":["AscendersBane","Strike_S","Strike_S","Strike_S+1","Strike_S","Defend_S","Defend_S","Defend_S","Defend_S+1","KidneyShot","Exchange","Manipulate+1","Desolation","Sabotage","Rewind","Pain","BottledTime","TimeWarp","Sabotage","SilverBlades+1"],"relics":["Uniform","Mummified Hand","aspiration:Lifesprig","Blue Doll","Snack Pack","construct:FoamFinger"],"acts_visited":["Exordium"],"potions_floor_usage":[6,16],"damage_taken":[{"damage":12,"enemies":"Small Slimes","floor":1,"turns":5},{"damage":8,"enemies":"Cultist","floor":5,"turns":5},{"damage":30,"enemies":"3 Sentries","floor":6,"turns":11},{"damage":7,"enemies":"Jaw Worm","floor":8,"turns":4},{"damage":5,"enemies":"Looter","floor":12,"turns":3},{"damage":0,"enemies":"Blue Slaver","floor":14,"turns":5},{"damage":22,"enemies":"Slime Boss","floor":16,"turns":3}],"seed_played":"2117399017835357355","potions_obtained":[{"floor":5,"key":"Block Potion"},{"floor":6,"key":"Swift Potion"}],"is_trial":false,"path_per_floor":["M","?","?","?","M","E","R","M","T","?","T","M","R","M","R","B"],"character_chosen":"THE_SERVANT","items_purchased":[],"campfire_rested":1,"item_purchase_floors":[],"current_hp_per_floor":[48,28,44,44,36,6,25,18,18,18,18,17,17,19,19,0,0],"gold":158,"neow_bonus":"TEN_PERCENT_HP_BONUS","is_daily":false,"chose_seed":false,"campfire_upgraded":2,"win_rate":0.0,"timestamp":1612296035,"path_taken":["M","?","?","?","?","E","R","M","T","?","?","M","R","M","R","BOSS"],"items_purchased_type":[],"build_version":"2020-12-22","purchased_purges":0,"victory":false,"max_hp_per_floor":[66,66,66,66,66,66,66,66,66,66,66,66,66,66,66,66,66],"card_choices":[{"not_picked":["Rewind","FastForward"],"picked":"Manipulate","floor":1},{"not_picked":["Potential","Collapse"],"picked":"Desolation","floor":5},{"not_picked":["KillingDoll","Misdirection"],"picked":"Sabotage","floor":6},{"not_picked":["Starlight","Shuttle"],"picked":"Rewind","floor":8},{"not_picked":["DancingSilver","Barrier"],"picked":"BottledTime","floor":10},{"not_picked":["Starlight","ShatteredReality"],"picked":"TimeWarp","floor":10},{"not_picked":["DoubleEdge","Starlight"],"picked":"Sabotage","floor":12},{"not_picked":["Spin","Revamp"],"picked":"SilverBlades","floor":14}],"player_experience":2363129,"relics_obtained":[{"floor":6,"key":"aspiration:Lifesprig"},{"floor":9,"key":"Blue Doll"},{"floor":10,"key":"Snack Pack"},{"floor":11,"key":"construct:FoamFinger"}],"event_choices":[{"damage_healed":0,"gold_gain":0,"player_choice":"Entered Light","damage_taken":20,"max_hp_gain":0,"max_hp_loss":0,"event_name":"Shining Light","floor":2,"gold_loss":0,"cards_upgraded":["Defend_S","Strike_S"]},{"damage_healed":16,"gold_gain":0,"player_choice":"Healed","damage_taken":0,"max_hp_gain":0,"max_hp_loss":0,"event_name":"The Cleric","floor":3,"gold_loss":35},{"damage_healed":0,"gold_gain":0,"player_choice":"Paid Gold","damage_taken":0,"relics_obtained":["Mummified Hand"],"max_hp_gain":0,"max_hp_loss":0,"event_name":"WeMeetAgain","floor":4,"gold_loss":77}],"is_beta":false,"boss_relics":[],"items_purged_floors":[],"is_endless":false,"potions_floor_spawned":[5,6],"killed_by":"Slime Boss","ascension_level":20}}