{"host":"szp1d6dso4pv7ddl","time":1612234689,"event":{"mods":["AchievementEnabler","Alarm Clock","BaseMod","Bestiary","Block Reminder","Colored Map","Colored Powertips","Curses Come First","Dark Map","Displayed Cursed Tome","Highlight Path","Minty Spire (QoL Compilation)","Permanent Neow","Quick Restart","Relic Sorter","Relic Stats","StSLib","Synergy Search"],"gold_per_floor":[114,114,124,49,124,124,124,141,194,33,33,33,77,101,101,101,101],"floor_reached":16,"language":"ENG","playtime":456,"items_purged":[],"score":176,"play_id":"ff49dbf6-4524-4a06-82c0-edbb6253148f","local_time":"20210201185809","is_ascension_mode":true,"campfire_choices":[{"data":"Streamline","floor":6,"key":"SMITH"},{"floor":11,"key":"REST"},{"floor":15,"key":"REST"}],"circlet_count":0,"master_deck":["AscendersBane","Strike_B","Strike_B","Strike_B","Defend_B","Defend_B","Defend_B","Defend_B","Zap","Dualcast","Sweeping Beam","Streamline+1","Core Surge","Reprogram","Conserve Battery"],"relics":["Philosopher\u0027s Stone","Bronze Scales","Toy Ornithopter","CeramicFish"],"acts_visited":["Exordium"],"potions_floor_usage":[13],"damage_taken":[{"damage":7,"enemies":"2 Louse","floor":1,"turns":2},{"damage":0,"enemies":"Small Slimes","floor":3,"turns":4},{"damage":3,"enemies":"Jaw Worm","floor":8,"turns":3},{"damage":32,"enemies":"Lagavulin","floor":13,"turns":6},{"damage":9,"enemies":"Looter","floor":14,"turns":3},{"damage":49,"enemies":"The Guardian","floor":16,"turns":6}],"seed_played":"-4306352161854271852","potions_obtained":[{"floor":8,"key":"FearPotion"}],"is_trial":false,"path_per_floor":["M","?","M","?","?","R","$","M","T","$","R","T","E","M","R","B"],"character_chosen":"DEFECT","items_purchased":["Core Surge"],"campfire_rested":2,"item_purchase_floors":[10],"current_hp_per_floor":[57,57,57,57,46,46,46,43,43,43,64,64,37,28,49,0,0],"gold":101,"neow_bonus":"BOSS_RELIC","is_daily":false,"chose_seed":false,"campfire_upgraded":1,"win_rate":0.0,"timestamp":1612234689,"path_taken":["M","?","M","?","?","R","?","M","T","$","R","?","E","M","R","BOSS"],"items_purchased_type":["Card"],"build_version":"2020-12-22","purchased_purges":0,"victory":false,"max_hp_per_floor":[71,71,71,71,71,71,71,71,71,71,71,71,71,71,71,71,71],"relic_stats":{"counters":[6,24],"Bronze Scales":[33],"CeramicFish":18,"obtain_stats":[{"Bronze Scales":9,"CeramicFish":13,"Philosopher\u0027s Stone":0,"Cracked Core":0,"Toy Ornithopter":12},{"Bronze Scales":3,"CeramicFish":4,"Philosopher\u0027s Stone":0,"Cracked Core":0,"Toy Ornithopter":3},{"Bronze Scales":9,"CeramicFish":15,"Philosopher\u0027s Stone":0,"Cracked Core":0,"Toy Ornithopter":9}],"Toy Ornithopter":5},"card_choices":[{"not_picked":["Hologram","Reinforced Body"],"picked":"Sweeping Beam","floor":1},{"not_picked":["Cold Snap","Sweeping Beam"],"picked":"Streamline","floor":3},{"not_picked":["Redo","Chaos","Blizzard"],"picked":"SKIP","floor":8},{"not_picked":["Genetic Algorithm","Steam"],"picked":"Reprogram","floor":13},{"not_picked":["Turbo","Barrage"],"picked":"Conserve Battery","floor":14}],"player_experience":1348663,"relics_obtained":[{"floor":9,"key":"Bronze Scales"},{"floor":12,"key":"Toy Ornithopter"},{"floor":13,"key":"CeramicFish"}],"event_choices":[{"damage_healed":0,"gold_gain":0,"player_choice":"Ignored","damage_taken":0,"max_hp_gain":0,"max_hp_loss":0,"event_name":"Liars Game","floor":2,"gold_loss":0},{"cards_removed":["Strike_B"],"damage_healed":0,"gold_gain":0,"player_choice":"Card Removal","damage_taken":0,"max_hp_gain":0,"max_hp_loss":0,"event_name":"The Cleric","floor":4,"gold_loss":75},{"damage_healed":0,"gold_gain":75,"player_choice":"Gather Gold","damage_taken":11,"max_hp_gain":0,"max_hp_loss":0,"event_name":"World of Goop","floor":5,"gold_loss":0}],"is_beta":false,"boss_relics":[],"items_purged_floors":[],"is_endless":false,"potions_floor_spawned":[8],"killed_by":"The Guardian","ascension_level":16}}