{"host":"qy1e0kd24tpj3i2m","time":1612238266,"event":{"mods":["Act Like it!","Alarm Clock","BaseMod","Better Skull","Better Vampires","Colored Map","Colored Powertips","Custom Start","Faster Ascension Climbing","Friendly Minions","GifTheSpireLib","Gremlin Skip","Highlight Path","Minty Spire (QoL Compilation)","Permanent Neow","Poor People Problems","Quick Restart","Red Circlet Mod","Relic Filter Mod","Relic Sorter","Reorder Act Four","SacredBarkPlus","Shop Mod","StSLib","SuperFastMode","Transform Curses","没有小屋子和绿帽子啦"],"gold_per_floor":[18,32,46,46,61,136,155,155,180,180,20,20,20,20,20,20,20],"floor_reached":16,"language":"ZHS","playtime":556,"items_purged":[],"score":180,"play_id":"636e4481-8f85-45be-8949-1dbc443a8df2","local_time":"20210202125746","is_ascension_mode":true,"campfire_choices":[{"data":"Barricade","floor":8.0,"key":"SMITH"},{"data":"Uppercut","floor":10.0,"key":"SMITH"},{"data":"Flame Barrier","floor":12.0,"key":"SMITH"},{"floor":15.0,"key":"RECALL"}],"circlet_count":0,"master_deck":["AscendersBane","Strike_R","Strike_R","Strike_R","Strike_R","Strike_R","Defend_R","Defend_R","Defend_R","Defend_R","Barricade+1","Flame Barrier+1","Iron Wave","Shrug It Off","Uppercut+1"],"relics":["Burning Blood","Blood Vial","Mummified Hand"],"acts_visited":["Exordium"],"potions_floor_usage":[],"damage_taken":[{"damage":7.0,"enemies":"Cultist","floor":1.0,"turns":4.0},{"damage":11.0,"enemies":"2 Louse","floor":2.0,"turns":4.0},{"damage":14.0,"enemies":"Jaw Worm","floor":3.0,"turns":7.0},{"damage":0.0,"enemies":"Exordium Wildlife","floor":5.0,"turns":7.0},{"damage":5.0,"enemies":"Large Slime","floor":7.0,"turns":12.0},{"damage":22,"enemies":"Slime Boss","floor":16,"turns":10}],"seed_played":"5892024012988250338","potions_obtained":[{"floor":1.0,"key":"Dexterity Potion"},{"floor":5.0,"key":"Fire Potion"}],"is_trial":false,"path_per_floor":["M","M","M","?","M","?","M","R","T","R","$","R","T","$","R","B"],"character_chosen":"IRONCLAD","items_purchased":["Blood Vial"],"campfire_rested":0,"item_purchase_floors":[11],"current_hp_per_floor":[67,62,54,47,53,42,43,43,43,43,43,43,43,43,43,23,23],"gold":20,"neow_bonus":"THREE_RARE_CARDS","is_daily":false,"chose_seed":false,"campfire_upgraded":3,"win_rate":0.0,"timestamp":1612238266,"path_taken":["M","?","M","?","M","?","?","R","T","R","$","R","?","$","R","BOSS"],"items_purchased_type":["Relic"],"build_version":"2020-12-22","purchased_purges":0,"victory":false,"max_hp_per_floor":[75,75,75,75,75,75,75,75,75,75,75,75,75,75,75,75,75],"card_choices":[{"not_picked":["Bludgeon","Reaper"],"picked":"Barricade","floor":0.0},{"not_picked":["Headbutt","Flex"],"picked":"Flame Barrier","floor":1.0},{"not_picked":["Heavy Blade","Shockwave"],"picked":"Iron Wave","floor":2.0},{"not_picked":["Flex","Clash"],"picked":"Shrug It Off","floor":3.0},{"not_picked":["Perfected Strike","Sword Boomerang"],"picked":"Uppercut","floor":5.0},{"not_picked":["Cleave","Twin Strike","Clothesline"],"picked":"SKIP","floor":7.0}],"player_experience":977569,"relics_obtained":[{"floor":13.0,"key":"Mummified Hand"}],"event_choices":[{"cards_removed":["Bash"],"damage_healed":0.0,"max_hp_gain":0.0,"max_hp_loss":0.0,"gold_gain":0.0,"event_name":"Golden Wing","player_choice":"Card Removal","floor":4.0,"gold_loss":0.0,"damage_taken":7.0},{"damage_healed":0.0,"max_hp_gain":0.0,"max_hp_loss":0.0,"gold_gain":75.0,"event_name":"World of Goop","player_choice":"Gather Gold","floor":6.0,"gold_loss":0.0,"damage_taken":11.0}],"is_beta":false,"boss_relics":[],"items_purged_floors":[],"is_endless":false,"potions_floor_spawned":[1,5],"killed_by":"Slime Boss","ascension_level":20}}