{"host":"0luxfixkkfk9wck3","time":1612227858,"event":{"mods":["BaseMod","DeckTracker","Downfall","Highlight Path","Minty Spire (QoL Compilation)","StSLib"],"gold_per_floor":[99,118,129,129,145,157,157,157,157,157,14,43,60,60,71,166,166,166,184,284,38,55,55,82,94,106,130,160,197,94,111,126,226,226,126,141,155,173,173,173,173,173,24,24,24,51,51,70,89,89],"floor_reached":51,"language":"ENG","playtime":11086,"items_purged":["downfall:Bewildered","champ:Strike","champ:Strike"],"score":924,"play_id":"607f8622-45cd-48e0-94f4-74a2ef00c8b2","local_time":"20210201190418","is_ascension_mode":true,"campfire_choices":[{"data":"champ:Execute","floor":1,"key":"SMITH"},{"data":"champ:FaceSlap","floor":8,"key":"SMITH"},{"data":"champ:GutPunch","floor":10,"key":"SMITH"},{"data":"champ:ArenaPreparation","floor":18,"key":"SMITH"},{"floor":23,"key":"RECALL"},{"data":"champ:TripleStrike","floor":25,"key":"SMITH"},{"floor":35,"key":"REST"},{"floor":40,"key":"REST"},{"floor":42,"key":"REST"},{"floor":44,"key":"REST"}],"circlet_count":0,"master_deck":["champ:Defend","champ:Defend","champ:Defend","champ:Defend","champ:Execute+1","champ:Taunt","champ:FaceSlap+1","champ:Endure","champ:GutPunch+1","champ:ArenaPreparation+1","champ:HoldFirm","champ:DefensiveShout","champ:RageSigil","champ:BladeFlurry","champ:Backstep","champ:DefensiveShout","champ:Improvising","champ:StanceDance+1","J.A.X.","champ:DefensiveShout","champ:Improvising","champ:PerfectedStrike+1","champ:TripleStrike+1","champ:PerfectedStrike+1","champ:TornadoPunch+1","champ:MurderStrike","champ:ShieldThrow+1"],"relics":["champ:ChampionCrown","Calipers","Blue Candle","Mummified Hand","Snecko Eye","MutagenicStrength","Lee\u0027s Waffle","MawBank","champ:DefensiveTrainingManual","Frozen Egg 2","Fusion Hammer","downfall:HeartBlessingRed","Eternal Feather","Cauldron","Strawberry"],"acts_visited":["Exordium","TheCity","TheBeyond"],"potions_floor_usage":[12,16,16,33,48,50,50,50],"damage_taken":[{"damage":17,"enemies":"Jaw Worm","floor":2,"turns":3},{"damage":0,"enemies":"Small Slimes","floor":3,"turns":2},{"damage":10,"enemies":"Cultist","floor":5,"turns":2},{"damage":51,"enemies":"Large Slime","floor":6,"turns":8},{"damage":30,"enemies":"downfall:FleeingMerchant","floor":11,"turns":4},{"damage":70,"enemies":"Lagavulin","floor":12,"turns":4},{"damage":14,"enemies":"2 Fungi Beasts","floor":13,"turns":3},{"damage":8,"enemies":"Lots of Slimes","floor":15,"turns":4},{"damage":50,"enemies":"DF_ARCHETYPE_STREAMLINE","floor":16,"turns":14},{"damage":30,"enemies":"Shell Parasite","floor":19,"turns":4},{"damage":30,"enemies":"downfall:Augmenter","floor":20,"turns":5},{"damage":79,"enemies":"downfall:FleeingMerchant","floor":21,"turns":4},{"damage":20,"enemies":"Centurion and Healer","floor":22,"turns":5},{"damage":23,"enemies":"Snecko","floor":27,"turns":4},{"damage":39,"enemies":"Shelled Parasite and Fungi","floor":28,"turns":5},{"damage":5,"enemies":"Book of Stabbing","floor":29,"turns":4},{"damage":28,"enemies":"downfall:FleeingMerchant","floor":30,"turns":4},{"damage":0,"enemies":"3 Cultists","floor":31,"turns":3},{"damage":11,"enemies":"Sentry and Sphere","floor":32,"turns":3},{"damage":26,"enemies":"IC_MUSHROOM_ARCHETYPE","floor":33,"turns":3},{"damage":12,"enemies":"3 Shapes","floor":36,"turns":4},{"damage":5,"enemies":"Orb Walker","floor":37,"turns":3},{"damage":10,"enemies":"Sphere and 2 Shapes","floor":38,"turns":4},{"damage":0,"enemies":"downfall:FleeingMerchant","floor":43,"turns":1},{"damage":54,"enemies":"Nemesis","floor":46,"turns":5},{"damage":64,"enemies":"Spire Growth","floor":48,"turns":4},{"damage":15,"enemies":"3 Darklings","floor":49,"turns":3},{"damage":36,"enemies":"SI_POISON_ARCHETYPE","floor":50,"turns":6}],"seed_played":"1206033368231329906","potions_obtained":[{"floor":2,"key":"sneckomod:MuddlingPotion"},{"floor":3,"key":"Weak Potion"},{"floor":13,"key":"Explosive Potion"},{"floor":15,"key":"SkillPotion"},{"floor":16,"key":"Fire Potion"},{"floor":20,"key":"EssenceOfSteel"},{"floor":28,"key":"Strength Potion"},{"floor":33,"key":"champ:CounterPotion"},{"floor":46,"key":"PowerPotion"},{"floor":49,"key":"bronze:BurnAndBuffPotion"}],"is_trial":false,"path_per_floor":["R","M","M","?","M","M","T","R","?","R","$","E","M","?","M","B",null,"R","M","?","$","M","R","T","R","?","M","M","E","$","M","M","B",null,"R","M","M","M","?","R","T","R","$","R","?","E","$","M","M","B",null],"character_chosen":"THE_CHAMP","items_purchased":["champ:DefensiveShout","champ:RageSigil","Lee\u0027s Waffle","champ:ShieldThrow","Cauldron","DuplicationPotion"],"campfire_rested":4,"item_purchase_floors":[11,11,21,43,43,43],"current_hp_per_floor":[90,83,83,83,83,72,72,72,72,72,72,52,48,48,45,10,90,90,85,65,97,97,97,97,97,97,94,75,75,72,72,71,55,97,97,85,85,85,85,97,97,97,97,97,97,75,75,41,41,25],"gold":89,"neow_bonus":"ONE_RARE_RELIC","is_daily":false,"chose_seed":false,"campfire_upgraded":5,"win_rate":0.0,"timestamp":1612227858,"path_taken":["R","M","M","?","M","M","T","R","?","R","$","E","?","?","M","BOSS","R","M","?","$","M","R","T","R","?","M","M","E","$","M","M","BOSS","R","M","M","M","?","R","T","R","$","R","?","E","$","?","M","BOSS"],"items_purchased_type":["Card","Card","Relic","Card","Relic","Potion"],"build_version":"2020-12-22","purchased_purges":3,"victory":true,"max_hp_per_floor":[90,90,90,90,90,90,90,90,90,90,90,90,90,90,90,90,90,90,90,90,97,97,97,97,97,97,97,97,97,97,97,97,97,97,97,97,97,97,97,97,97,97,97,97,97,104,104,104,104,104],"card_choices":[{"not_picked":["champ:CalledShot","champ:BladeFlurry"],"picked":"champ:FaceSlap","floor":2},{"not_picked":["champ:PreciseThrust","champ:ShieldSlam"],"picked":"champ:Endure","floor":3},{"not_picked":["champ:EnGarde","champ:RisingSlash"],"picked":"champ:GutPunch","floor":5},{"not_picked":["champ:ShieldSigil","champ:PerfectedStrike"],"picked":"champ:ArenaPreparation","floor":6},{"not_picked":["champ:Backstep","champ:UltimateStance"],"picked":"champ:HoldFirm","floor":11},{"not_picked":["champ:Shatter","champ:FaceSlap"],"picked":"champ:BladeFlurry","floor":12},{"not_picked":["champ:Haymaker","champ:BringItOn"],"picked":"champ:Backstep","floor":13},{"not_picked":["champ:BerserkersShout","champ:PreciseThrust"],"picked":"champ:DefensiveShout","floor":15},{"not_picked":["champ:VampiricStrike","champ:CheapShot"],"picked":"champ:Improvising","floor":16},{"not_picked":["champ:BladeFlurry","champ:HeartStrike","champ:ShieldSigil"],"picked":"SKIP","floor":19},{"not_picked":["champ:BerserkerStyle","champ:IronFortress"],"picked":"champ:StanceDance+1","floor":20},{"not_picked":[],"picked":"J.A.X.","floor":20},{"not_picked":["champ:BerserkerStyle","champ:EnragedBash"],"picked":"champ:PerfectedStrike+1","floor":21},{"not_picked":["champ:PreemptiveStrike","champ:ShieldWall"],"picked":"champ:TripleStrike","floor":22},{"not_picked":["champ:DefensiveShout","champ:Circumvent"],"picked":"champ:PerfectedStrike+1","floor":27},{"not_picked":["champ:DeathBlow","champ:Shatter"],"picked":"champ:TornadoPunch+1","floor":28},{"not_picked":["champ:MurderStrike","champ:LastStand+1","champ:BringItOn"],"picked":"SKIP","floor":29},{"not_picked":["champ:Encircle","champ:GutPunch","champ:BladeFlurry"],"picked":"SKIP","floor":30},{"not_picked":["champ:Haymaker","champ:Shatter","champ:EnGarde"],"picked":"SKIP","floor":31},{"not_picked":["champ:TornadoPunch+1","champ:EnGarde+1","champ:BringItOn"],"picked":"SKIP","floor":32},{"not_picked":["champ:CheapShot","champ:HeavySlash"],"picked":"champ:MurderStrike","floor":33},{"not_picked":["champ:GutPunch","champ:DeathBlow+1","champ:Circumvent"],"picked":"SKIP","floor":36},{"not_picked":["champ:EnragedBash+1","champ:StanceDance","champ:Circumvent"],"picked":"SKIP","floor":37},{"not_picked":["champ:PreciseThrust","champ:FocusedBerserking","champ:BladeFlurry"],"picked":"SKIP","floor":38},{"not_picked":["champ:Shatter+1","champ:RisingSlash","champ:FanOfKnives+1"],"picked":"SKIP","floor":43},{"not_picked":["champ:CrownThrow+1","champ:BerserkersShout+1","champ:Shatter+1"],"picked":"SKIP","floor":46},{"not_picked":["champ:GladiatorStyle+1","champ:Backstep+1","champ:Shatter"],"picked":"SKIP","floor":48},{"not_picked":["champ:Haymaker","champ:RageSigil+1","champ:BladeFlurry+1"],"picked":"SKIP","floor":49}],"player_experience":11454785,"relics_obtained":[{"floor":7,"key":"Blue Candle"},{"floor":12,"key":"Mummified Hand"},{"floor":20,"key":"MutagenicStrength"},{"floor":24,"key":"MawBank"},{"floor":29,"key":"Frozen Egg 2"},{"floor":41,"key":"Eternal Feather"},{"floor":46,"key":"Strawberry"}],"event_choices":[{"damage_healed":0,"gold_gain":0,"player_choice":"Ignored","damage_taken":0,"max_hp_gain":0,"max_hp_loss":0,"event_name":"Mysterious Sphere","floor":39,"gold_loss":0}],"is_beta":false,"boss_relics":[{"not_picked":["Black Star","champ:ChampionCrownUpgraded"],"picked":"Snecko Eye"},{"not_picked":["bronze:MakeshiftBattery","Astrolabe"],"picked":"Fusion Hammer"}],"items_purged_floors":[21,30,43],"is_endless":false,"potions_floor_spawned":[2,3,13,15,16,20,22,28,29,32,33,37,46,49],"ascension_level":4}}