{"host":"lly094a91h6n5nv5","time":1612251743,"event":{"mods":["AchievementEnabler","BaseMod","Block Reminder","Colored Map","Minty Spire (QoL Compilation)"],"gold_per_floor":[113,132,152,168,168,168,168,168,192,192,225,238,238,274,274,403,403,423,423,443,458,383,416,416,416,439,478,101,119,119,154,154,279,279,302,635,635,46,65,65,83,93,93,125,125,154,154,170,170,170],"floor_reached":51,"language":"ENG","playtime":7102,"items_purged":["Injury"],"score":953,"play_id":"fa5159ea-db90-453b-b9b0-79b5fa58d219","local_time":"20210202014223","is_ascension_mode":true,"campfire_choices":[{"data":"Eruption","floor":6.0,"key":"SMITH"},{"data":"Nirvana","floor":8.0,"key":"SMITH"},{"data":"ReachHeaven","floor":10.0,"key":"SMITH"},{"data":"WaveOfTheHand","floor":13.0,"key":"SMITH"},{"floor":15.0,"key":"REST"},{"data":"LikeWater","floor":24.0,"key":"SMITH"},{"data":"Vault","floor":30.0,"key":"SMITH"},{"data":"Omniscience","floor":32.0,"key":"SMITH"},{"data":"Scrawl","floor":40,"key":"SMITH"},{"data":"Crescendo","floor":45,"key":"SMITH"},{"data":"FlyingSleeves","floor":47,"key":"SMITH"},{"data":"Wallop","floor":49,"key":"SMITH"}],"circlet_count":0,"master_deck":["Strike_P+1","Strike_P+1","Strike_P+1","Defend_P+1","Defend_P+1","Defend_P+1","Defend_P+1","Eruption+1","Vigilance","CutThroughFate","Evaluate","Nirvana+1","ReachHeaven+1","LikeWater+1","WaveOfTheHand+1","Evaluate","Meditate","Omniscience+1","Consecrate","Crescendo+1","TalkToTheHand","Wallop+1","Vault+1","Wireheading","FlyingSleeves+1","WheelKick","Scrawl+1","BowlingBash+1","Protect","ReachHeaven","Nirvana+1","ThirdEye+1","CrushJoints+1","ThirdEye+1"],"relics":["SlaversCollar","Ancient Tea Set","Anchor","Dream Catcher","Cursed Key","Blood Vial","Art of War","Omamori","Vajra","Lee\u0027s Waffle","Orichalcum","Philosopher\u0027s Stone","WarpedTongs","Gambling Chip","HornCleat","Centennial Puzzle","Boot"],"acts_visited":["Exordium","TheCity","TheBeyond"],"potions_floor_usage":[44,50,50],"damage_taken":[{"damage":5.0,"enemies":"Small Slimes","floor":1.0,"turns":3.0},{"damage":6.0,"enemies":"2 Louse","floor":2.0,"turns":3.0},{"damage":1.0,"enemies":"Jaw Worm","floor":3.0,"turns":5.0},{"damage":23.0,"enemies":"Exordium Thugs","floor":4.0,"turns":11.0},{"damage":16.0,"enemies":"3 Sentries","floor":11.0,"turns":3.0},{"damage":0.0,"enemies":"Blue Slaver","floor":12.0,"turns":5.0},{"damage":8.0,"enemies":"Gremlin Nob","floor":14.0,"turns":5.0},{"damage":4.0,"enemies":"Hexaghost","floor":16.0,"turns":9.0},{"damage":7.0,"enemies":"Shell Parasite","floor":18.0,"turns":8.0},{"damage":0.0,"enemies":"Chosen","floor":20.0,"turns":4.0},{"damage":3.0,"enemies":"Shelled Parasite and Fungi","floor":21.0,"turns":5.0},{"damage":7.0,"enemies":"Book of Stabbing","floor":23.0,"turns":9.0},{"damage":9.0,"enemies":"Slavers","floor":27.0,"turns":6.0},{"damage":0.0,"enemies":"Chosen and Byrds","floor":29.0,"turns":5.0},{"damage":15.0,"enemies":"Gremlin Leader","floor":31.0,"turns":6.0},{"damage":39.0,"enemies":"Collector","floor":33.0,"turns":9.0},{"damage":11,"enemies":"3 Darklings","floor":35,"turns":5},{"damage":0,"enemies":"3 Shapes","floor":39,"turns":3},{"damage":0,"enemies":"Maw","floor":41,"turns":5},{"damage":0,"enemies":"Transient","floor":42,"turns":6},{"damage":0,"enemies":"Reptomancer","floor":44,"turns":2},{"damage":0,"enemies":"Nemesis","floor":46,"turns":8},{"damage":0,"enemies":"Jaw Worm Horde","floor":48,"turns":5},{"damage":9,"enemies":"Donu and Deca","floor":50,"turns":8}],"seed_played":"743880788083789016","potions_obtained":[{"floor":11.0,"key":"ColorlessPotion"},{"floor":12.0,"key":"ColorlessPotion"},{"floor":14.0,"key":"SkillPotion"},{"floor":18.0,"key":"Explosive Potion"},{"floor":27.0,"key":"BottledMiracle"},{"floor":33.0,"key":"SpeedPotion"},{"floor":39,"key":"PowerPotion"},{"floor":44,"key":"SmokeBomb"},{"floor":46,"key":"EssenceOfSteel"}],"is_trial":false,"path_per_floor":["M","M","M","M","?","R","?","R","T","R","E","M","R","E","R","B",null,"M","?","M","M","?","E","R","?","T","E","$","M","R","E","R","B",null,"M","?","?","$","M","R","M","M","T","E","R","E","R","M","R","B",null],"character_chosen":"WATCHER","items_purchased":["Wireheading","Vajra","Lee\u0027s Waffle","Gambling Chip","Ambrosia","Protect","ReachHeaven"],"campfire_rested":1,"item_purchase_floors":[28,28,28,38,38,38,38],"current_hp_per_floor":[67,61,60,37,37,37,37,37,37,37,21,21,21,13,33,29,67,60,60,60,57,57,50,50,50,50,43,74,74,74,59,59,22,74,63,63,63,63,65,65,67,69,69,71,71,73,73,74,74,65],"gold":170,"neow_bonus":"BOSS_RELIC","is_daily":false,"chose_seed":false,"campfire_upgraded":11,"win_rate":0.0,"timestamp":1612251743,"path_taken":["M","M","M","M","?","R","?","R","T","R","E","M","R","E","R","BOSS","M","?","M","M","?","E","R","?","T","E","$","M","R","E","R","BOSS","M","?","?","$","M","R","?","M","T","E","R","E","R","M","R","BOSS"],"items_purchased_type":["Card","Relic","Relic","Relic","Potion","Card","Card"],"build_version":"2020-12-22","purchased_purges":1,"victory":true,"max_hp_per_floor":[72,72,72,72,72,72,67,67,67,67,67,67,67,67,67,67,67,67,67,67,67,67,67,67,67,67,67,74,74,74,74,74,74,74,74,74,74,74,74,74,74,74,74,74,74,74,74,74,74,74],"card_choices":[{"not_picked":["Prostrate","EmptyFist"],"picked":"CutThroughFate","floor":1.0},{"not_picked":["EmptyBody","Halt"],"picked":"Evaluate","floor":2.0},{"not_picked":["BowlingBash","Consecrate"],"picked":"Nirvana","floor":3.0},{"not_picked":["CrushJoints","Crescendo"],"picked":"ReachHeaven","floor":4.0},{"not_picked":["DeceiveReality","FlurryOfBlows"],"picked":"LikeWater","floor":11.0},{"not_picked":["ForeignInfluence","EmptyFist"],"picked":"WaveOfTheHand","floor":12.0},{"not_picked":["TalkToTheHand","Ragnarok"],"picked":"Evaluate","floor":14.0},{"not_picked":["JustLucky","Vengeance"],"picked":"Meditate","floor":15.0},{"not_picked":["Brilliance","Scrawl"],"picked":"Omniscience","floor":16.0},{"not_picked":["Perseverance","WaveOfTheHand+1"],"picked":"Consecrate","floor":18.0},{"not_picked":["Protect","EmptyFist"],"picked":"Crescendo","floor":20.0},{"not_picked":["Evaluate","BowlingBash"],"picked":"TalkToTheHand","floor":21.0},{"not_picked":["Adaptation","Halt"],"picked":"Wallop","floor":23.0},{"not_picked":["FlurryOfBlows","Crescendo"],"picked":"Vault","floor":27.0},{"not_picked":["Worship","Indignation"],"picked":"FlyingSleeves","floor":29.0},{"not_picked":["JustLucky","PathToVictory"],"picked":"WheelKick","floor":31.0},{"not_picked":["Blasphemy","ConjureBlade"],"picked":"Scrawl","floor":33.0},{"not_picked":["Perseverance","PathToVictory+1"],"picked":"BowlingBash+1","floor":35},{"not_picked":["TalkToTheHand","Crescendo+1"],"picked":"Nirvana+1","floor":39},{"not_picked":["Evaluate+1","Consecrate"],"picked":"ThirdEye+1","floor":41},{"not_picked":["FlyingSleeves","EmptyFist+1"],"picked":"CrushJoints+1","floor":42},{"not_picked":["Pray","Omniscience","WheelKick"],"picked":"SKIP","floor":44},{"not_picked":["Sanctity","CarveReality"],"picked":"ThirdEye+1","floor":46},{"not_picked":["EmptyFist+1","FlyingSleeves","CutThroughFate"],"picked":"SKIP","floor":48}],"player_experience":117323,"relics_obtained":[{"floor":9.0,"key":"Ancient Tea Set"},{"floor":11.0,"key":"Anchor"},{"floor":14.0,"key":"Dream Catcher"},{"floor":23.0,"key":"Blood Vial"},{"floor":26.0,"key":"Art of War"},{"floor":27.0,"key":"Omamori"},{"floor":31.0,"key":"Orichalcum"},{"floor":43,"key":"HornCleat"},{"floor":44,"key":"Centennial Puzzle"},{"floor":46,"key":"Boot"}],"event_choices":[{"damage_healed":0.0,"max_hp_gain":0.0,"max_hp_loss":0.0,"gold_gain":0.0,"event_name":"Liars Game","player_choice":"Ignored","floor":5.0,"gold_loss":0.0,"damage_taken":0.0},{"damage_healed":0.0,"max_hp_gain":0.0,"max_hp_loss":5.0,"gold_gain":0.0,"event_name":"Golden Idol","player_choice":"Lose Max HP","floor":7.0,"gold_loss":0.0,"damage_taken":0.0,"relics_obtained":["Golden Idol"]},{"damage_healed":0.0,"max_hp_gain":0.0,"max_hp_loss":0.0,"gold_gain":0.0,"event_name":"Ghosts","player_choice":"Ignored","floor":19.0,"gold_loss":0.0,"damage_taken":0.0},{"cards_removed":["Strike_P"],"damage_healed":0.0,"max_hp_gain":0.0,"max_hp_loss":0.0,"gold_gain":0.0,"event_name":"Beggar","player_choice":"Gave Gold","floor":22.0,"gold_loss":75.0,"damage_taken":0.0},{"damage_healed":0.0,"max_hp_gain":0.0,"max_hp_loss":0.0,"gold_gain":0.0,"event_name":"Back to Basics","player_choice":"Simplicity","floor":25.0,"gold_loss":0.0,"damage_taken":0.0,"cards_upgraded":["Strike_P","Strike_P","Strike_P","Defend_P","Defend_P","Defend_P","Defend_P"]},{"damage_healed":0,"gold_gain":333,"player_choice":"Gave Idol","damage_taken":0,"max_hp_gain":0,"max_hp_loss":0,"event_name":"The Moai Head","floor":36,"relics_lost":["Golden Idol"],"gold_loss":0},{"damage_healed":0,"gold_gain":0,"player_choice":"Rummage","damage_taken":0,"relics_obtained":["WarpedTongs"],"max_hp_gain":0,"max_hp_loss":0,"event_name":"Accursed Blacksmith","floor":37,"gold_loss":0,"cards_obtained":["Pain"]}],"is_beta":false,"boss_relics":[{"not_picked":["Runic Pyramid","Empty Cage"],"picked":"Cursed Key"},{"not_picked":["Tiny House","Astrolabe"],"picked":"Philosopher\u0027s Stone"}],"items_purged_floors":[38],"is_endless":false,"potions_floor_spawned":[11,12,14,18,27,33,39,42,44,46],"ascension_level":4}}