{"host":"4qkvkh7pd9qr2mca","time":1612278926,"event":{"mods":["AchievementEnabler","Act Like it!","BaseMod","Colored Map","Colored Powertips","Highlight Path","Minty Spire (QoL Compilation)","Pale of the Ancients","Permanent Neow","Quick Restart","Relic Stats","StSLib","SuperFastMode"],"gold_per_floor":[319,333,333,14,29,29,59,21,21,21,34,45,72,88,88,165,165,176,190,206,219,59,59,59],"floor_reached":23,"language":"ENG","playtime":851,"items_purged":["Strike_B","Strike_B"],"score":460,"play_id":"04b5942e-4087-4919-95d5-231fae90c531","local_time":"20210202161526","is_ascension_mode":true,"campfire_choices":[{"data":"Zap","floor":6.0,"key":"SMITH"},{"floor":10.0,"key":"REST"},{"data":"Reboot","floor":15,"key":"SMITH"}],"circlet_count":0,"master_deck":["AscendersBane","Strike_B","Defend_B","Defend_B","Defend_B","Defend_B","Zap+1","Dualcast","Gash","Scrape","Turbo","Reboot+1","Steam","Loop","Electrodynamics","Gash","Meteor Strike","Rebound","Redo+1","Hologram","Multi-Cast","Secret Weapon","Leap"],"relics":["Cracked Core","Old Coin","Membership Card","FossilizedHelix","Potion Belt","Mercury Hourglass","InkBottle","Runic Pyramid"],"acts_visited":["Exordium","TheCity"],"potions_floor_usage":[13,16,21,23],"damage_taken":[{"damage":7.0,"enemies":"Jaw Worm","floor":1.0,"turns":3.0},{"damage":1.0,"enemies":"Cultist","floor":2.0,"turns":3.0},{"damage":0.0,"enemies":"Small Slimes","floor":5.0,"turns":2.0},{"damage":45.0,"enemies":"3 Sentries","floor":7.0,"turns":9.0},{"damage":0.0,"enemies":"Gremlin Gang","floor":11.0,"turns":3.0},{"damage":0.0,"enemies":"Exordium Thugs","floor":12.0,"turns":3.0},{"damage":0,"enemies":"Gremlin Nob","floor":13,"turns":3},{"damage":0,"enemies":"Red Slaver","floor":14,"turns":2},{"damage":8,"enemies":"Slime Boss","floor":16,"turns":7},{"damage":5,"enemies":"3 Byrds","floor":18,"turns":3},{"damage":0,"enemies":"Chosen","floor":19,"turns":4},{"damage":0,"enemies":"Sentry and Sphere","floor":20,"turns":3},{"damage":27,"enemies":"Snake Plant","floor":21,"turns":4},{"damage":0,"enemies":"Gremlin Leader","floor":23,"turns":5}],"seed_played":"5606209886945957522","potions_obtained":[{"floor":1.0,"key":"Fruit Juice"},{"floor":7.0,"key":"FearPotion"},{"floor":12.0,"key":"SmokeBomb"},{"floor":13,"key":"DuplicationPotion"},{"floor":16,"key":"SpeedPotion"},{"floor":18,"key":"PotionOfCapacity"},{"floor":21,"key":"Fruit Juice"}],"is_trial":false,"path_per_floor":["M","M","?","$","M","R","E","$","T","R","M","M","E","M","R","B",null,"M","M","M","M","$","E"],"character_chosen":"DEFECT","items_purchased":["Membership Card","FossilizedHelix","Secret Weapon","Leap"],"campfire_rested":1,"item_purchase_floors":[4,4,22,22],"current_hp_per_floor":[62,61,61,61,61,61,16,16,16,38,38,38,38,38,38,30,65,60,60,60,38,38,38,38],"gold":59,"neow_bonus":"ONE_RARE_RELIC","is_daily":false,"chose_seed":false,"campfire_upgraded":2,"win_rate":0.0,"timestamp":1612278926,"path_taken":["M","M","?","$","M","R","E","$","T","R","M","M","E","M","R","BOSS","M","M","M","M","?","E"],"items_purchased_type":["Relic","Relic","Card","Card"],"build_version":"2020-12-22","purchased_purges":2,"victory":false,"max_hp_per_floor":[76,76,76,76,76,76,76,76,76,76,76,76,76,76,76,76,76,76,76,76,81,81,81,81],"relic_stats":{"counters":[14,51],"obtain_stats":[{"Potion Belt":7,"Membership Card":4,"Cracked Core":0,"FossilizedHelix":4,"InkBottle":13,"Old Coin":0,"Mercury Hourglass":9,"Runic Pyramid":17},{"Potion Belt":4,"Membership Card":2,"Cracked Core":0,"FossilizedHelix":2,"InkBottle":7,"Old Coin":0,"Mercury Hourglass":4,"Runic Pyramid":9},{"Potion Belt":17,"Membership Card":6,"Cracked Core":0,"FossilizedHelix":6,"InkBottle":26,"Old Coin":0,"Mercury Hourglass":17,"Runic Pyramid":35}],"InkBottle":[12],"Mercury Hourglass":[160]},"card_choices":[{"not_picked":["Compile Driver","Stack"],"picked":"Gash","floor":1.0},{"not_picked":["Compile Driver","Darkness"],"picked":"Scrape","floor":2.0},{"not_picked":["Conserve Battery","Darkness"],"picked":"Turbo","floor":5.0},{"not_picked":["Cold Snap","Conserve Battery"],"picked":"Reboot","floor":7.0},{"not_picked":["Doom and Gloom","Compile Driver"],"picked":"Steam","floor":11.0},{"not_picked":["Fusion","Melter"],"picked":"Loop","floor":12.0},{"not_picked":["Darkness","Double Energy"],"picked":"Electrodynamics","floor":13},{"not_picked":["Stack","Redo"],"picked":"Gash","floor":14},{"not_picked":["Amplify","Creative AI"],"picked":"Meteor Strike","floor":16},{"not_picked":["Ball Lightning","Redo"],"picked":"Rebound","floor":18},{"not_picked":["Ball Lightning","Stack+1"],"picked":"Redo+1","floor":19},{"not_picked":["BootSequence","Beam Cell"],"picked":"Hologram","floor":20},{"not_picked":["Recycle","Storm"],"picked":"Multi-Cast","floor":21}],"player_experience":613508,"relics_obtained":[{"floor":7.0,"key":"Potion Belt"},{"floor":9.0,"key":"Mercury Hourglass"},{"floor":13,"key":"InkBottle"}],"event_choices":[{"cards_removed":["Strike_B"],"damage_healed":0.0,"max_hp_gain":0.0,"max_hp_loss":0.0,"gold_gain":0.0,"event_name":"Wheel of Change","player_choice":"Card Removal","floor":3.0,"gold_loss":0.0,"damage_taken":0.0}],"is_beta":false,"boss_relics":[{"not_picked":["Snecko Eye","Empty Cage"],"picked":"Runic Pyramid"}],"items_purged_floors":[8,22],"is_endless":false,"potions_floor_spawned":[1,7,12,13,16,18,21],"killed_by":"Gremlin Leader","ascension_level":20}}