{"host":"7nm1ow5v9mg4ehcw","time":1612286348,"event":{"mods":["BaseMod","Minty Spire (QoL Compilation)","Relic Stats","StSLib"],"gold_per_floor":[112,112,16,33,43,75,0,0,0,16,41,59,70,85,85,163,163,177,177,203,203,203],"floor_reached":21,"language":"ENG","playtime":822,"items_purged":["Strike_R"],"score":382,"play_id":"0c7e7803-e4e6-4ee7-8095-adb6d61a7131","local_time":"20210202181908","is_ascension_mode":true,"campfire_choices":[{"data":"Juggernaut","floor":8,"key":"SMITH"},{"floor":15,"key":"REST"}],"circlet_count":0,"master_deck":["AscendersBane","Strike_R","Strike_R","Defend_R","Defend_R","Defend_R","Defend_R","Bash+1","Clothesline","Evolve","True Grit","Juggernaut+1","Pommel Strike","Impervious","Shrug It Off","Shrug It Off","Pommel Strike","Feed","Battle Trance+1","True Grit","Whirlwind","Iron Wave"],"relics":["SlaversCollar","Mummified Hand","Gremlin Horn","Juzu Bracelet","Mark of Pain","Red Mask"],"acts_visited":["Exordium","TheCity"],"potions_floor_usage":[6,11,13,14,18,21],"damage_taken":[{"damage":11,"enemies":"Small Slimes","floor":1,"turns":5},{"damage":1,"enemies":"Cultist","floor":4,"turns":3},{"damage":13,"enemies":"2 Louse","floor":5,"turns":3},{"damage":6,"enemies":"Gremlin Nob","floor":6,"turns":3},{"damage":7,"enemies":"2 Fungi Beasts","floor":10,"turns":3},{"damage":8,"enemies":"Lagavulin","floor":11,"turns":7},{"damage":10,"enemies":"Large Slime","floor":12,"turns":7},{"damage":9,"enemies":"Blue Slaver","floor":13,"turns":4},{"damage":0,"enemies":"Looter","floor":14,"turns":4},{"damage":24,"enemies":"Hexaghost","floor":16,"turns":10},{"damage":23,"enemies":"Shell Parasite","floor":18,"turns":5},{"damage":33,"enemies":"Masked Bandits","floor":20,"turns":4},{"damage":4,"enemies":"3 Byrds","floor":21,"turns":2}],"seed_played":"7586346666961478373","potions_obtained":[{"floor":4,"key":"Dexterity Potion"},{"floor":11,"key":"PowerPotion"},{"floor":13,"key":"EssenceOfSteel"},{"floor":14,"key":"ElixirPotion"},{"floor":18,"key":"LiquidBronze"},{"floor":20,"key":"LiquidMemories"}],"is_trial":false,"path_per_floor":["M","?","$","M","M","E","$","R","T","M","E","M","M","M","R","B",null,"M","?","?","M"],"character_chosen":"IRONCLAD","items_purchased":["Evolve","SteroidPotion"],"campfire_rested":1,"item_purchase_floors":[3,3],"current_hp_per_floor":[57,57,57,56,43,37,37,37,37,30,22,12,3,3,25,1,57,37,37,4,0,0],"gold":203,"neow_bonus":"BOSS_RELIC","is_daily":false,"chose_seed":false,"campfire_upgraded":1,"win_rate":0.0,"timestamp":1612286348,"path_taken":["M","?","$","M","M","E","?","R","T","M","E","M","M","M","R","BOSS","M","?","?","M"],"items_purchased_type":["Card","Potion"],"build_version":"2020-12-22","purchased_purges":1,"victory":false,"max_hp_per_floor":[75,75,75,75,75,75,75,75,75,75,75,75,75,75,75,75,75,78,78,78,78,78],"relic_stats":{"Gremlin Horn":[5,5],"counters":[13,60],"Mummified Hand":[14],"Juzu Bracelet":0,"obtain_stats":[{"SlaversCollar":0,"Gremlin Horn":9,"Mummified Hand":6,"Mark of Pain":17,"Juzu Bracelet":11,"Red Mask":20,"Burning Blood":0},{"SlaversCollar":0,"Gremlin Horn":4,"Mummified Hand":4,"Mark of Pain":10,"Juzu Bracelet":6,"Red Mask":12,"Burning Blood":0},{"SlaversCollar":0,"Gremlin Horn":14,"Mummified Hand":14,"Mark of Pain":49,"Juzu Bracelet":24,"Red Mask":58,"Burning Blood":0}]},"card_choices":[{"not_picked":["Clash","Wild Strike"],"picked":"Clothesline","floor":1},{"not_picked":["Anger","Dark Embrace","Havoc"],"picked":"SKIP","floor":4},{"not_picked":["Flex","Body Slam"],"picked":"True Grit","floor":5},{"not_picked":["Intimidate","Second Wind"],"picked":"Juggernaut","floor":6},{"not_picked":["Hemokinesis","Warcry"],"picked":"Pommel Strike","floor":10},{"not_picked":["Power Through","Dark Embrace"],"picked":"Impervious","floor":11},{"not_picked":["Shockwave","Body Slam"],"picked":"Shrug It Off","floor":12},{"not_picked":["Fire Breathing","Intimidate"],"picked":"Shrug It Off","floor":13},{"not_picked":["Headbutt","True Grit"],"picked":"Pommel Strike","floor":14},{"not_picked":["Reaper","Limit Break"],"picked":"Feed","floor":16},{"not_picked":["Warcry","Clothesline"],"picked":"Battle Trance+1","floor":18},{"not_picked":["Blood for Blood","Twin Strike"],"picked":"Iron Wave","floor":20}],"player_experience":375136,"relics_obtained":[{"floor":6,"key":"Mummified Hand"},{"floor":9,"key":"Gremlin Horn"},{"floor":11,"key":"Juzu Bracelet"},{"floor":20,"key":"Red Mask"}],"event_choices":[{"damage_healed":0,"gold_gain":0,"player_choice":"Upgraded","damage_taken":0,"max_hp_gain":0,"max_hp_loss":0,"event_name":"Upgrade Shrine","floor":2,"gold_loss":0,"cards_upgraded":["Bash"]},{"damage_healed":0,"gold_gain":0,"cards_transformed":["Strike_R","Strike_R"],"player_choice":"Became Test Subject","damage_taken":0,"max_hp_gain":0,"max_hp_loss":0,"event_name":"Drug Dealer","floor":19,"gold_loss":0,"cards_obtained":["True Grit","Whirlwind"]},{"damage_healed":0,"gold_gain":0,"player_choice":"Fought Bandits","damage_taken":0,"max_hp_gain":0,"max_hp_loss":0,"event_name":"Masked Bandits","floor":20,"gold_loss":0}],"is_beta":false,"boss_relics":[{"not_picked":["Pandora\u0027s Box","Philosopher\u0027s Stone"],"picked":"Mark of Pain"}],"items_purged_floors":[7],"is_endless":false,"potions_floor_spawned":[4,5,11,13,14,18,20],"killed_by":"3 Byrds","ascension_level":20}}