{"host":"8a72fthmlk1o8pdb","time":1612305005,"event":{"mods":["AchievementEnabler","Aspiration","Astrologer","Bard","BaseMod","Beaked The Cultist","Better Sensory Stone","Better Skull","Better Third Choice","ChefMod","Colored Map","Colored Powertips","Dark Map","Downfall","Evolution","Friendly Minions","GifTheSpireLib","Googly Eyes","Gremlin Mod","Hermit","JesterMod","Jorbs\u0027s Wanderer Trilogy","Marisa????????","Minty Spire (QoL Compilation)","Permanent Neow","Random Character Button","Rare Cards Sparkle","Relic Stats","Reliquary","Robot Space Explorer","Shade Mod","Shop Mod","Somnambulant","StSLib","The Alterego","The Animator","The Blue Laboratory","The Construct","The Cursed","The Disciple","The Hayseed","The Hierophant","The Marked","The Necromancer","The Poker Player","The Problem Sleuth","The Runesmith","thorton"],"gold_per_floor":[119,119,129,139,157,157,183,202,202,202,212,387,404,13,13,118,118,138,157,157,173,36,36,364,374,374,374,384,112,125,14,14,112,112,122,136,136,151,170,170,180,180,180,55,90,0,13,13,13],"floor_reached":48,"language":"ENG","playtime":3341,"items_purged":["Doubt","Shade:Strike_Shade","Shade:Strike_Shade"],"score":588,"play_id":"b90004e0-c23c-458a-bfdb-51b10d68052b","local_time":"20210202143005","is_ascension_mode":false,"campfire_choices":[{"data":"Shade:BoneShards","floor":6,"key":"SMITH"},{"floor":10,"key":"REST"},{"data":"Shade:GraveStillness","floor":15,"key":"SMITH"},{"data":"Shade:AuraOfUnlife","floor":23,"key":"SMITH"},{"floor":27,"key":"REST"},{"floor":32,"key":"RECALL"},{"floor":40,"key":"REST"},{"data":"Shade:FreshBones","floor":42,"key":"SMITH"}],"circlet_count":0,"master_deck":["Shade:Strike_Shade","Shade:Strike_Shade","Shade:Defend_Shade","Shade:Defend_Shade","Shade:Defend_Shade","Shade:Defend_Shade","Shade:AnimateDead+1","Shade:CarefulCut","Shade:Bonestorm","Shade:BoneShards+1","Shade:CommandSoldier+1","Shade:SkeletonArmy","Shade:FreshBones+1","Shade:Bonestorm+1","Shade:CloudOfShrapnel","Shade:GraveStillness+1","Shade:AncientSpear","Shade:CloudOfShrapnel+1","Shade:AuraOfUnlife+1","Shade:FreshBones+1","Shade:BoneShards+1","Shade:Bonestorm+1","Shade:Bonestorm+1","Shade:Bonestorm+1","Shade:LoseControl","Shade:FreshBones","Shade:CloudOfShrapnel+1","Shade:Bonestorm+1","Shade:Bonestorm+1","Shade:Bonestorm+1"],"relics":["Shade:YorickPolishedSkull","EVO:Axolotl","MealTicket","reliquary:TridentHead","MerchantsRug","Molten Egg 2","aspiration:SeaSaltIceCream","TheSimpletonMod:PicklingJar","reliquary:WritOfMandamus","Pen Nib","Red Mask"],"acts_visited":["Exordium","TheCity","TheBeyond"],"potions_floor_usage":[7,16,24,25,33],"damage_taken":[{"damage":0,"enemies":"2 Louse","floor":1,"turns":2},{"damage":0,"enemies":"Small Slimes","floor":3,"turns":3},{"damage":0,"enemies":"Cultist","floor":4,"turns":3},{"damage":6,"enemies":"Looter","floor":5,"turns":3},{"damage":37,"enemies":"3 Sentries","floor":7,"turns":6},{"damage":13,"enemies":"Lots of Slimes","floor":8,"turns":3},{"damage":0,"enemies":"Large Slime","floor":11,"turns":2},{"damage":0,"enemies":"Looter","floor":13,"turns":2},{"damage":0,"enemies":"Slime Boss","floor":16,"turns":6},{"damage":6,"enemies":"Chosen","floor":18,"turns":4},{"damage":19,"enemies":"2 Thieves","floor":19,"turns":3},{"damage":14,"enemies":"Snake Plant","floor":21,"turns":3},{"damage":14,"enemies":"Gremlin Leader","floor":24,"turns":5},{"damage":12,"enemies":"Snecko","floor":25,"turns":5},{"damage":6,"enemies":"Sentry and Sphere","floor":28,"turns":3},{"damage":22,"enemies":"Centurion and Healer","floor":30,"turns":3},{"damage":40,"enemies":"Champ","floor":33,"turns":8},{"damage":1,"enemies":"3 Shapes","floor":35,"turns":2},{"damage":16,"enemies":"3 Darklings","floor":36,"turns":3},{"damage":15,"enemies":"Transient","floor":38,"turns":5},{"damage":11,"enemies":"Maw","floor":39,"turns":5},{"damage":3,"enemies":"Sphere and 2 Shapes","floor":41,"turns":3},{"damage":22,"enemies":"Reptomancer","floor":45,"turns":4},{"damage":10,"enemies":"4 Shapes","floor":47,"turns":2},{"damage":35,"enemies":"Spire Growth","floor":48,"turns":3}],"seed_played":"2854647626054460400","potions_obtained":[{"floor":3,"key":"blueLaboratory:TrueEctoplasm"},{"floor":5,"key":"blueLaboratory:SavagePotion"},{"floor":7,"key":"blueLaboratory:HorrorPotion"},{"floor":13,"key":"LiquidMemories"},{"floor":18,"key":"LiquidBronze"},{"floor":24,"key":"FearPotion"},{"floor":33,"key":"blueLaboratory:FruitPreserves"},{"floor":36,"key":"blueLaboratory:PyrophylliteBrew"},{"floor":39,"key":"Strength Potion"},{"floor":41,"key":"blueLaboratory:Moonshine"}],"is_trial":false,"path_per_floor":["M","?","M","M","M","R","E","M","T","R","M","?","M","$","R","B",null,"M","M","?","M","$","R","E","M","T","R","M","$","M","$","R","B",null,"M","M","?","M","M","R","M","R","T","$","E","?","M","M"],"character_chosen":"SHADE","items_purchased":["Shade:GraveStillness","reliquary:Buckler","MerchantsRug","Shade:AuraOfUnlife","aspiration:SeaSaltIceCream","Shade:Bonestorm+1","Shade:Bonestorm+1","LiquidBronze"],"campfire_rested":3,"item_purchase_floors":[14,14,14,22,29,29,31,31],"current_hp_per_floor":[71,71,71,71,65,65,28,15,15,36,36,36,36,51,51,51,71,65,46,46,32,47,47,33,21,21,42,36,51,29,44,44,4,71,70,54,54,39,28,49,46,46,46,61,39,39,29,0,0],"gold":13,"neow_bonus":"TEN_PERCENT_HP_BONUS","is_daily":false,"chose_seed":false,"campfire_upgraded":4,"win_rate":0.0,"timestamp":1612305005,"path_taken":["M","?","M","M","M","R","E","M","T","R","M","?","M","$","R","BOSS","M","M","?","M","$","R","E","M","T","R","M","$","M","?","R","BOSS","M","M","?","M","?","R","?","R","T","$","E","?","M","M"],"items_purchased_type":["Card","Relic","Relic","Card","Relic","Card","Card","Potion"],"build_version":"2020-12-22","purchased_purges":3,"victory":false,"max_hp_per_floor":[71,71,71,71,71,71,71,71,71,71,71,71,71,71,71,71,71,71,71,71,71,71,71,71,71,71,71,71,71,71,71,71,71,71,71,71,71,71,71,71,71,71,71,71,71,71,71,71,71],"relic_stats":{"counters":[25,91],"MealTicket":75,"Pen Nib":[1],"obtain_stats":[{"MerchantsRug":14,"Shade:YorickSkull":0,"Shade:YorickPolishedSkull":17,"Pen Nib":45,"EVO:Axolotl":0,"aspiration:SeaSaltIceCream":29,"Old Coin":24,"reliquary:TridentHead":9,"MealTicket":7,"reliquary:Buckler":14,"Molten Egg 2":26,"Red Mask":46,"reliquary:WritOfMandamus":34,"TheSimpletonMod:PicklingJar":29},{"MerchantsRug":8,"Shade:YorickSkull":0,"Shade:YorickPolishedSkull":9,"Pen Nib":23,"EVO:Axolotl":0,"aspiration:SeaSaltIceCream":15,"Old Coin":13,"reliquary:TridentHead":6,"MealTicket":5,"reliquary:Buckler":8,"Molten Egg 2":14,"Red Mask":23,"reliquary:WritOfMandamus":17,"TheSimpletonMod:PicklingJar":15},{"MerchantsRug":24,"Shade:YorickSkull":0,"Shade:YorickPolishedSkull":30,"Pen Nib":86,"EVO:Axolotl":0,"aspiration:SeaSaltIceCream":53,"Old Coin":45,"reliquary:TridentHead":20,"MealTicket":17,"reliquary:Buckler":24,"Molten Egg 2":50,"Red Mask":86,"reliquary:WritOfMandamus":64,"TheSimpletonMod:PicklingJar":53}]},"card_choices":[{"not_picked":["Shade:ClawBack","Shade:CommandSoldier"],"picked":"Shade:Bonestorm","floor":1},{"not_picked":["Shade:Brains","Shade:CommandSoldier"],"picked":"Shade:BoneShards","floor":3},{"not_picked":["Shade:Trample","Shade:ClawBack"],"picked":"Shade:CommandSoldier","floor":4},{"not_picked":["Shade:ClawBack","Shade:FingerOfDeath"],"picked":"Shade:SkeletonArmy","floor":5},{"not_picked":["Shade:StitchTogether","Shade:GoDigging"],"picked":"Shade:FreshBones","floor":7},{"not_picked":["Shade:FuneraryArmor","Shade:SpectralStrikes"],"picked":"Shade:Bonestorm","floor":8},{"not_picked":["Shade:FeralStrike","Shade:ClawBack","Shade:FingerOfDeath"],"picked":"SKIP","floor":11},{"not_picked":["Shade:WallOfFlesh","Shade:SelfBurial"],"picked":"Shade:CloudOfShrapnel","floor":13},{"not_picked":["Shade:BoneShards","Shade:ExtraLimbs+1"],"picked":"Shade:AncientSpear","floor":18},{"not_picked":["Shade:Bonestorm+1","Shade:FeralStrike"],"picked":"Shade:CloudOfShrapnel+1","floor":19},{"not_picked":["Shade:Excise","Shade:DangerousRitual","Shade:FuneraryArmor"],"picked":"SKIP","floor":21},{"not_picked":["Shade:Asphyxiate","Shade:ExtraLimbs","Shade:SkeletonArmy"],"picked":"SKIP","floor":24},{"not_picked":["Shade:Frenzy","Shade:CoffinDance"],"picked":"Shade:FreshBones","floor":25},{"not_picked":["Shade:ClawBack+1","Shade:AncientSpear+1"],"picked":"Shade:BoneShards+1","floor":28},{"not_picked":["Shade:Frenzy","Shade:Haruspicy"],"picked":"Shade:Bonestorm+1","floor":30},{"not_picked":["Shade:LastGasp","Shade:DarkOfNight"],"picked":"Shade:LoseControl","floor":33},{"not_picked":["Shade:BoneShards+1","Shade:FleshToFlesh+1"],"picked":"Shade:FreshBones","floor":35},{"not_picked":["Shade:Doomsay+1","Shade:ExtraLimbs+1"],"picked":"Shade:CloudOfShrapnel+1","floor":36},{"not_picked":["Shade:BoneShards+1","Shade:AncientSpear+1"],"picked":"Shade:Bonestorm+1","floor":38},{"not_picked":["Shade:ClawBack+1","Shade:AncientSpear+1"],"picked":"Shade:Bonestorm+1","floor":39},{"not_picked":["Shade:GreyBargain+1","Shade:DarkOfNight"],"picked":"Shade:Bonestorm+1","floor":41},{"not_picked":["Shade:AncientSpear+1","Shade:BoneShards+1","Shade:SpectralStrikes+1"],"picked":"SKIP","floor":45},{"not_picked":["Shade:TouchOfTheGrave+1","Shade:Haruspicy+1","Shade:FuneraryArmor"],"picked":"SKIP","floor":47}],"player_experience":107498,"relics_obtained":[{"floor":7,"key":"MealTicket"},{"floor":9,"key":"reliquary:TridentHead"},{"floor":24,"key":"Old Coin"},{"floor":26,"key":"Molten Egg 2"},{"floor":45,"key":"Pen Nib"}],"event_choices":[{"damage_healed":0,"gold_gain":0,"player_choice":"Ignored","damage_taken":0,"max_hp_gain":0,"max_hp_loss":0,"event_name":"Golden Wing","floor":2,"gold_loss":0},{"damage_healed":0,"gold_gain":175,"player_choice":"AGREE","damage_taken":212,"max_hp_gain":0,"max_hp_loss":0,"event_name":"betterThird:BetterSerpent","floor":12,"gold_loss":0},{"damage_healed":0,"gold_gain":0,"player_choice":"Upgraded","damage_taken":0,"max_hp_gain":0,"max_hp_loss":0,"event_name":"Upgrade Shrine","floor":20,"gold_loss":0,"cards_upgraded":["Shade:FreshBones"]},{"damage_healed":0,"gold_gain":0,"player_choice":"Upgraded","damage_taken":0,"max_hp_gain":0,"max_hp_loss":0,"event_name":"Upgrade Shrine","floor":37,"gold_loss":0,"cards_upgraded":["Shade:CommandSoldier"]},{"damage_healed":0,"gold_gain":0,"player_choice":"Paid","damage_taken":0,"relics_obtained":["Red Mask"],"max_hp_gain":0,"max_hp_loss":0,"event_name":"Tomb of Lord Red Mask","floor":46,"gold_loss":90}],"is_beta":false,"boss_relics":[{"not_picked":["Empty Cage","Fusion Hammer"],"picked":"Shade:YorickPolishedSkull"},{"not_picked":["Astrolabe","aspiration:RunesmithSkillbook"],"picked":"reliquary:WritOfMandamus"}],"items_purged_floors":[14,22,44],"is_endless":false,"potions_floor_spawned":[3,5,7,13,18,24,33,36,39,41,45],"killed_by":"Spire Growth","ascension_level":0}}