{"host":"4jpe1m3cviuzvkch","time":1612258151,"event":{"mods":["BaseMod","Marisa£®ÏF”Í°°ƒß¿Ì…≥£©","Minty Spire (QoL Compilation)","Remilia£®¿Ÿ√◊¿Ú—«£©","StSLib","The Servant 0.9.4","Youmu£®ªÍ∆«—˝√Œ£©"],"gold_per_floor":[119,194,194,23,39,73,90,108,108,108,128,128,163,20,20,115,115,125,125,135,135,155,188,188,202,202,202,213,242,261,286,286,386,386,403,99,110,110,165,165,177,207,207,207,234,234,249,265,265,265,265,265,29,64,64],"floor_reached":56,"language":"ZHS","playtime":2055,"items_purged":["Strike_RM"],"score":1871,"play_id":"ca3813e8-654e-452d-9538-633a2e926890","local_time":"20210202172911","is_ascension_mode":true,"campfire_choices":[{"data":"SuperhumanBloodyKnife","floor":10.0,"key":"SMITH"},{"data":"DemonKingCradle","floor":12.0,"key":"SMITH"},{"data":"RedMoon","floor":15.0,"key":"SMITH"},{"floor":24.0,"key":"REST"},{"data":"EternalNight","floor":27.0,"key":"SMITH"},{"floor":32.0,"key":"REST"},{"floor":40.0,"key":"RECALL"},{"data":"TransientEternity","floor":44.0,"key":"SMITH"},{"data":"BloodySeventeenLaser","floor":49.0,"key":"SMITH"},{"data":"CeilingFear","floor":52.0,"key":"SMITH"}],"circlet_count":0,"master_deck":["Strike_RM+1","Strike_RM","Defend_RM","Defend_RM+1","RedMoon+1","ScarletShoot","ScarletGensokyo","Panacea","SuperhumanBloodyKnife+1","LeisurelyOfLord","BloodyMagicSquare+1","DemonKingCradle+1","VampireKiss","TransientEternity+1","ScarletDevil","BloodAndWine+1","VampireKiss","MillenniumVampire","EternalNight+1","BloodHunter+1","ScarletDevilSign+1","CeilingFear+1","StarOfDavid+1","ForecastOfChange","HellCatastrophe+1","BloodyMagicSquare+1","UnderTheZenith+1","Panache","BloodyMagicSquare","VampireClaw+1","BloodyTrap+1","Madness","Madness","BloodySeventeenLaser+1","DiffusionOfMisfortune","Flash of Steel","ScarletNetherworld+1"],"relics":["ScarletHat","NeowsBlessing","Anchor","Oddly Smooth Stone","Question Card","Lee\u0027s Waffle","SlaversCollar","Shovel","Sundial","Red Mask","Bag of Preparation","ScarletEmblem","Orichalcum","Blood Vial","CatCart","Bronze Scales","War Paint","Whetstone","Letter Opener"],"acts_visited":["Exordium","TheCity","TheBeyond","TheEnding"],"potions_floor_usage":[55,55,55],"damage_taken":[{"damage":0.0,"enemies":"2 Louse","floor":1.0,"turns":1.0},{"damage":0.0,"enemies":"Small Slimes","floor":5.0,"turns":2.0},{"damage":0.0,"enemies":"Lagavulin","floor":6.0,"turns":1.0},{"damage":0.0,"enemies":"Cultist","floor":7.0,"turns":4.0},{"damage":19.0,"enemies":"Large Slime","floor":8.0,"turns":6.0},{"damage":0.0,"enemies":"3 Louse","floor":11.0,"turns":4.0},{"damage":19.0,"enemies":"Gremlin Nob","floor":13.0,"turns":3.0},{"damage":60.0,"enemies":"The Guardian","floor":16.0,"turns":6.0},{"damage":55.0,"enemies":"2 Thieves","floor":18.0,"turns":4.0},{"damage":0.0,"enemies":"Chosen","floor":20.0,"turns":4.0},{"damage":0.0,"enemies":"Snecko","floor":22.0,"turns":5.0},{"damage":14.0,"enemies":"Book of Stabbing","floor":23.0,"turns":4.0},{"damage":25.0,"enemies":"Centurion and Healer","floor":25.0,"turns":7.0},{"damage":18.0,"enemies":"Snake Plant","floor":28.0,"turns":2.0},{"damage":13.0,"enemies":"Masked Bandits","floor":29.0,"turns":4.0},{"damage":2.0,"enemies":"Snecko","floor":30.0,"turns":3.0},{"damage":8.0,"enemies":"Gremlin Leader","floor":31.0,"turns":3.0},{"damage":28.0,"enemies":"Collector","floor":33.0,"turns":3.0},{"damage":38.0,"enemies":"3 Darklings","floor":35.0,"turns":5.0},{"damage":25.0,"enemies":"Orb Walker","floor":37.0,"turns":1.0},{"damage":24.0,"enemies":"Orin","floor":39.0,"turns":8.0},{"damage":23.0,"enemies":"Maw","floor":41.0,"turns":3.0},{"damage":26.0,"enemies":"Giant Head","floor":42.0,"turns":2.0},{"damage":25.0,"enemies":"Sphere and 2 Shapes","floor":47.0,"turns":2.0},{"damage":11.0,"enemies":"Spire Growth","floor":48.0,"turns":2.0},{"damage":21.0,"enemies":"Awakened One","floor":50.0,"turns":3.0},{"damage":69,"enemies":"Shield and Spear","floor":54,"turns":5},{"damage":30,"enemies":"The Heart","floor":55,"turns":6}],"seed_played":"-7803691253106556483","potions_obtained":[{"floor":6.0,"key":"SpeedPotion"},{"floor":11.0,"key":"EssenceOfSteel"},{"floor":16.0,"key":"Ancient Potion"},{"floor":18.0,"key":"Block Potion"},{"floor":19.0,"key":"SkillPotion"},{"floor":19.0,"key":"Block Potion"},{"floor":25.0,"key":"LiquidBronze"},{"floor":28.0,"key":"BlessingOfTheForge"},{"floor":33.0,"key":"GamblersBrew"},{"floor":35.0,"key":"Regen Potion"},{"floor":54,"key":"Strength Potion"}],"is_trial":false,"path_per_floor":["M","?","?","$","M","E","M","M","T","R","M","R","E","$","R","B",null,"M","?","M","?","M","E","R","M","T","R","M","?","M","E","R","B",null,"M","$","M","?","?","R","M","E","T","R","T","?","M","M","R","B",null,"R","$","E","B",null],"character_chosen":"REMILIA","items_purchased":["Panacea","Lee\u0027s Waffle","Orichalcum","Blood Vial","Flash of Steel","Whetstone"],"campfire_rested":2,"item_purchase_floors":[4,14,36,36,53,53],"current_hp_per_floor":[68,57,50,50,52,52,54,38,38,38,38,38,20,82,82,43,72,19,19,26,26,26,22,46,36,36,36,25,24,30,29,53,45,73,47,47,25,25,22,22,25,39,39,39,39,29,10,13,13,25,68,68,68,21,89],"gold":64,"neow_bonus":"THREE_ENEMY_KILL","is_daily":false,"chose_seed":false,"campfire_upgraded":7,"win_rate":0.0,"timestamp":1612258151,"path_taken":["M","?","?","$","M","E","M","M","T","R","M","R","E","$","R","BOSS","M","?","?","?","M","E","R","M","T","R","M","?","?","E","R","BOSS","M","$","M","?","?","R","M","E","T","R","?","?","M","M","R","BOSS","R","$","E","BOSS"],"items_purchased_type":["Card","Relic","Relic","Relic","Card","Relic"],"build_version":"2020-12-22","purchased_purges":1,"victory":true,"max_hp_per_floor":[75,75,75,75,75,75,75,75,75,75,75,75,75,82,82,82,82,82,82,82,82,82,82,82,82,82,82,82,82,82,82,82,82,82,82,82,82,82,82,82,82,82,82,82,82,82,82,82,82,82,82,82,82,86,90],"card_choices":[{"not_picked":["UnderTheZenith","RedRainbow"],"picked":"ScarletGensokyo","floor":1.0},{"not_picked":["MastersStateliness","RedNightlessCastle"],"picked":"SuperhumanBloodyKnife","floor":5.0},{"not_picked":["BombardNight","BlasphemousPunishment","UnstableMagic"],"picked":"SKIP","floor":6.0},{"not_picked":["RedRainbow","UnderTheZenith"],"picked":"LeisurelyOfLord","floor":7.0},{"not_picked":["ScarletDevil","UnderTheZenith"],"picked":"BloodyMagicSquare","floor":8.0},{"not_picked":["RedMagic","NightDance"],"picked":"DemonKingCradle","floor":11.0},{"not_picked":["ScarletGensokyo","UnstableMagic"],"picked":"VampireKiss","floor":13.0},{"not_picked":["BloodyHallows","ForecastOfChange","CeilingFear"],"picked":"TransientEternity","floor":16.0},{"not_picked":["ScarletDevilSign","UnstableMagic","UnderTheZenith"],"picked":"ScarletDevil","floor":18.0},{"not_picked":["GlobalNightmare","ScarletDream","FitfulNightmare"],"picked":"BloodAndWine+1","floor":20.0},{"not_picked":["Ultimatum","RedMagic","HunterOfTheNight"],"picked":"EternalNight","floor":22.0},{"not_picked":["DiffusionOfMisfortune","DemonKingCradle","StarOfDavid+1"],"picked":"BloodHunter+1","floor":23.0},{"not_picked":["LeisurelyOfLord+1","ScarletImprint","TwelveNightmare"],"picked":"ScarletDevilSign+1","floor":25.0},{"not_picked":["FitfulNightmare","ScarletGensokyo","CharismaGuard","UnderTheZenith+1"],"picked":"SKIP","floor":28.0},{"not_picked":["RedMagic","RedRainbow","EndlessAdversity"],"picked":"CeilingFear","floor":29.0},{"not_picked":["RedRainbow+1","ChainGang","RedMagic"],"picked":"StarOfDavid+1","floor":30.0},{"not_picked":["RedRainbow","ScarletDevil","NightLord"],"picked":"ForecastOfChange","floor":31.0},{"not_picked":["DemonKingCradle","ScarletMeister","BatForm"],"picked":"HellCatastrophe","floor":33.0},{"not_picked":["ScarletImprint","UnderTheZenith","BloodAndWine"],"picked":"BloodyMagicSquare+1","floor":35.0},{"not_picked":["CharismaGuard","UnstableMagic+1","RedNightlessCastle"],"picked":"UnderTheZenith+1","floor":37.0},{"not_picked":["Mayhem","Violence","Magnetism"],"picked":"Panache","floor":38.0},{"not_picked":["ScarletImprint","UnstableMagic+1","UnderTheZenith"],"picked":"BloodyMagicSquare","floor":39.0},{"not_picked":["BloodHunter+1","Maim","CharismaGuard+1"],"picked":"VampireClaw+1","floor":41.0},{"not_picked":["ScarletDevil","LeisurelyOfLord+1","CharismaGuard"],"picked":"BloodyTrap+1","floor":42.0},{"not_picked":["EmergencyRegeneration","BlasphemousPunishment","Septette"],"picked":"BloodySeventeenLaser","floor":47.0},{"not_picked":["RedMagic+1","ScarletDevil","Stigmanizer+1"],"picked":"DiffusionOfMisfortune","floor":48.0},{"not_picked":["Stigmanizer","RedRainbow","EndlessAdversity"],"picked":"ScarletNetherworld+1","floor":54}],"player_experience":328966,"relics_obtained":[{"floor":6.0,"key":"Anchor"},{"floor":9.0,"key":"Oddly Smooth Stone"},{"floor":13.0,"key":"Question Card"},{"floor":23.0,"key":"Shovel"},{"floor":26.0,"key":"Sundial"},{"floor":29.0,"key":"Red Mask"},{"floor":31.0,"key":"Bag of Preparation"},{"floor":39.0,"key":"CatCart"},{"floor":42.0,"key":"Bronze Scales"},{"floor":45.0,"key":"War Paint"},{"floor":54,"key":"Letter Opener"}],"event_choices":[{"damage_healed":0.0,"max_hp_gain":0.0,"max_hp_loss":0.0,"gold_gain":75.0,"event_name":"World of Goop","player_choice":"Gather Gold","floor":2.0,"gold_loss":0.0,"damage_taken":11.0},{"cards_removed":["Defend_RM"],"damage_healed":0.0,"max_hp_gain":0.0,"max_hp_loss":0.0,"gold_gain":0.0,"event_name":"Golden Wing","player_choice":"Card Removal","floor":3.0,"gold_loss":0.0,"damage_taken":7.0},{"damage_healed":0.0,"max_hp_gain":0.0,"max_hp_loss":0.0,"gold_gain":0.0,"event_name":"Lab","player_choice":"Got Potions","floor":19.0,"gold_loss":0.0,"damage_taken":0.0},{"damage_healed":0.0,"max_hp_gain":0.0,"max_hp_loss":0.0,"gold_gain":0.0,"cards_transformed":["Defend_RM","Strike_RM"],"event_name":"Drug Dealer","player_choice":"Became Test Subject","floor":21.0,"gold_loss":0.0,"damage_taken":0.0,"cards_obtained":["VampireKiss","MillenniumVampire"]},{"damage_healed":0.0,"max_hp_gain":0.0,"max_hp_loss":0.0,"gold_gain":0.0,"event_name":"Masked Bandits","player_choice":"Fought Bandits","floor":29.0,"gold_loss":0.0,"damage_taken":0.0},{"damage_healed":0.0,"max_hp_gain":0.0,"max_hp_loss":0.0,"gold_gain":0.0,"event_name":"SensoryStone","player_choice":"Memory 1","floor":38.0,"gold_loss":0.0,"damage_taken":0.0},{"damage_healed":0.0,"max_hp_gain":0.0,"max_hp_loss":0.0,"gold_gain":0.0,"event_name":"OrinTheCat","player_choice":"Fight","floor":39.0,"gold_loss":0.0,"damage_taken":0.0},{"damage_healed":0.0,"max_hp_gain":0.0,"max_hp_loss":0.0,"gold_gain":0.0,"event_name":"Winding Halls","player_choice":"Embrace Madness","floor":46.0,"gold_loss":0.0,"damage_taken":10.0,"cards_obtained":["Madness","Madness"]}],"is_beta":false,"boss_relics":[{"not_picked":["Empty Cage","SacredBark"],"picked":"SlaversCollar"},{"not_picked":["Runic Pyramid","Tiny House"],"picked":"ScarletEmblem"}],"items_purged_floors":[4],"is_endless":false,"potions_floor_spawned":[6,11,16,18,25,28,33,35,37,54],"ascension_level":7}}