{"host":"f7rb14kzcw8hx1r1","time":1612265509,"event":{"mods":["BaseMod","Better Note","Better Third Choice","Colored Map","Highlight Path","Hubris","Minty Spire (QoL Compilation)","Replay The Spire","StSLib","The Forsaken"],"gold_per_floor":[116,131,141,141,159,159,192,192,219,219,238,249,275,64,64,161,161,176,196,50,50,50,84,84,112,112,112,122,122,136,151,151,252,252,264,264,276,276,276,311,311,338,338,318,336,346,206,14,14,14],"floor_reached":51,"language":"ENG","playtime":1869,"items_purged":["Strike_R","Strike_R","Strike_R+1"],"score":780,"play_id":"b29ae29e-aed2-4635-b066-808cb248233b","local_time":"20210202123149","is_ascension_mode":false,"campfire_choices":[{"data":"True Grit","floor":6.0,"key":"SMITH"},{"data":"Bash","floor":8.0,"key":"SMITH"},{"data":"Juggernaut","floor":15,"key":"SMITH"},{"data":"After Image","floor":24,"key":"SMITH"},{"data":"Warcry","floor":29,"key":"SMITH"},{"data":"Intimidate","floor":32,"key":"SMITH"},{"data":"Iron Wave","floor":41,"key":"SMITH"},{"data":"Strike_R+1","floor":49,"key":"PURGE"}],"circlet_count":0,"master_deck":["Defend_R","Defend_R","Defend_R","Defend_R","Bash+1","True Grit+1","Blood for Blood+1","Headbutt","Thunderclap","Juggernaut+1","Inflame","Battle Trance","Impervious","Cleave","Feel No Pain+1","After Image+1","Iron Wave+1","Intimidate+1","Warcry+1","Body Slam+1","Exhume+1","Infernal Blade+1","Shrug It Off+1","Warcry+1","Iron Wave+1","Disarm","ReplayTheSpireMod:Stacked"],"relics":["Burning Blood","ReplayTheSpireMod:Spearhead","Orichalcum","Garlic","Black Star","Sling","Omamori","MealTicket","Replay:WaspNest","ReplayTheSpireMod:TigerMarble","Replay:Towering Pillar of Hats","Pen Nib","Calling Bell","Bag of Preparation","Question Card","Prayer Wheel","Mango","StoneCalendar","Replay:Mystery Machine","Anchor","Mummified Hand"],"acts_visited":["Exordium","TheCity","TheBeyond"],"potions_floor_usage":[19,25,40,50,50,50],"damage_taken":[{"damage":0.0,"enemies":"Small Slimes","floor":1.0,"turns":3.0},{"damage":2.0,"enemies":"2 Louse","floor":2.0,"turns":3.0},{"damage":10.0,"enemies":"Cultist","floor":3.0,"turns":6.0},{"damage":4.0,"enemies":"3 Louse","floor":5.0,"turns":5.0},{"damage":21.0,"enemies":"Gremlin Nob","floor":7.0,"turns":4.0},{"damage":5,"enemies":"Lots of Slimes","floor":11,"turns":3},{"damage":4,"enemies":"Blue Slaver","floor":12,"turns":4},{"damage":12,"enemies":"Lagavulin","floor":13,"turns":7},{"damage":7,"enemies":"Hexaghost","floor":16,"turns":7},{"damage":0,"enemies":"Chosen","floor":18,"turns":4},{"damage":12,"enemies":"Spheric Guardian","floor":19,"turns":4},{"damage":17,"enemies":"Slavers","floor":23,"turns":4},{"damage":19,"enemies":"Gremlin Leader","floor":25,"turns":6},{"damage":3,"enemies":"Cultist and Chosen","floor":28,"turns":5},{"damage":7,"enemies":"Centurion and Healer","floor":30,"turns":7},{"damage":3,"enemies":"Chosen and Byrds","floor":31,"turns":5},{"damage":42,"enemies":"Champ","floor":33,"turns":10},{"damage":0,"enemies":"3 Darklings","floor":35,"turns":5},{"damage":0,"enemies":"Orb Walker","floor":37,"turns":4},{"damage":12,"enemies":"R_Hoarder","floor":40,"turns":6},{"damage":10,"enemies":"Reptomancer","floor":42,"turns":7},{"damage":4,"enemies":"4 Shapes","floor":45,"turns":4},{"damage":0,"enemies":"Sphere and 2 Shapes","floor":46,"turns":3},{"damage":8,"enemies":"Time Eater","floor":50,"turns":8}],"seed_played":"-5250800736847823817","potions_obtained":[{"floor":1.0,"key":"GamblersBrew"},{"floor":5.0,"key":"Adrenaline Potion"},{"floor":12,"key":"Elixir"},{"floor":13,"key":"Elixir"},{"floor":19,"key":"Fire Potion"},{"floor":25,"key":"DuplicationPotion"},{"floor":28,"key":"BloodPotion"},{"floor":33,"key":"Ancient Potion"},{"floor":35,"key":"Adrenaline Potion"},{"floor":44,"key":"SkillPotion"}],"is_trial":false,"path_per_floor":["M","M","M","?","M","R","E","R","T","?","M","M","E","$","R","B",null,"M","M","$","?","?","E","R","E","T","?","M","R","M","M","R","B",null,"M","?","M","?","?","E","R","E","T","?","M","M","$","$","R_BF","B",null],"character_chosen":"IRONCLAD","items_purchased":["Inflame","Battle Trance","Sling","Disarm","ReplayTheSpireMod:Stacked"],"campfire_rested":0,"item_purchase_floors":[14,14,20,47,48],"current_hp_per_floor":[80,80,76,60,62,62,47,47,47,47,48,50,44,44,44,43,80,80,74,74,74,74,63,63,50,50,50,56,56,67,70,70,34,83,83,83,83,83,83,91,91,87,87,87,89,95,97,97,97,97],"gold":14,"neow_bonus":"RANDOM_EVENT","is_daily":false,"chose_seed":false,"campfire_upgraded":7,"win_rate":0.0,"timestamp":1612265509,"path_taken":["M","M","M","?","M","R","E","R","T","?","M","M","E","$","R","BOSS","M","?","$","?","?","E","R","E","T","?","M","R","?","M","R","BOSS","M","?","?","?","?","E","R","E","T","?","?","M","?","$","R_BF","BOSS"],"items_purchased_type":["Card","Card","Relic","Card","Card"],"build_version":"2020-12-22","purchased_purges":3,"victory":true,"max_hp_per_floor":[80,80,80,80,80,80,80,80,80,80,80,80,80,80,80,80,80,80,80,80,80,80,80,80,80,80,80,83,83,83,83,83,83,83,83,83,83,83,83,97,97,97,97,97,97,97,97,97,97,97],"card_choices":[{"not_picked":["Dual Wield","Bloodletting","hubris:ReadiedAction"],"picked":"SKIP","floor":1.0},{"not_picked":["Warcry","Searing Blow"],"picked":"Blood for Blood","floor":2.0},{"not_picked":["True Grit","Perfected Strike","Havoc"],"picked":"SKIP","floor":3.0},{"not_picked":["Searing Blow","Fire Breathing"],"picked":"Headbutt","floor":5.0},{"not_picked":["Headbutt","Ghostly Armor"],"picked":"Thunderclap","floor":7.0},{"not_picked":["Thunderclap","Whirlwind","Abandon"],"picked":"SKIP","floor":11},{"not_picked":["Run Through","Seeing Red"],"picked":"Juggernaut","floor":12},{"not_picked":["Flex","Armaments","Twin Strike"],"picked":"SKIP","floor":13},{"not_picked":["Eclipse","Brutality"],"picked":"Impervious","floor":16},{"not_picked":["ReplayTheSpireMod:Limb From Limb","ReplayTheSpireMod:Strike From Hell+1"],"picked":"Cleave","floor":18},{"not_picked":["Life Link","ReplayTheSpireMod:LeadingStrike"],"picked":"Feel No Pain+1","floor":19},{"not_picked":["Abandon","Demon Form"],"picked":"Iron Wave","floor":23},{"not_picked":["Clash","Inflame"],"picked":"Intimidate","floor":25},{"not_picked":["Pommel Strike","Life Link"],"picked":"Warcry","floor":28},{"not_picked":["Clothesline","Second Wind","Havoc"],"picked":"SKIP","floor":30},{"not_picked":["Cleave","Havoc","Flex"],"picked":"SKIP","floor":31},{"not_picked":["Armaments+1","Pommel Strike","Dual Wield+1"],"picked":"Body Slam+1","floor":35},{"not_picked":["Anger+1","Inflame","Replay:Undeath\u0027s Touch"],"picked":"Exhume","floor":35},{"not_picked":["Warcry","Hemokinesis+1","Wild Strike"],"picked":"Defy Death","floor":37},{"not_picked":["Armaments","Twin Strike","ReplayTheSpireMod:LeadingStrike+1","Replay:Undeath\u0027s Touch+1"],"picked":"SKIP","floor":37},{"not_picked":["Armaments","Wild Strike","Sentinel","ReplayTheSpireMod:Strike From Hell"],"picked":"SKIP","floor":40},{"not_picked":["Feel No Pain","Fire Breathing+1","Eclipse"],"picked":"Infernal Blade+1","floor":42},{"not_picked":["Dual Wield+1","Iron Wave","True Grit"],"picked":"Shrug It Off+1","floor":45},{"not_picked":["Pommel Strike","Heavy Blade+1","Havoc","ReplayTheSpireMod:Limb From Limb"],"picked":"SKIP","floor":45},{"not_picked":["Shrug It Off","Armaments+1","Demonic Infusion"],"picked":"Warcry+1","floor":46},{"not_picked":["Dropkick+1","Sword Boomerang+1","Perfected Strike+1"],"picked":"Iron Wave+1","floor":46}],"player_experience":953370,"relics_obtained":[{"floor":7.0,"key":"ReplayTheSpireMod:Spearhead"},{"floor":9.0,"key":"Orichalcum"},{"floor":13,"key":"Garlic"},{"floor":23,"key":"Omamori"},{"floor":23,"key":"MealTicket"},{"floor":25,"key":"Replay:WaspNest"},{"floor":25,"key":"ReplayTheSpireMod:TigerMarble"},{"floor":26,"key":"Replay:Towering Pillar of Hats"},{"floor":34,"key":"Bag of Preparation"},{"floor":34,"key":"Question Card"},{"floor":34,"key":"Prayer Wheel"},{"floor":40,"key":"Mango"},{"floor":40,"key":"StoneCalendar"},{"floor":42,"key":"Replay:Mystery Machine"},{"floor":42,"key":"Anchor"},{"floor":43,"key":"Mummified Hand"}],"event_choices":[{"damage_healed":76.0,"max_hp_gain":0.0,"max_hp_loss":80.0,"gold_gain":0.0,"event_name":"betterThird:BetterShining","player_choice":"Upgrade","floor":4.0,"gold_loss":0.0,"damage_taken":16.0,"cards_upgraded":["Strike_R","Strike_R"]},{"damage_healed":0.0,"max_hp_gain":0.0,"max_hp_loss":0.0,"gold_gain":0.0,"event_name":"Accursed Blacksmith","player_choice":"Forge","floor":10.0,"gold_loss":0.0,"damage_taken":0.0,"cards_upgraded":["Blood for Blood"]},{"cards_removed":["Inflame"],"damage_healed":0,"gold_gain":0,"player_choice":"Take \u0026 Give","damage_taken":0,"max_hp_gain":0,"max_hp_loss":0,"event_name":"betterNote:BetterNote","floor":21,"gold_loss":0,"cards_obtained":["After Image"]},{"cards_removed":["Strike_R"],"damage_healed":0,"gold_gain":0,"player_choice":"Elegance","damage_taken":0,"max_hp_gain":0,"max_hp_loss":0,"event_name":"betterThird:BetterWriting","floor":22,"gold_loss":0},{"damage_healed":0,"gold_gain":0,"player_choice":"Opened","damage_taken":0,"relics_obtained":["Pen Nib"],"max_hp_gain":0,"max_hp_loss":0,"event_name":"The Mausoleum","floor":27,"gold_loss":0},{"damage_healed":0,"gold_gain":0,"player_choice":"Upgraded","damage_taken":0,"max_hp_gain":0,"max_hp_loss":0,"event_name":"Upgrade Shrine","floor":36,"gold_loss":0,"cards_upgraded":["Exhume"]},{"cards_removed":["Defy Death"],"damage_healed":0,"gold_gain":0,"player_choice":"Removed Skill","damage_taken":0,"max_hp_gain":0,"max_hp_loss":0,"event_name":"Falling","floor":38,"gold_loss":0},{"damage_healed":0,"gold_gain":0,"player_choice":"Ignored","damage_taken":0,"max_hp_gain":0,"max_hp_loss":0,"event_name":"Tomb of Lord Red Mask","floor":39,"gold_loss":0},{"damage_healed":0,"gold_gain":0,"player_choice":"Bought 1 Potion","damage_taken":0,"max_hp_gain":0,"max_hp_loss":0,"event_name":"The Woman in Blue","floor":44,"gold_loss":0}],"is_beta":false,"boss_relics":[{"not_picked":["Ring of Chaos","hubris:CrackedHourglass"],"picked":"Black Star"},{"not_picked":["hubris:Backtick","Cursed Key"],"picked":"Calling Bell"}],"items_purged_floors":[14,47,48],"is_endless":false,"potions_floor_spawned":[1,5,12,13,16,19,25,28,33,35,37],"ascension_level":0}}