{"host":"czyddnh1ekzxzhp2","time":1612291797,"event":{"mods":["BaseMod","Better Third Choice","BetterRewards","Hermit","Minty Spire (QoL Compilation)","StSLib"],"gold_per_floor":[118,134,154,168,168,202,202,216,241,241,279,279,295,320,320,320,320],"floor_reached":16,"language":"ENG","playtime":1142,"items_purged":["hermit:Strike_Hermit"],"score":125,"play_id":"c52683a5-be5c-499a-92be-8e5fbae5c25c","local_time":"20210202134957","is_ascension_mode":true,"campfire_choices":[{"floor":7,"key":"REST"},{"data":"hermit:LoneWolf","floor":10,"key":"SMITH"},{"floor":15,"key":"REST"}],"circlet_count":0,"master_deck":["hermit:Strike_Hermit","hermit:Strike_Hermit","hermit:Strike_Hermit","hermit:Defend_Hermit","hermit:Defend_Hermit","hermit:Defend_Hermit","hermit:Defend_Hermit","hermit:Snapshot","hermit:Covet","hermit:NoHoldsBarred","hermit:Cheat","hermit:Malice","hermit:LoneWolf+1","hermit:FlashPowder","hermit:SprayPray","hermit:Roulette","Madness","hermit:Roughhouse","hermit:GhostlyPresence"],"relics":["hermit:Momento","Thread and Needle","Orrery","Golden Idol","Strawberry","Omamori","Oddly Smooth Stone"],"acts_visited":["Exordium"],"potions_floor_usage":[2,13,16],"damage_taken":[{"damage":0,"enemies":"Cultist","floor":1,"turns":2},{"damage":0,"enemies":"Small Slimes","floor":2,"turns":2},{"damage":0,"enemies":"2 Louse","floor":3,"turns":1},{"damage":0,"enemies":"Exordium Wildlife","floor":4,"turns":2},{"damage":11,"enemies":"Gremlin Nob","floor":6,"turns":5},{"damage":0,"enemies":"2 Fungi Beasts","floor":8,"turns":3},{"damage":38,"enemies":"3 Sentries","floor":11,"turns":8},{"damage":4,"enemies":"Exordium Thugs","floor":13,"turns":4},{"damage":6,"enemies":"Lots of Slimes","floor":14,"turns":2},{"damage":34,"enemies":"Hexaghost","floor":16,"turns":9}],"seed_played":"-1219134648521859621","potions_obtained":[{"floor":1,"key":"Explosive Potion"},{"floor":6,"key":"CultistPotion"},{"floor":11,"key":"Explosive Potion"},{"floor":14,"key":"Explosive Potion"}],"is_trial":false,"path_per_floor":["M","M","M","M","?","E","R","M","T","R","E","?","M","M","R","B"],"character_chosen":"HERMIT","items_purchased":["hermit:NoHoldsBarred","hermit:Malice","hermit:LoneWolf","Orrery","Madness"],"campfire_rested":2,"item_purchase_floors":[0,0,0,0,0],"current_hp_per_floor":[40,40,40,40,40,36,59,59,59,59,21,21,17,11,34,0,0],"gold":320,"neow_bonus":"","is_daily":false,"chose_seed":false,"campfire_upgraded":1,"win_rate":0.0,"timestamp":1612291797,"path_taken":["M","?","M","M","?","E","R","M","T","R","E","?","M","M","R","BOSS"],"items_purchased_type":["Card","Card","Card","Relic","Card"],"build_version":"2020-12-22","purchased_purges":1,"victory":false,"max_hp_per_floor":[70,70,70,70,70,77,77,77,77,77,77,77,77,77,77,77,77],"card_choices":[{"not_picked":["hermit:Showdown","hermit:CursedWeapon"],"picked":"hermit:FlashPowder","floor":0},{"not_picked":["hermit:Scavenge","hermit:LuckOfTheDraw"],"picked":"hermit:SprayPray","floor":0},{"not_picked":["hermit:Coalescence","hermit:Ricochet"],"picked":"hermit:Roulette","floor":0},{"not_picked":["hermit:EyeOfTheStorm","hermit:WideOpen","hermit:BigShot"],"picked":"SKIP","floor":1},{"not_picked":["hermit:Brawl","hermit:LowProfile","hermit:Roulette"],"picked":"SKIP","floor":2},{"not_picked":["hermit:LuckOfTheDraw","hermit:PistolWhip"],"picked":"hermit:Roughhouse","floor":3},{"not_picked":["hermit:WideOpen","hermit:Misfire","hermit:BodyArmor"],"picked":"SKIP","floor":4},{"not_picked":["hermit:TakeCover","hermit:Feint","hermit:LowProfile"],"picked":"SKIP","floor":6},{"not_picked":["hermit:Spite","hermit:Quickdraw","hermit:TrackingShot"],"picked":"SKIP","floor":8},{"not_picked":["hermit:EternalForm","hermit:Determination","hermit:TakeCover"],"picked":"SKIP","floor":11},{"not_picked":["hermit:HighCaliber","hermit:GoldenBullet","hermit:LoneWolf"],"picked":"SKIP","floor":13},{"not_picked":["hermit:Dive","hermit:PistolWhip"],"picked":"hermit:GhostlyPresence","floor":14}],"player_experience":902485,"relics_obtained":[{"floor":6,"key":"Strawberry"},{"floor":9,"key":"Omamori"},{"floor":11,"key":"Oddly Smooth Stone"}],"event_choices":[{"damage_healed":0,"gold_gain":0,"player_choice":"Take Wound","damage_taken":0,"relics_obtained":["Golden Idol"],"max_hp_gain":0,"max_hp_loss":0,"event_name":"Golden Idol","floor":5,"gold_loss":0,"cards_obtained":["Injury"]},{"cards_removed":["Injury"],"damage_healed":0,"gold_gain":0,"player_choice":"Forget","damage_taken":0,"max_hp_gain":0,"max_hp_loss":0,"event_name":"Living Wall","floor":12,"gold_loss":0}],"is_beta":false,"boss_relics":[],"items_purged_floors":[0],"is_endless":false,"potions_floor_spawned":[1,6,11,14],"killed_by":"Hexaghost","ascension_level":2}}