{"host":"3tyeyqdkopu0dn2g","time":1612260944,"event":{"mods":["AchievementEnabler","BaseMod","BetterRewards","Minty Spire (QoL Compilation)","Quick Restart","Shop Mod","noobMod"],"gold_per_floor":[12,29,49,49,49,49,49,49,49,87,87,100,114,132,132,258,258,276,276,291,309,323,367,292,292,318,318,331,354,375,118,118,244,244,258,277,295,245,245,245,280,280,280,80,98,123,141,174,174,174],"floor_reached":51,"language":"ZHS","playtime":2959,"items_purged":["Footwork+1","Neutralize+1","Adrenaline+1"],"score":1129,"play_id":"cea2f99b-47bf-4164-abaa-6682bb33489d","local_time":"20210202181544","is_ascension_mode":true,"campfire_choices":[{"data":"Cloak And Dagger","floor":6.0,"key":"SMITH"},{"data":"Neutralize","floor":8.0,"key":"SMITH"},{"data":"Acrobatics","floor":11.0,"key":"SMITH"},{"data":"Footwork","floor":15.0,"key":"SMITH"},{"data":"Acrobatics","floor":25.0,"key":"SMITH"},{"floor":32.0,"key":"RECALL"},{"data":"Grand Finale","floor":40.0,"key":"SMITH"},{"floor":42.0,"key":"REST"},{"floor":49.0,"key":"REST"}],"circlet_count":0,"master_deck":["Cloak And Dagger+1","Blade Dance+1","Acrobatics+1","Acrobatics+1","Grand Finale+1"],"relics":["Ring of the Snake","ice","Golden Idol","Kunai","MealTicket","Pandora\u0027s Box","Prayer Wheel","Smiling Mask","HandDrill","WristBlade","Tingsha","Dream Catcher","Molten Egg 2"],"acts_visited":["Exordium","TheCity","TheBeyond"],"potions_floor_usage":[50,50],"damage_taken":[{"damage":1.0,"enemies":"Jaw Worm","floor":1.0,"turns":6.0},{"damage":0.0,"enemies":"Small Slimes","floor":2.0,"turns":3.0},{"damage":0.0,"enemies":"2 Louse","floor":3.0,"turns":2.0},{"damage":4.0,"enemies":"Lagavulin","floor":10.0,"turns":7.0},{"damage":0.0,"enemies":"Looter","floor":12.0,"turns":3.0},{"damage":0.0,"enemies":"Red Slaver","floor":13.0,"turns":3.0},{"damage":0.0,"enemies":"Blue Slaver","floor":14.0,"turns":3.0},{"damage":4.0,"enemies":"Slime Boss","floor":16.0,"turns":9.0},{"damage":0.0,"enemies":"3 Byrds","floor":18.0,"turns":3.0},{"damage":0.0,"enemies":"2 Thieves","floor":20.0,"turns":3.0},{"damage":0.0,"enemies":"Sentry and Sphere","floor":21.0,"turns":5.0},{"damage":0.0,"enemies":"3 Cultists","floor":22.0,"turns":4.0},{"damage":0.0,"enemies":"Gremlin Leader","floor":23.0,"turns":6.0},{"damage":0.0,"enemies":"Chosen and Byrds","floor":28.0,"turns":4.0},{"damage":0.0,"enemies":"Sentry and Sphere","floor":29.0,"turns":3.0},{"damage":13.0,"enemies":"Snake Plant","floor":30.0,"turns":6.0},{"damage":0.0,"enemies":"Champ","floor":33.0,"turns":11.0},{"damage":4.0,"enemies":"3 Shapes","floor":35.0,"turns":1.0},{"damage":0.0,"enemies":"3 Darklings","floor":36.0,"turns":1.0},{"damage":0.0,"enemies":"Jaw Worm Horde","floor":37.0,"turns":1.0},{"damage":0.0,"enemies":"Nemesis","floor":41.0,"turns":1.0},{"damage":0.0,"enemies":"Sphere and 2 Shapes","floor":45.0,"turns":1.0},{"damage":0.0,"enemies":"Maw","floor":46.0,"turns":2.0},{"damage":0.0,"enemies":"Jaw Worm Horde","floor":47.0,"turns":1.0},{"damage":0.0,"enemies":"Reptomancer","floor":48.0,"turns":1.0},{"damage":0,"enemies":"Awakened One","floor":50,"turns":2}],"seed_played":"-6651148963459679267","potions_obtained":[{"floor":2.0,"key":"DistilledChaos"},{"floor":10.0,"key":"EntropicBrew"},{"floor":13.0,"key":"AttackPotion"},{"floor":22.0,"key":"DuplicationPotion"},{"floor":28.0,"key":"SmokeBomb"},{"floor":30.0,"key":"EssenceOfSteel"},{"floor":33.0,"key":"Swift Potion"},{"floor":37.0,"key":"BlessingOfTheForge"},{"floor":48.0,"key":"DistilledChaos"}],"is_trial":false,"path_per_floor":["M","M","M","?","?","R","?","R","T","E","R","M","M","M","R","B",null,"M","?","M","M","M","E","$","R","T","?","M","M","M","$","R","B",null,"M","M","M","$","?","R","E","R","T","$","M","M","M","E","R","B",null],"character_chosen":"THE_SILENT","items_purchased":["HandDrill","GhostInAJar","Dream Catcher"],"campfire_rested":2,"item_purchase_floors":[31,31,44],"current_hp_per_floor":[69,69,69,69,52,52,52,52,52,48,48,48,48,48,48,44,64,64,64,64,64,64,64,70,70,70,70,70,70,57,70,70,70,70,66,66,66,70,70,70,70,70,70,70,70,70,70,70,70,70],"gold":174,"neow_bonus":"REMOVE_TWO","is_daily":false,"chose_seed":false,"campfire_upgraded":6,"win_rate":0.0,"timestamp":1612260944,"path_taken":["M","M","M","?","?","R","?","R","T","E","R","M","M","M","R","BOSS","M","?","M","M","?","E","$","R","T","?","M","M","M","$","R","BOSS","M","M","M","$","?","R","E","R","T","$","?","M","M","E","R","BOSS"],"items_purchased_type":["Relic","Potion","Relic"],"build_version":"2020-12-22","purchased_purges":3,"victory":true,"max_hp_per_floor":[70,70,70,70,70,70,70,70,70,70,70,70,70,70,70,70,70,70,70,70,70,70,70,70,70,70,70,70,70,70,70,70,70,70,70,70,70,70,70,70,70,70,70,70,70,70,70,70,70,70],"card_choices":[{"not_picked":["Prepared","Sucker Punch"],"picked":"Cloak And Dagger","floor":1.0},{"not_picked":["Leg Sweep","Sucker Punch"],"picked":"Blade Dance","floor":2.0},{"not_picked":["Sucker Punch","Underhanded Strike","Infinite Blades"],"picked":"SKIP","floor":3.0},{"not_picked":["Concentrate","Poisoned Stab"],"picked":"Acrobatics","floor":10.0},{"not_picked":["Underhanded Strike","Dagger Spray","Dagger Throw"],"picked":"SKIP","floor":12.0},{"not_picked":["Slice","Dagger Spray","Acrobatics"],"picked":"SKIP","floor":13.0},{"not_picked":["Outmaneuver","Dagger Spray"],"picked":"Footwork","floor":14.0},{"not_picked":["A Thousand Cuts","Wraith Form v2"],"picked":"Adrenaline","floor":16.0},{"not_picked":["Skewer","Flying Knee","Deadly Poison"],"picked":"SKIP","floor":18.0},{"not_picked":["Heel Hook","PiercingWail","Poisoned Stab"],"picked":"SKIP","floor":20.0},{"not_picked":["Expertise","Sucker Punch"],"picked":"Acrobatics","floor":21.0},{"not_picked":["Sucker Punch","Dagger Throw","Storm of Steel"],"picked":"SKIP","floor":22.0},{"not_picked":["Deadly Poison+1","Underhanded Strike+1","All Out Attack+1"],"picked":"SKIP","floor":23.0},{"not_picked":["Underhanded Strike","Blur","Flying Knee"],"picked":"SKIP","floor":28.0},{"not_picked":["Dash+1","Deadly Poison","Poisoned Stab+1"],"picked":"SKIP","floor":28.0},{"not_picked":["Expertise","Flying Knee","Slice"],"picked":"SKIP","floor":29.0},{"not_picked":["Prepared","PiercingWail+1","Cloak And Dagger+1"],"picked":"SKIP","floor":29.0},{"not_picked":["Finisher","Poisoned Stab","Calculated Gamble"],"picked":"SKIP","floor":30.0},{"not_picked":["Sucker Punch","Dash+1","Footwork+1"],"picked":"SKIP","floor":30.0},{"not_picked":["Adrenaline","Doppelganger"],"picked":"Grand Finale","floor":33.0},{"not_picked":["Dash","Outmaneuver+1","Bane+1"],"picked":"SKIP","floor":35.0},{"not_picked":["Outmaneuver+1","Skewer","Acrobatics+1"],"picked":"SKIP","floor":35.0},{"not_picked":["Deflect+1","Heel Hook","Crippling Poison+1"],"picked":"SKIP","floor":36.0},{"not_picked":["Dodge and Roll","Deflect+1","Infinite Blades"],"picked":"SKIP","floor":36.0},{"not_picked":["Underhanded Strike","Deflect+1","Deadly Poison"],"picked":"SKIP","floor":37.0},{"not_picked":["Dagger Throw","Prepared","Phantasmal Killer"],"picked":"SKIP","floor":37.0},{"not_picked":["Cloak And Dagger+1","Catalyst+1","Infinite Blades"],"picked":"SKIP","floor":41.0},{"not_picked":["Skewer","Dagger Spray","Flying Knee"],"picked":"SKIP","floor":45.0},{"not_picked":["Bouncing Flask+1","Expertise","Heel Hook+1"],"picked":"SKIP","floor":45.0},{"not_picked":["PiercingWail","Grand Finale","Slice"],"picked":"SKIP","floor":46.0},{"not_picked":["Setup","Dagger Spray","Accuracy+1"],"picked":"SKIP","floor":46.0},{"not_picked":["Calculated Gamble","Accuracy+1","Prepared+1"],"picked":"SKIP","floor":47.0},{"not_picked":["Underhanded Strike","Prepared","Bane+1"],"picked":"SKIP","floor":47.0},{"not_picked":["Blur+1","Underhanded Strike+1","Cloak And Dagger+1"],"picked":"SKIP","floor":48.0}],"player_experience":160430,"relics_obtained":[{"floor":9.0,"key":"Kunai"},{"floor":10.0,"key":"MealTicket"},{"floor":23.0,"key":"Prayer Wheel"},{"floor":26.0,"key":"Smiling Mask"},{"floor":41.0,"key":"Tingsha"},{"floor":48.0,"key":"Molten Egg 2"}],"event_choices":[{"damage_healed":0.0,"max_hp_gain":0.0,"max_hp_loss":0.0,"gold_gain":0.0,"event_name":"The Cleric","player_choice":"Leave","floor":4.0,"gold_loss":0.0,"damage_taken":0.0},{"damage_healed":0.0,"max_hp_gain":0.0,"max_hp_loss":0.0,"gold_gain":0.0,"event_name":"Golden Idol","player_choice":"Take Damage","floor":5.0,"gold_loss":0.0,"damage_taken":17.0,"relics_obtained":["Golden Idol"]},{"damage_healed":0.0,"max_hp_gain":0.0,"max_hp_loss":0.0,"gold_gain":0.0,"event_name":"Living Wall","player_choice":"Grow","floor":7.0,"gold_loss":0.0,"damage_taken":0.0,"cards_upgraded":["Blade Dance"]},{"damage_healed":0.0,"max_hp_gain":0.0,"max_hp_loss":0.0,"gold_gain":0.0,"event_name":"Upgrade Shrine","player_choice":"Upgraded","floor":19.0,"gold_loss":0.0,"damage_taken":0.0,"cards_upgraded":["Adrenaline"]},{"cards_removed":["Survivor"],"damage_healed":0.0,"max_hp_gain":0.0,"max_hp_loss":0.0,"gold_gain":0.0,"event_name":"Back to Basics","player_choice":"Elegance","floor":27.0,"gold_loss":0.0,"damage_taken":0.0},{"damage_healed":0.0,"max_hp_gain":0.0,"max_hp_loss":0.0,"gold_gain":0.0,"event_name":"Transmorgrifier","player_choice":"Ignored","floor":39.0,"gold_loss":0.0,"damage_taken":0.0}],"is_beta":false,"boss_relics":[{"not_picked":["Velvet Choker","HoveringKite"],"picked":"Pandora\u0027s Box"},{"not_picked":["Busted Crown","SlaversCollar"],"picked":"WristBlade"}],"items_purged_floors":[24,38,44],"is_endless":false,"potions_floor_spawned":[2,10,13,22,28,30,33,37,48],"ascension_level":5}}