{"host":"71m6b5pyuze2esq2","time":1612248445,"event":{"mods":["2.2 Compatiblity","A Penny For Your Troubles","AchievementEnabler","Act Like it!","Aspiration","Astrologer","BaseMod","Beaked The Cultist","Better Debug","Better Note","Better Sensory Stone","Better Third Choice","CapriCore","Chat Monstrosity","Colored Powertips","Conjunction","Conspire","Defective Defect","Dota2Spire","Downfall","Duelist Mod","EXCEPTION","Ekko","Elementarium","Energized Spire","Friendly Minions","Gensokyo","GifTheSpireLib","Googly Eyes","GungeonMod","Halation","Hallownest","Hermit","HexUI Lib","HololiveMod","Hubris","Infinite Spire","Ironclad Rager","Jedi Mod","Jess\u0027s Bottle","Mad Scientist","Marisa（霧雨　魔理沙）","Melee Mod","Menagerie","Mimic Mod","Minty Spire (QoL Compilation)","Morshu Shopkeeper","Morshu Shopkeeper - ENHANCED","Permanent Neow","Poor People Problems","Quarter Circle Forward PUNCH!","Random Character Button","Rare Cards Sparkle","RatMod","Reliquary","Replay The Spire","Robot Space Explorer","Ryuuou龙王","Shade Mod","Shedinja","Shop Mod","Small Relic Pack","Somnambulant","Spicy Shops","Spikes Relics","Spire Arcade","StS++","StSLib","The Animator","The Blackbeard","The Bladedancer","The Blue Laboratory","The Bug Knight","The Construct","The Cursed","The Dragon Tamer","The Edgeheg","The Elementalist","The Gatherer","The Hayseed","The Hierophant","The Immortal","The Mystic","The Necromancer","The Poker Player","The Runesmith","The Servant 0.9.4","The Valiant","The Wild Card","TheFirefly","Trackpad","Uncapped","Useless Jewels Mod","Virulent Crown","Waifu the Spire","Wandering Minibosses","WarShipGirlsR/战舰少女R mod","Wide Potions","egg","everything is the same but u backflip on backflip","slay the spire mod where everything is the same but ironclad has a cowboy hat"],"gold_per_floor":[116,133,54,67,57,82,82,82,130,149,177,214,214,70,70,174,174,186,31,31,31,30,30,50,75,75,75,88,88,105,24,24,127,127,144,144,157,157,157,157,190,43,70,86,86,86,86,97,97,97,97,97,49,49,49],"floor_reached":56,"language":"ENG","playtime":5751,"items_purged":["Writhe"],"score":1026,"play_id":"638e5bd0-d163-4549-a660-79fcbabd164d","local_time":"20210202004725","is_ascension_mode":false,"campfire_choices":[{"floor":7,"key":"REST"},{"floor":13,"key":"REST"},{"floor":23,"key":"REST"},{"floor":27,"key":"REST"},{"floor":29,"key":"REST"},{"floor":32,"key":"REST"},{"floor":40,"key":"REST"},{"floor":45,"key":"RECALL"},{"floor":47,"key":"REST"},{"floor":49,"key":"DIG"},{"data":"MokouMod:AdaptivePyromancy","floor":52,"key":"SMITH"}],"circlet_count":0,"master_deck":["MokouMod:Strike","MokouMod:Strike","MokouMod:Strike","MokouMod:Defend","MokouMod:Defend","MokouMod:Defend","MokouMod:Defend","MokouMod:HeatSpark","MokouMod:BurningDraft","MokouMod:RisingSunBarrier","MokouMod:AdaptivePyromancy+1","MokouMod:ExplosiveFlame","MokouMod:Combust","MokouMod:SacredFire","MokouMod:ScorchingColumn","MokouMod:FujiyamaVolcano","MokouMod:IndiscriminateIgnition","MokouMod:Fireball","MokouMod:HouraiForge","MokouMod:CrimsonArmoury","MokouMod:FlareStarter","MokouMod:HeatCyclone+1","MokouMod:IllusoryBattlefield","MokouMod:CrimsonFlare","MokouMod:ProfanedFlare","MokouMod:WarmUp","MokouMod:GuidingSmoke+1","ReplayTheSpireMod:Book of Names","MokouMod:FusionFlare","Pride","MokouMod:SearingShot","theDuelist:OrbMetronome","Reforge","MokouMod:FlareStarter+1","MokouMod:RoaringFlare"],"relics":["MokouMod:PhoenixFeather","StSpp:Monolith","halation:PinkSoulGem","Hololive_LightStick","Pen Nib","construct:ClawGrip","jedi:maincommand","SpikesRelics:DaevaFist","Kunai","CherryCoatedStake","halation:Jellyphish","aspiration:PoetsPen_weak","aspiration:MobileForge","Runesmith:AutoHammer","Juzu Bracelet","hubris:OldNail","Shuriken","Old Coin","Gremlin Horn","halation:LettersToHer","jedi:heavyjacket","DemoMod:VorpalBullet","rat:KircheisShard","trackpad:BottledShadow","infinitespire:BottledMercury","DemoMod:ClearGuonStone"],"acts_visited":["Menagerie:Menagerie","TheCity","Gensokyo:Gensokyoest","TheEnding"],"potions_floor_usage":[11,16,22,24,24,25,35,41,48],"damage_taken":[{"damage":1,"enemies":"Menagerie:StygianBoar","floor":1,"turns":4},{"damage":14,"enemies":"Menagerie:MonstrousExperiment","floor":2,"turns":4},{"damage":0,"enemies":"Menagerie:2_RABBITS","floor":4,"turns":3},{"damage":31,"enemies":"Menagerie:Hydra","floor":6,"turns":6},{"damage":0,"enemies":"Menagerie:KEEPER_AND_YOUNG_SUNEATER","floor":10,"turns":6},{"damage":11,"enemies":"Menagerie:MaskedSummoner","floor":11,"turns":5},{"damage":0,"enemies":"Menagerie:Hexasnake","floor":12,"turns":4},{"damage":7,"enemies":"Menagerie:Chimera","floor":16,"turns":7},{"damage":1,"enemies":"Spheric Guardian","floor":18,"turns":3},{"damage":6,"enemies":"2 Thieves","floor":22,"turns":4},{"damage":0,"enemies":"Centurion and Healer","floor":24,"turns":5},{"damage":48,"enemies":"Slavers","floor":25,"turns":9},{"damage":0,"enemies":"conspire:HollyBat","floor":28,"turns":7},{"damage":15,"enemies":"3 Cultists","floor":30,"turns":4},{"damage":11,"enemies":"conspire:MysteriousRune","floor":33,"turns":7},{"damage":10,"enemies":"Gensokyo:3_Bats","floor":35,"turns":5},{"damage":19,"enemies":"Gensokyo:AncientGuardian","floor":37,"turns":5},{"damage":16,"enemies":"Gensokyo:Doremy","floor":41,"turns":4},{"damage":0,"enemies":"Gensokyo:SeedOfUnknown","floor":44,"turns":4},{"damage":0,"enemies":"Gensokyo:AtlasGolem","floor":48,"turns":5},{"damage":46,"enemies":"The Heart","floor":55,"turns":7}],"seed_played":"-7862397867007281159","potions_obtained":[{"floor":0,"key":"Dota2Spire:Clarity"},{"floor":0,"key":"blueLaboratory:TrueEctoplasm"},{"floor":0,"key":"blueLaboratory:AbyssPotion"},{"floor":6,"key":"hexamod:SoulburnPotion"},{"floor":16,"key":"SpeedPotion"},{"floor":18,"key":"blueLaboratory:BottledHope"},{"floor":22,"key":"Milkshake"},{"floor":28,"key":"Milkshake"},{"floor":33,"key":"blueLaboratory:SavagePotion"},{"floor":37,"key":"ColorlessPotion"},{"floor":44,"key":"Swift Potion"}],"is_trial":false,"path_per_floor":["M","M","$","M","?","E","R","?","T","M","E","MIM","R","$","R","B",null,"M","$","?","?","M","R","M","E","T","R","M","R","M","$","R","B",null,"M","?","M","?","?","R","E","$","T","M","R","?","R","M","R","B",null,"R","$","E","B",null],"character_chosen":"MKU","items_purchased":["MokouMod:AdaptivePyromancy","Pen Nib","reliquary:FerryPass","jedi:command_shop","jedi:command_rare","jedi:command_uncommon","MokouMod:RoaringFlare"],"campfire_rested":8,"item_purchase_floors":[3,14,19,31,42,42,53],"current_hp_per_floor":[74,60,60,60,60,29,51,51,51,51,40,40,62,62,62,55,75,74,74,60,20,14,38,38,20,20,44,44,68,57,57,80,69,80,77,80,61,61,40,64,48,48,48,48,48,48,72,72,72,72,80,80,80,80,34],"gold":49,"neow_bonus":"THREE_SMALL_POTIONS","is_daily":false,"chose_seed":false,"campfire_upgraded":1,"win_rate":0.0,"timestamp":1612248445,"path_taken":["M","M","$","M","?","E","R","?","T","?","E","?","R","?","R","BOSS","M","$","?","?","M","R","?","E","T","R","M","R","M","$","R","BOSS","M","?","?","?","?","R","E","?","T","M","R","?","R","M","R","BOSS","R","$","E","BOSS"],"items_purchased_type":["Card","Relic","Relic","Relic","Relic","Relic","Card"],"build_version":"2020-12-22","purchased_purges":1,"victory":true,"max_hp_per_floor":[75,75,75,75,75,75,75,75,75,75,75,75,75,75,75,75,75,75,75,80,80,80,80,80,80,80,80,80,80,80,80,80,80,80,80,80,80,80,80,80,80,80,80,80,80,80,80,80,80,80,80,80,80,80,80],"card_choices":[{"not_picked":["MokouMod:InfernalWave","MokouMod:FlickeringFlame"],"picked":"MokouMod:BurningDraft","floor":1},{"not_picked":["MokouMod:Overheat","MokouMod:EternalBurstReactor"],"picked":"MokouMod:RisingSunBarrier","floor":2},{"not_picked":["MokouMod:Ember","MokouMod:HeatTransfer"],"picked":"MokouMod:ExplosiveFlame","floor":4},{"not_picked":[],"picked":"MokouMod:Combust","floor":5},{"not_picked":["MokouMod:ScorchingColumn","MokouMod:DanceofFlames"],"picked":"MokouMod:SacredFire","floor":6},{"not_picked":["MokouMod:BlazingComet","MokouMod:Singe"],"picked":"MokouMod:ScorchingColumn","floor":10},{"not_picked":["MokouMod:RadiantBlade","MokouMod:Trailblazer"],"picked":"MokouMod:FujiyamaVolcano","floor":11},{"not_picked":["MokouMod:IcarusDive","MokouMod:Refresh"],"picked":"MokouMod:IndiscriminateIgnition","floor":12},{"not_picked":["MokouMod:ProfanedFlare","MokouMod:ResonatingAura"],"picked":"MokouMod:HouraiForge","floor":16},{"not_picked":["MokouMod:CrimsonFlare+1","MokouMod:ScorchingColumn"],"picked":"MokouMod:CrimsonArmoury","floor":18},{"not_picked":["MokouMod:FusionFlare","MokouMod:InfernalWave"],"picked":"MokouMod:FlareStarter","floor":22},{"not_picked":["MokouMod:ShiftIgnition","MokouMod:Cataclysm","MokouMod:ImperishableFlame+1"],"picked":"SKIP","floor":24},{"not_picked":["MokouMod:ImperishableFlame","MokouMod:Sear"],"picked":"MokouMod:HeatCyclone+1","floor":25},{"not_picked":["MokouMod:Singe+1","MokouMod:ThermalPressure"],"picked":"MokouMod:IllusoryBattlefield","floor":28},{"not_picked":["MokouMod:EternalBurstReactor","MokouMod:BlazingComet"],"picked":"MokouMod:CrimsonFlare","floor":30},{"not_picked":["MokouMod:SacredFire","MokouMod:Extinguish"],"picked":"MokouMod:ProfanedFlare","floor":33},{"not_picked":["MokouMod:Ember","MokouMod:Fireball"],"picked":"MokouMod:WarmUp","floor":35},{"not_picked":["MokouMod:InfernalWave","MokouMod:RadiantBlade"],"picked":"MokouMod:GuidingSmoke+1","floor":37},{"not_picked":["infinitespire:Fortify","infinitespire:TheBestDefense"],"picked":"ReplayTheSpireMod:Book of Names","floor":39},{"not_picked":["MokouMod:IcarusDive+1","MokouMod:SubterraneanCore"],"picked":"MokouMod:FusionFlare","floor":41},{"not_picked":["MokouMod:HeatTransfer","MokouMod:HeatFactory+1"],"picked":"MokouMod:SearingShot","floor":44},{"not_picked":["Dramatic Entrance","DemoMod:Spice"],"picked":"theDuelist:OrbMetronome","floor":46},{"not_picked":["Impatience","theEdgeheg:GoldKatana"],"picked":"Reforge","floor":46},{"not_picked":["MokouMod:IndiscriminateIgnition+1","MokouMod:Firecracker"],"picked":"MokouMod:FlareStarter+1","floor":48}],"player_experience":548454,"relics_obtained":[{"floor":6,"key":"StSpp:Monolith"},{"floor":11,"key":"Hololive_LightStick"},{"floor":25,"key":"jedi:command_common"},{"floor":26,"key":"jedi:command_uncommon"},{"floor":28,"key":"jedi:command_rare"},{"floor":41,"key":"jedi:command_uncommon"},{"floor":43,"key":"jedi:command_common"},{"floor":49,"key":"jedi:command_common"}],"event_choices":[{"damage_healed":0,"gold_gain":0,"player_choice":"Shed Blood","damage_taken":19,"max_hp_gain":5,"max_hp_loss":0,"event_name":"Forgotten Altar","floor":20,"gold_loss":0},{"damage_healed":0,"gold_gain":3,"player_choice":"1","damage_taken":0,"max_hp_gain":0,"max_hp_loss":0,"event_name":"betterStone:BetterStone","floor":46,"gold_loss":0}],"is_beta":false,"boss_relics":[{"not_picked":["jedi:battlestandard","halation:Prosthetics"],"picked":"construct:ClawGrip"},{"not_picked":["jedi:command_boss","jedi:command_boss"],"picked":"jedi:command_boss"}],"items_purged_floors":[42],"is_endless":false,"potions_floor_spawned":[6,10,11,16,18,22,28,33,37,44],"ascension_level":0}}