{"host":"w19xfkufc0k7hkek","time":1612306564,"event":{"mods":["BaseMod","Better Third Choice","Colored Map","Colored Powertips","Downfall","Highlight Path","Minty Spire (QoL Compilation)","Rare Cards Sparkle","Relic Stats","Replay The Spire","StSLib"],"gold_per_floor":[114,114,128,7,7,84,141,215,260,3,3,82,139,196,196,295,295,360,360,415,415,26,26,96,116,193,193,264,323,373,429,429,532,532,595,342,352,16,16,41,41,70,70,70,105,24,24,35,35,35],"floor_reached":51,"language":"ENG","playtime":2758,"items_purged":["Hallucinations","Pain"],"score":997,"play_id":"3500e61c-752d-48f2-a5f5-dc2bf680c51d","local_time":"20210202155604","is_ascension_mode":true,"campfire_choices":[{"data":"ReplayTheSpireMod:Scrap Shanks","floor":23.0,"key":"SMITH"},{"floor":27,"key":"REST"},{"data":"Burst","floor":32,"key":"SMITH"},{"data":"Accuracy","floor":41,"key":"SMITH"},{"data":"Replay:Bag of Tricks","floor":44,"key":"SMITH"},{"data":"Cloak And Dagger","floor":47,"key":"SMITH"},{"floor":49,"key":"DIG"}],"circlet_count":0,"master_deck":["Strike_G","Strike_G","Strike_G","Strike_G","Defend_G","Defend_G","Defend_G","Defend_G","Defend_G","Survivor","Neutralize","Hidden Blade+1","Dagger Throw","Blade Dance+1","Flechettes","ReplayTheSpireMod:Speed Training","Accuracy+1","Dagger Spray","ReplayTheSpireMod:Scrap Shanks+1","Cloak And Dagger+1","Glass Knife","Infinite Blades+1","Finisher+1","Burst+1","Fluid Movement+1","Cloak And Dagger","Blade Dance+1","Replay:Bag of Tricks+1","Backflip+1","Accuracy+1","Underhanded Strike","ReplayTheSpireMod:The Works+1","Leg Sweep","Acrobatics+1"],"relics":["Ring of the Snake","NeowsBlessing","Ring of Misfortune","ReplayTheSpireMod:Ring of Challenge","Replay:WaspNest","Toy Ornithopter","Happy Flower","Shuriken","Vajra","Replay:Baseball","expansioncontent:StudyCardRelic","White Beast Statue","Frozen Egg 2","WarpedTongs","ReplayTheSpireMod:Ninjato","Meat on the Bone","Onion Ring","Paper Crane","Omamori","Replay:Ancient Bell","Bag of Marbles","Blue Candle","Thread and Needle","Pet Ghost","Mummified Hand","Sundial","Unceasing Top","Replay:Bottled Eggs","Replay:Rubber Ducky","Bottled Tornado"],"acts_visited":["Exordium","TheCity","TheBeyond"],"potions_floor_usage":[25,25,28,29,33,40,40,45,48,50,50,50],"damage_taken":[{"damage":0.0,"enemies":"Small Slimes","floor":1.0,"turns":1.0},{"damage":0.0,"enemies":"Jaw Worm","floor":3.0,"turns":1.0},{"damage":0.0,"enemies":"Gremlin Nob","floor":6.0,"turns":1.0},{"damage":0.0,"enemies":"Cultist","floor":7.0,"turns":3.0},{"damage":9.0,"enemies":"3 Sentries","floor":8.0,"turns":10.0},{"damage":12.0,"enemies":"Gremlin Nob","floor":12.0,"turns":4.0},{"damage":3.0,"enemies":"2 Fungi Beasts","floor":13.0,"turns":2.0},{"damage":0.0,"enemies":"Blue Slaver","floor":14.0,"turns":3.0},{"damage":13.0,"enemies":"The Guardian","floor":16.0,"turns":6.0},{"damage":19.0,"enemies":"Shell Parasite","floor":18.0,"turns":4.0},{"damage":0.0,"enemies":"Spheric Guardian","floor":20.0,"turns":2.0},{"damage":31.0,"enemies":"Book of Stabbing","floor":24.0,"turns":4.0},{"damage":24,"enemies":"Snake Plant","floor":25,"turns":2},{"damage":41,"enemies":"Gremlin Leader","floor":28,"turns":3},{"damage":4,"enemies":"Cultist and Chosen","floor":29,"turns":3},{"damage":9,"enemies":"3 Cultists","floor":31,"turns":3},{"damage":10,"enemies":"Automaton","floor":33,"turns":5},{"damage":0,"enemies":"Orb Walker","floor":35,"turns":1},{"damage":8,"enemies":"3 Shapes","floor":37,"turns":4},{"damage":0,"enemies":"R_Hoarder","floor":40,"turns":2},{"damage":0,"enemies":"Giant Head","floor":42,"turns":3},{"damage":0,"enemies":"3 Darklings","floor":45,"turns":1},{"damage":0,"enemies":"Sphere and 2 Shapes","floor":46,"turns":2},{"damage":26,"enemies":"4 Shapes","floor":48,"turns":3},{"damage":0,"enemies":"Replay:Hell Engine","floor":50,"turns":3}],"seed_played":"-5529033119603160722","potions_obtained":[{"floor":1.0,"key":"SteroidPotion"},{"floor":8.0,"key":"Ancient Potion"},{"floor":12.0,"key":"Block Potion"},{"floor":16.0,"key":"Poison Potion"},{"floor":18.0,"key":"ColorlessPotion"},{"floor":20.0,"key":"Elixir"},{"floor":24.0,"key":"Poison Potion"},{"floor":25,"key":"Toxic Potion"},{"floor":28,"key":"Languid Potion"},{"floor":29,"key":"SpeedPotion"},{"floor":31,"key":"BlessingOfTheForge"},{"floor":33,"key":"Energy Potion"},{"floor":35,"key":"champ:CounterPotion"},{"floor":37,"key":"FearPotion"},{"floor":40,"key":"Reflective Coating"},{"floor":42,"key":"champ:CounterPotion"},{"floor":45,"key":"AttackPotion"},{"floor":48,"key":"Flashbang"}],"is_trial":false,"path_per_floor":["M","?","M","$","?","E","M","E","T","$","?","E","M","M","R_BF","B",null,"M","?","M","?","$","R","E","M","T","R","E","M","?","M","R_BF","B",null,"M","$","M","$","?","E","R","E","T","R","M","M","R","M","R_BF","B",null],"character_chosen":"THE_SILENT","items_purchased":["Blade Dance","Shuriken","Infinite Blades+1","ReplayTheSpireMod:Ninjato","Finisher+1","Pet Ghost","Mummified Hand","Accuracy+1"],"campfire_rested":1,"item_purchase_floors":[4,10,22,22,22,36,38,38],"current_hp_per_floor":[63,63,63,63,63,63,63,54,54,54,59,47,44,44,66,53,70,51,51,56,56,56,56,35,33,33,55,31,44,44,47,47,42,67,67,67,59,59,59,69,69,69,69,69,74,74,74,53,53,68],"gold":35,"neow_bonus":"THREE_ENEMY_KILL","is_daily":false,"chose_seed":false,"campfire_upgraded":5,"win_rate":0.0,"timestamp":1612306564,"path_taken":["M","?","M","$","?","E","?","E","T","$","?","E","M","M","R_BF","BOSS","M","?","?","?","$","R","E","M","T","R","E","?","?","M","R_BF","BOSS","M","$","M","$","?","E","R","E","T","R","M","?","R","M","R_BF","BOSS"],"items_purchased_type":["Card","Relic","Card","Relic","Card","Relic","Relic","Card"],"build_version":"2020-12-22","purchased_purges":2,"victory":true,"max_hp_per_floor":[70,70,70,70,70,70,70,70,70,70,75,75,75,75,75,75,75,75,75,75,75,75,75,75,75,75,75,75,75,75,75,75,75,75,75,75,75,75,75,75,75,75,75,75,75,75,75,75,75,75],"relic_stats":{"Happy Flower":[20],"counters":[25,75],"Shuriken":[63],"Mummified Hand":[28],"Sundial":[0],"Blue Candle":[2],"obtain_stats":[{"Vajra":12,"expansioncontent:StudyCardRelic":17,"Bottled Tornado":49,"Pet Ghost":36,"Replay:Rubber Ducky":45,"Mummified Hand":38,"Sundial":40,"Replay:Bottled Eggs":43,"Ring of the Snake":0,"ReplayTheSpireMod:Ninjato":22,"NeowsBlessing":0,"Happy Flower":9,"Blue Candle":34,"Thread and Needle":34,"Replay:WaspNest":6,"Omamori":28,"Replay:Ancient Bell":34,"Frozen Egg 2":19,"Paper Crane":28,"White Beast Statue":18,"WarpedTongs":21,"Replay:Baseball":12,"Shuriken":10,"Ring of Misfortune":2,"Onion Ring":26,"Bag of Marbles":34,"ReplayTheSpireMod:Ring of Challenge":2,"Toy Ornithopter":8,"Unceasing Top":42,"Meat on the Bone":24},{"Vajra":6,"expansioncontent:StudyCardRelic":9,"Bottled Tornado":24,"Pet Ghost":18,"Replay:Rubber Ducky":22,"Mummified Hand":19,"Sundial":20,"Replay:Bottled Eggs":21,"Ring of the Snake":0,"ReplayTheSpireMod:Ninjato":11,"NeowsBlessing":0,"Happy Flower":5,"Blue Candle":17,"Thread and Needle":17,"Replay:WaspNest":3,"Omamori":14,"Replay:Ancient Bell":17,"Frozen Egg 2":10,"Paper Crane":14,"White Beast Statue":10,"WarpedTongs":11,"Replay:Baseball":6,"Shuriken":5,"Ring of Misfortune":1,"Onion Ring":13,"Bag of Marbles":17,"ReplayTheSpireMod:Ring of Challenge":1,"Toy Ornithopter":5,"Unceasing Top":21,"Meat on the Bone":12},{"Vajra":20,"expansioncontent:StudyCardRelic":31,"Bottled Tornado":72,"Pet Ghost":58,"Replay:Rubber Ducky":67,"Mummified Hand":61,"Sundial":63,"Replay:Bottled Eggs":66,"Ring of the Snake":0,"ReplayTheSpireMod:Ninjato":37,"NeowsBlessing":0,"Happy Flower":16,"Blue Candle":57,"Thread and Needle":57,"Replay:WaspNest":3,"Omamori":46,"Replay:Ancient Bell":57,"Frozen Egg 2":35,"Paper Crane":46,"White Beast Statue":35,"WarpedTongs":37,"Replay:Baseball":20,"Shuriken":16,"Ring of Misfortune":1,"Onion Ring":43,"Bag of Marbles":57,"ReplayTheSpireMod:Ring of Challenge":1,"Toy Ornithopter":16,"Unceasing Top":66,"Meat on the Bone":41}],"Toy Ornithopter":75,"Unceasing Top":[0],"Ring of the Snake":[50],"WarpedTongs":[38],"Meat on the Bone":48},"card_choices":[{"not_picked":["ReplayTheSpireMod:Shiv Toss","Sucker Punch"],"picked":"Hidden Blade","floor":1.0},{"not_picked":["Bouncing Flask","PiercingWail"],"picked":"Dagger Throw","floor":3.0},{"not_picked":["Flying Knee","Outmaneuver"],"picked":"ReplayTheSpireMod:Speed Training","floor":6.0},{"not_picked":["Blade Dance","Prepared"],"picked":"Accuracy","floor":7.0},{"not_picked":["Underhanded Strike","Dash"],"picked":"Dagger Spray","floor":8.0},{"not_picked":["Quick Slash","Bane","Deadly Poison"],"picked":"SKIP","floor":12.0},{"not_picked":["PiercingWail","Bane"],"picked":"ReplayTheSpireMod:Scrap Shanks","floor":13.0},{"not_picked":["Sneak Up","Underhanded Strike"],"picked":"Cloak And Dagger","floor":14.0},{"not_picked":["Poison Darts","Malaise"],"picked":"Glass Knife","floor":16.0},{"not_picked":["Slice+1","Masterful Stab+1","Sucker Punch"],"picked":"SKIP","floor":18.0},{"not_picked":["Dagger Spray+1","Poisoned Stab","Bane"],"picked":"SKIP","floor":20.0},{"not_picked":["Outmaneuver","Setup"],"picked":"Burst","floor":24.0},{"not_picked":["Bouncing Flask","ReplayTheSpireMod:Exploit Weakness"],"picked":"Fluid Movement+1","floor":25},{"not_picked":["Finisher","Choke"],"picked":"Cloak And Dagger","floor":28},{"not_picked":["Crippling Poison","ReplayTheSpireMod:Speed Training+1"],"picked":"Blade Dance","floor":29},{"not_picked":["Caltrops+1","Finisher","Poisoned Stab"],"picked":"SKIP","floor":31},{"not_picked":["Atom Bomb","Poison Darts"],"picked":"Replay:Bag of Tricks","floor":33},{"not_picked":["Hallucinations","Pain"],"picked":"ReplayTheSpireMod:Doomed","floor":34},{"not_picked":["ReplayTheSpireMod:Faulty Equipment","CurseOfTheBell"],"picked":"Replay:Hysterical Blindness","floor":34},{"not_picked":["Amnesia","downfall:Aged"],"picked":"ReplayTheSpireMod:IOU","floor":34},{"not_picked":["Caltrops+1","Dodge and Roll","Bane"],"picked":"SKIP","floor":35},{"not_picked":["Terror","Slice+1"],"picked":"Backflip+1","floor":37},{"not_picked":["Heel Hook","Dodge and Roll","Underhanded Strike"],"picked":"SKIP","floor":40},{"not_picked":["Concentrate+1","Grand Finale"],"picked":"ReplayTheSpireMod:The Works+1","floor":42},{"not_picked":["Dagger Spray+1","Acrobatics+1"],"picked":"Leg Sweep","floor":45},{"not_picked":["PiercingWail+1","Sucker Punch+1"],"picked":"Acrobatics+1","floor":46},{"not_picked":["Blade Dance","Dodge and Roll","Caltrops+1"],"picked":"SKIP","floor":48}],"player_experience":441548,"relics_obtained":[{"floor":2.0,"key":"Ring of Misfortune"},{"floor":2.0,"key":"ReplayTheSpireMod:Ring of Challenge"},{"floor":6.0,"key":"Replay:WaspNest"},{"floor":8.0,"key":"Toy Ornithopter"},{"floor":9.0,"key":"Happy Flower"},{"floor":12.0,"key":"Vajra"},{"floor":12.0,"key":"Replay:Baseball"},{"floor":18.0,"key":"White Beast Statue"},{"floor":24.0,"key":"Meat on the Bone"},{"floor":26,"key":"Onion Ring"},{"floor":28,"key":"Paper Crane"},{"floor":28,"key":"Omamori"},{"floor":40,"key":"Sundial"},{"floor":42,"key":"Unceasing Top"},{"floor":43,"key":"Replay:Bottled Eggs"},{"floor":45,"key":"Replay:Rubber Ducky"},{"floor":49,"key":"Bottled Tornado"}],"event_choices":[{"damage_healed":0.0,"max_hp_gain":0.0,"max_hp_loss":0.0,"gold_gain":0.0,"cards_transformed":["Strike_G"],"event_name":"Transmorgrifier","player_choice":"Transformed","floor":5.0,"gold_loss":0.0,"damage_taken":0.0,"cards_obtained":["Flechettes"]},{"damage_healed":0.0,"max_hp_gain":5.0,"max_hp_loss":0.0,"gold_gain":0.0,"event_name":"Big Fish","player_choice":"Donut","floor":11.0,"gold_loss":0.0,"damage_taken":0.0},{"damage_healed":0.0,"max_hp_gain":0.0,"max_hp_loss":0.0,"gold_gain":0.0,"event_name":"Accursed Blacksmith","player_choice":"Rummage","floor":21.0,"gold_loss":0.0,"damage_taken":0.0,"relics_obtained":["WarpedTongs"],"cards_obtained":["Pain"]},{"damage_healed":0,"gold_gain":100,"player_choice":"Bet on Murderer","damage_taken":0,"max_hp_gain":0,"max_hp_loss":0,"event_name":"The Joust","floor":30,"gold_loss":50},{"damage_healed":0,"gold_gain":0,"player_choice":"1 cards matched","damage_taken":0,"max_hp_gain":0,"max_hp_loss":0,"event_name":"Match and Keep!","floor":39,"gold_loss":0,"cards_obtained":["Underhanded Strike"]}],"is_beta":false,"boss_relics":[{"not_picked":["Pandora\u0027s Box","Coffee Dripper"],"picked":"expansioncontent:StudyCardRelic"},{"not_picked":["Replay:Wanted Poster","HoveringKite"],"picked":"Replay:Ancient Bell"},{"not_picked":["Ancient Tea Set","Potion Belt"],"picked":"Bag of Marbles"},{"not_picked":["The Courier","Question Card"],"picked":"Blue Candle"},{"not_picked":["Gambling Chip","Byrd Skull"],"picked":"Thread and Needle"}],"items_purged_floors":[4,36],"is_endless":false,"potions_floor_spawned":[1,8,12,16,18,20,24,25,28,29,31,33,35,37,40,42,45,46,48],"ascension_level":6}}