{"host":"dn2xyj3kd3d9cfyb","time":1612269049,"event":{"mods":["BaseMod","Colored Powertips","Downfall","Hubris","Marisa£®ÏF”Í°°ƒß¿Ì…≥£©","Minty Spire (QoL Compilation)","Remilia£®¿Ÿ√◊¿Ú—«£©","Replay The Spire","Shop Mod","StSLib","The Animator","The Construct","The Cursed","The Mystic","Youmu£®ªÍ∆«—˝√Œ£©","Yuri Mod","Yuyuko"],"gold_per_floor":[99,112,168,168,168,178,203,63,63,78,76,76,76],"floor_reached":12,"language":"ZHS","playtime":701,"items_purged":["Hallucinations"],"score":69,"play_id":"17178e53-dd2c-41b5-a990-f2a4cdf97de8","local_time":"20210202203049","is_ascension_mode":true,"campfire_choices":[{"data":"StarBarrage","floor":1.0,"key":"SMITH"},{"floor":9,"key":"RECALL"}],"circlet_count":0,"master_deck":["Strike_MRS","Strike_MRS","Defend_MRS","Defend_MRS","Defend_MRS","MasterSpark","UpSweep","StarBarrage+1","MachineGunSpark","Acceleration","Acceleration","SprinkleStarSeal+1","Replay:SS_forest_2","DeepEcoloBomb"],"relics":["MiniHakkero","Bottled Flame","Ring of Fangs","Ring of Hypnosis","MerchantsRug"],"acts_visited":["Exordium"],"potions_floor_usage":[8,12,12],"damage_taken":[{"damage":0.0,"enemies":"Small Slimes","floor":2.0,"turns":2.0},{"damage":12,"enemies":"2 Louse","floor":6,"turns":3},{"damage":0,"enemies":"downfall:FleeingMerchant","floor":8,"turns":4},{"damage":4,"enemies":"Jaw Worm","floor":10,"turns":3},{"damage":0,"enemies":"downfall:FleeingMerchant","floor":11,"turns":4},{"damage":40,"enemies":"3 Sentries","floor":12,"turns":5}],"seed_played":"-396373701754637525","potions_obtained":[{"floor":3.0,"key":"Fruit Juice"},{"floor":6,"key":"Elixir"}],"is_trial":false,"path_per_floor":["R","M","?","?","?","M","T","$","R","M","$","E"],"character_chosen":"MARISA","items_purchased":["BargainBundle","MerchantsRug","Elixir","ShroomBrew","Venom Potion","SprinkleStarSeal+1","Replay:SS_forest_2"],"campfire_rested":0,"item_purchase_floors":[8,8,8,8,8,8,8],"current_hp_per_floor":[68,68,51,51,51,39,39,44,44,40,40,0,0],"gold":76,"neow_bonus":"TRANSFORM_TWO_CARDS","is_daily":false,"chose_seed":false,"campfire_upgraded":1,"win_rate":0.0,"timestamp":1612269049,"path_taken":["R","M","?","?","?","?","T","?","R","M","$","E"],"items_purchased_type":["Relic","Relic","Potion","Potion","Potion","Card","Card"],"build_version":"2020-12-22","purchased_purges":1,"victory":false,"max_hp_per_floor":[68,68,68,68,68,68,68,73,73,73,73,73,73],"card_choices":[{"not_picked":["GrandCross","6A"],"picked":"Acceleration","floor":2.0},{"not_picked":["MilkyWay","AsteroidBelt"],"picked":"Acceleration","floor":6},{"not_picked":["Occultation","SporeBomb","ChargeUpSpray"],"picked":"SKIP","floor":8},{"not_picked":["AsteroidBelt","UnstableBomb"],"picked":"DeepEcoloBomb","floor":10},{"not_picked":["GravityBeat","BlazeAway","AsteroidBelt"],"picked":"SKIP","floor":11}],"player_experience":566572,"relics_obtained":[{"floor":3.0,"key":"Bottled Flame"},{"floor":4,"key":"Ring of Fangs"},{"floor":4,"key":"Ring of Hypnosis"}],"event_choices":[{"cards_removed":["Strike_MRS"],"damage_healed":0,"gold_gain":0,"player_choice":"Offered Basic","damage_taken":0,"max_hp_gain":0,"max_hp_loss":0,"event_name":"Bonfire Elementals","floor":5,"gold_loss":0}],"is_beta":false,"boss_relics":[],"items_purged_floors":[8],"is_endless":false,"potions_floor_spawned":[6],"killed_by":"3 Sentries","ascension_level":1}}