{"host":"vfg9szunmpjwj08o","time":1612225025,"event":{"mods":["Act Like it!","BaseMod","Challenge The Spire","Colored Map","Colored Powertips","Conspire","Dark Map","Minty Spire (QoL Compilation)","Relic Stats","StSLib","Waifu the Spire"],"gold_per_floor":[111,129,156,156,171,203,203,223,223,65,65,75,75,96,96,219,219,243,264,264,27,51,90,90,123,194,217,258,281,294,308,308,428,428,442,457,212,275,575,575,614,464,464,464,487,526,364,364,364,364],"floor_reached":51,"language":"ENG","playtime":1811,"items_purged":["Strike_P","Defend_P","LessonLearned+1"],"score":1289,"play_id":"757fdf17-a616-4c41-9cab-d59296ed017f","local_time":"20210202011705","is_ascension_mode":true,"campfire_choices":[{"data":"Eruption","floor":7,"key":"SMITH"},{"data":"Eruption","floor":11,"key":"SMITH"},{"data":"Tantrum","floor":15,"key":"SMITH"},{"data":"Wallop","floor":24,"key":"SMITH"},{"floor":32,"key":"RECALL"},{"data":"Nirvana","floor":40,"key":"SMITH"},{"data":"Pray","floor":44,"key":"SMITH"},{"data":"WheelKick","floor":49,"key":"SMITH"}],"circlet_count":0,"master_deck":["Strike_P+1","Strike_P+1","Defend_P+1","Defend_P+1","Eruption+1","Vigilance","Vault+1","Eruption+1","Halt+1","FearNoEvil","Flash of Steel","Tantrum+1","Brilliance","EmptyFist","Adaptation+1","Wallop+1","CutThroughFate+1","Nirvana+1","CutThroughFate","FlurryOfBlows","EmptyBody","CutThroughFate+1","TalkToTheHand+1","WheelKick+1","Pray+1","Worship+1","Vengeance+1","Master of Strategy+1"],"relics":["PureWater","NeowsBlessing","Vajra","Eternal Feather","conspire:DeflatedDodgeball","Golden Idol","Philosopher\u0027s Stone","Happy Flower","MealTicket","Pear","Shuriken","conspire:Flyswatter","Empty Cage","Sling","conspire:GlowingRock","Frozen Egg 2","Damaru","Toxic Egg 2"],"acts_visited":["Exordium","TheCity","TheBeyond"],"potions_floor_usage":[6,16,22,33,50,50],"damage_taken":[{"damage":0,"enemies":"Cultist","floor":1,"turns":1},{"damage":0,"enemies":"2 Louse","floor":2,"turns":2},{"damage":0,"enemies":"conspire:RoseBush","floor":5,"turns":1},{"damage":20,"enemies":"Gremlin Nob","floor":6,"turns":3},{"damage":0,"enemies":"2 Fungi Beasts","floor":8,"turns":3},{"damage":6,"enemies":"Red Slaver","floor":12,"turns":2},{"damage":0,"enemies":"Exordium Thugs","floor":14,"turns":2},{"damage":0,"enemies":"Slime Boss","floor":16,"turns":3},{"damage":0,"enemies":"Spheric Guardian","floor":18,"turns":1},{"damage":24,"enemies":"2 Thieves","floor":19,"turns":2},{"damage":27,"enemies":"Cultist and Chosen","floor":22,"turns":4},{"damage":0,"enemies":"conspire:Head Lice","floor":23,"turns":6},{"damage":1,"enemies":"conspire:SneckoGhost","floor":25,"turns":4},{"damage":0,"enemies":"3 Cultists","floor":27,"turns":3},{"damage":22,"enemies":"Book of Stabbing","floor":28,"turns":2},{"damage":0,"enemies":"Snecko","floor":29,"turns":2},{"damage":3,"enemies":"Cultist and Chosen","floor":30,"turns":4},{"damage":9,"enemies":"conspire:HollyBat","floor":31,"turns":4},{"damage":0,"enemies":"Automaton","floor":33,"turns":5},{"damage":0,"enemies":"3 Darklings","floor":35,"turns":3},{"damage":0,"enemies":"Orb Walker","floor":36,"turns":2},{"damage":19,"enemies":"Mind Bloom Boss Battle","floor":38,"turns":4},{"damage":0,"enemies":"Nemesis","floor":41,"turns":3},{"damage":47,"enemies":"4 Shapes","floor":45,"turns":6},{"damage":10,"enemies":"Reptomancer","floor":46,"turns":3},{"damage":7,"enemies":"Donu and Deca","floor":50,"turns":4}],"seed_played":"3095909594876014058","potions_obtained":[{"floor":5,"key":"Explosive Potion"},{"floor":8,"key":"EssenceOfSteel"},{"floor":12,"key":"FearPotion"},{"floor":14,"key":"Regen Potion"},{"floor":22,"key":"FearPotion"},{"floor":25,"key":"LiquidMemories"},{"floor":41,"key":"ColorlessPotion"},{"floor":46,"key":"Energy Potion"}],"is_trial":false,"path_per_floor":["M","M","T","?","M","E","R","M","T","$","R","M","?","M","R","B",null,"M","M","?","$","M","E","R","E","T","M","E","M","M","M","R","B",null,"M","M","$","?","?","R","E","$","T","R","M","E","$","?","R","B",null],"character_chosen":"WATCHER","items_purchased":["Flash of Steel","Wallop","Happy Flower","Sling","WheelKick","Pray","Vengeance+1"],"campfire_rested":0,"item_purchase_floors":[10,21,21,37,42,42,47],"current_hp_per_floor":[65,65,65,65,65,45,51,51,51,51,57,51,33,33,42,42,65,65,41,41,41,26,26,38,47,47,47,25,25,22,13,25,25,68,68,68,82,63,63,75,75,82,82,82,35,25,40,40,55,48],"gold":364,"neow_bonus":"THREE_ENEMY_KILL","is_daily":false,"chose_seed":false,"campfire_upgraded":7,"win_rate":0.0,"timestamp":1612225025,"path_taken":["M","M","?","?","?","E","R","M","T","$","R","M","?","M","R","BOSS","M","M","?","$","M","E","R","E","T","M","E","?","M","M","R","BOSS","M","M","$","?","?","R","E","$","T","R","?","E","?","?","R","BOSS"],"items_purchased_type":["Card","Card","Relic","Relic","Card","Card","Card"],"build_version":"2020-12-22","purchased_purges":3,"victory":true,"max_hp_per_floor":[72,72,72,72,72,72,72,72,72,72,72,72,72,72,72,72,72,72,72,72,72,72,72,72,82,82,82,82,82,82,82,82,82,82,82,82,82,82,82,82,82,82,82,82,82,82,82,82,82,82],"relic_stats":{"Happy Flower":[19],"counters":[26,79],"Golden Idol":170,"Shuriken":[43],"Eternal Feather":72,"MealTicket":36,"obtain_stats":[{"Pear":25,"NeowsBlessing":0,"Happy Flower":21,"Golden Idol":13,"Vajra":3,"Damaru":43,"Eternal Feather":6,"Frozen Egg 2":41,"Empty Cage":34,"Sling":37,"conspire:GlowingRock":38,"Shuriken":26,"Philosopher\u0027s Stone":17,"MealTicket":23,"PureWater":0,"conspire:DeflatedDodgeball":9,"Toxic Egg 2":46,"conspire:Flyswatter":28},{"Pear":13,"NeowsBlessing":0,"Happy Flower":10,"Golden Idol":6,"Vajra":2,"Damaru":23,"Eternal Feather":4,"Frozen Egg 2":23,"Empty Cage":19,"Sling":21,"conspire:GlowingRock":22,"Shuriken":13,"Philosopher\u0027s Stone":8,"MealTicket":12,"PureWater":0,"conspire:DeflatedDodgeball":5,"Toxic Egg 2":25,"conspire:Flyswatter":15},{"Pear":34,"NeowsBlessing":0,"Happy Flower":20,"Golden Idol":12,"Vajra":3,"Damaru":66,"Eternal Feather":7,"Frozen Egg 2":66,"Empty Cage":54,"Sling":59,"conspire:GlowingRock":63,"Shuriken":34,"Philosopher\u0027s Stone":17,"MealTicket":30,"PureWater":0,"conspire:DeflatedDodgeball":10,"Toxic Egg 2":75,"conspire:Flyswatter":39}]},"card_choices":[{"not_picked":["Evaluate","FearNoEvil","JustLucky"],"picked":"SKIP","floor":1},{"not_picked":["BowlingBash","ClearTheMind","Halt"],"picked":"SKIP","floor":2},{"not_picked":["Crescendo","Wireheading"],"picked":"Halt","floor":5},{"not_picked":["PathToVictory","FollowUp"],"picked":"FearNoEvil","floor":6},{"not_picked":["Study","JustLucky","Halt"],"picked":"SKIP","floor":8},{"not_picked":["Pray","Protect"],"picked":"Tantrum","floor":12},{"not_picked":["Fasting2","ThirdEye"],"picked":"LessonLearned","floor":14},{"not_picked":["Wish","Establishment"],"picked":"Brilliance","floor":16},{"not_picked":["PathToVictory","Swivel"],"picked":"EmptyFist","floor":18},{"not_picked":["Nirvana","Prostrate"],"picked":"Adaptation+1","floor":19},{"not_picked":["FlyingSleeves","Halt"],"picked":"CutThroughFate+1","floor":22},{"not_picked":["BowlingBash","FollowUp"],"picked":"Nirvana","floor":23},{"not_picked":["ClearTheMind","JustLucky"],"picked":"CutThroughFate","floor":25},{"not_picked":["Wallop","Perseverance+1","FollowUp"],"picked":"SKIP","floor":27},{"not_picked":["FlyingSleeves","Evaluate","Halt+1"],"picked":"SKIP","floor":28},{"not_picked":["BowlingBash","EmptyMind"],"picked":"FlurryOfBlows","floor":29},{"not_picked":["JustLucky","Perseverance","SignatureMove"],"picked":"SKIP","floor":30},{"not_picked":["Fasting2+1","LikeWater+1","FlurryOfBlows"],"picked":"SKIP","floor":31},{"not_picked":["PathToVictory+1","Halt+1","Collect+1"],"picked":"SKIP","floor":35},{"not_picked":["Study+1","JustLucky"],"picked":"EmptyBody","floor":36},{"not_picked":["ClearTheMind+1","Protect"],"picked":"CutThroughFate+1","floor":38},{"not_picked":["Vault","Indignation+1"],"picked":"TalkToTheHand+1","floor":41},{"not_picked":["CutThroughFate+1","Perseverance+1","FlurryOfBlows+1"],"picked":"SKIP","floor":45},{"not_picked":["JustLucky+1","Nirvana+1"],"picked":"Worship+1","floor":46},{"not_picked":["Deep Breath+1","Swift Strike"],"picked":"Master of Strategy+1","floor":48}],"player_experience":1089239,"relics_obtained":[{"floor":3,"key":"Vajra"},{"floor":6,"key":"Eternal Feather"},{"floor":9,"key":"conspire:DeflatedDodgeball"},{"floor":23,"key":"MealTicket"},{"floor":25,"key":"Pear"},{"floor":26,"key":"Shuriken"},{"floor":28,"key":"conspire:Flyswatter"},{"floor":38,"key":"conspire:GlowingRock"},{"floor":41,"key":"Frozen Egg 2"},{"floor":43,"key":"Damaru"},{"floor":46,"key":"Toxic Egg 2"}],"event_choices":[{"damage_healed":0,"gold_gain":0,"player_choice":"2 cards matched","damage_taken":0,"max_hp_gain":0,"max_hp_loss":0,"event_name":"Match and Keep!","floor":4,"gold_loss":0,"cards_obtained":["Vault","Eruption"]},{"damage_healed":0,"gold_gain":0,"player_choice":"Take Damage","damage_taken":18,"relics_obtained":["Golden Idol"],"max_hp_gain":0,"max_hp_loss":0,"event_name":"Golden Idol","floor":13,"gold_loss":0},{"damage_healed":0,"gold_gain":0,"player_choice":"Upgraded","damage_taken":0,"max_hp_gain":0,"max_hp_loss":0,"event_name":"Upgrade Shrine","floor":20,"gold_loss":0,"cards_upgraded":["Vault"]},{"damage_healed":0,"gold_gain":0,"player_choice":"Fight","damage_taken":0,"max_hp_gain":0,"max_hp_loss":0,"event_name":"MindBloom","floor":38,"gold_loss":0},{"damage_healed":0,"gold_gain":300,"player_choice":"Gold","damage_taken":0,"max_hp_gain":0,"max_hp_loss":0,"event_name":"Wheel of Change","floor":39,"gold_loss":0},{"damage_healed":0,"gold_gain":0,"player_choice":"Memory 1","damage_taken":0,"max_hp_gain":0,"max_hp_loss":0,"event_name":"SensoryStone","floor":48,"gold_loss":0}],"is_beta":false,"boss_relics":[{"not_picked":["VioletLotus","Astrolabe"],"picked":"Philosopher\u0027s Stone"},{"not_picked":["conspire:SeveredTorchhead","SacredBark"],"picked":"Empty Cage"}],"items_purged_floors":[10,37,47],"is_endless":false,"potions_floor_spawned":[5,8,12,14,22,25,27,28,41,46],"ascension_level":8}}