{"host":"og6lam4kt3nibbw0","time":1612288895,"event":{"mods":["AchievementEnabler","BaseMod","Colored Map","DeckTracker","Highlight Path","Keyboard Shortcuts","Minty Spire (QoL Compilation)","Permanent Neow","Quick Restart","StSLib","SuperFastMode"],"gold_per_floor":[119,132,150,66,80,80,80,107,132,132,196,222,222,247,247,331,331,350,361,121,171,171,171],"floor_reached":22,"language":"KOR","playtime":740,"items_purged":["Strike_P"],"score":426,"play_id":"c00f9d1b-52d2-4978-b656-7b4126124059","local_time":"20210203030135","is_ascension_mode":true,"campfire_choices":[{"floor":6.0,"key":"REST"},{"data":"Eruption","floor":10.0,"key":"SMITH"},{"floor":13.0,"key":"REST"},{"floor":15.0,"key":"REST"}],"circlet_count":0,"master_deck":["AscendersBane","Strike_P+1","Strike_P","Strike_P","Defend_P","Defend_P","Defend_P","Defend_P","Eruption+1","Vigilance","DevaForm","FlyingSleeves+1","Protect","Adaptation","MentalFortress","SandsOfTime","Evaluate","CutThroughFate","LessonLearned","Ragnarok","Fasting2"],"relics":["PureWater","SsserpentHead","Whetstone","CeramicFish","Runic Pyramid","Frozen Eye"],"acts_visited":["Exordium","TheCity"],"potions_floor_usage":[22],"damage_taken":[{"damage":0.0,"enemies":"Cultist","floor":1.0,"turns":4.0},{"damage":12.0,"enemies":"Jaw Worm","floor":2.0,"turns":5.0},{"damage":12.0,"enemies":"2 Louse","floor":3.0,"turns":3.0},{"damage":0.0,"enemies":"Large Slime","floor":5.0,"turns":4.0},{"damage":0.0,"enemies":"Lagavulin","floor":8.0,"turns":6.0},{"damage":15.0,"enemies":"3 Louse","floor":11.0,"turns":5.0},{"damage":5.0,"enemies":"Blue Slaver","floor":12.0,"turns":4.0},{"damage":15.0,"enemies":"Looter","floor":14.0,"turns":4.0},{"damage":38.0,"enemies":"Slime Boss","floor":16.0,"turns":10.0},{"damage":0.0,"enemies":"2 Thieves","floor":18.0,"turns":1.0},{"damage":41.0,"enemies":"Spheric Guardian","floor":19.0,"turns":6.0},{"damage":20,"enemies":"3 Cultists","floor":22,"turns":4}],"seed_played":"8819006281208621358","potions_obtained":[{"floor":2.0,"key":"SkillPotion"},{"floor":3.0,"key":"ColorlessPotion"},{"floor":5.0,"key":"SpeedPotion"},{"floor":8.0,"key":"Swift Potion"},{"floor":16.0,"key":"SteroidPotion"}],"is_trial":false,"path_per_floor":["M","M","M","$","M","R","?","E","T","R","M","M","R","M","R","B",null,"M","M","$","?","M"],"character_chosen":"WATCHER","items_purchased":["MentalFortress","Frozen Eye","PowerPotion"],"campfire_rested":3,"item_purchase_floors":[4,20,20],"current_hp_per_floor":[43,31,19,19,19,39,39,39,39,39,24,19,39,24,44,6,53,53,12,12,26,6,6],"gold":171,"neow_bonus":"THREE_RARE_CARDS","is_daily":false,"chose_seed":false,"campfire_upgraded":1,"win_rate":0.0,"timestamp":1612288895,"path_taken":["M","?","M","$","M","R","?","E","T","R","?","M","R","M","R","BOSS","M","M","?","?","M"],"items_purchased_type":["Card","Relic","Potion"],"build_version":"2020-12-22","purchased_purges":1,"victory":false,"max_hp_per_floor":[68,68,68,68,68,68,68,68,68,68,68,68,68,68,68,68,68,68,68,68,68,68,68],"card_choices":[{"not_picked":["Wish","Blasphemy"],"picked":"DevaForm","floor":0.0},{"not_picked":["Crescendo","Prostrate"],"picked":"FlyingSleeves","floor":1.0},{"not_picked":["Wallop","FlurryOfBlows"],"picked":"Protect","floor":2.0},{"not_picked":["Prostrate","Evaluate"],"picked":"Adaptation","floor":3.0},{"not_picked":["FollowUp","JustLucky"],"picked":"SandsOfTime","floor":5.0},{"not_picked":["CrushJoints","CutThroughFate"],"picked":"Evaluate","floor":8.0},{"not_picked":["CrushJoints","SignatureMove","Consecrate"],"picked":"SKIP","floor":11.0},{"not_picked":["ThirdEye","ForeignInfluence"],"picked":"CutThroughFate","floor":12.0},{"not_picked":["PathToVictory","Protect"],"picked":"LessonLearned","floor":14.0},{"not_picked":["Alpha","DeusExMachina"],"picked":"Ragnarok","floor":16.0},{"not_picked":["EmptyFist","Evaluate+1"],"picked":"Fasting2","floor":18.0},{"not_picked":["SashWhip","FollowUp+1","ThirdEye"],"picked":"SKIP","floor":19.0}],"player_experience":978040,"relics_obtained":[{"floor":8.0,"key":"Whetstone"},{"floor":9.0,"key":"CeramicFish"}],"event_choices":[{"damage_healed":0.0,"max_hp_gain":0.0,"max_hp_loss":0.0,"gold_gain":0.0,"event_name":"FaceTrader","player_choice":"Trade","floor":7.0,"gold_loss":0.0,"damage_taken":0.0,"relics_obtained":["SsserpentHead"]},{"damage_healed":14.0,"max_hp_gain":0.0,"max_hp_loss":0.0,"gold_gain":0.0,"event_name":"The Library","player_choice":"Heal","floor":21.0,"gold_loss":0.0,"damage_taken":0.0}],"is_beta":false,"boss_relics":[{"not_picked":["Cursed Key","Philosopher\u0027s Stone"],"picked":"Runic Pyramid"}],"items_purged_floors":[20],"is_endless":false,"potions_floor_spawned":[2,3,5,8,16],"killed_by":"3 Cultists","ascension_level":20}}