{"host":"qmnyg5dk1o6rw6mz","time":1612228783,"event":{"mods":["2.2 Compatiblity","AchievementEnabler","Act Like it!","Aspiration","Astrologer","BaseMod","Beaked The Cultist","Better Altar","Better Match","Better Note","Better Sensory Stone","Better Skull","Better Third Choice","Better Vampires","Block Reminder","CapriCore","Challenge The Spire","ChefMod","Colored Map","Colored Powertips","Conspire","Defuse TimeMaze Blight","Disable Question Mark Monsters","Displayed Cursed Tome","Downfall","Energized Spire","Fox Events","Gensokyo","GifTheSpireLib","Hermit","Highlight Path","Hubris","Infinite Spire","Jedi Mod","Marisa¡]Ãú«B¡@Å]²z¨F¡^","Marked Mod","Minty Spire (QoL Compilation)","Monster B Gone","Pale of the Ancients","Permanent Neow","Quick Restart","Reimu¡]³Õ???¡^","Relic Filter","Reliquary","Replay The Spire","StSLib","Synergy Search","The Construct","The Cursed","The Dragon Tamer","The Gatherer","The Hayseed","The Poker Player","The Runesmith","The Showman","Unceasing Turn Reminder","Weighted Paths","Wide Potions","thorton"],"gold_per_floor":[112,112,150,170,14,31,65,65,90,90,124,136,136,146,209,311,311,329,329,348,359,371,371,398,416,471,502,513,529,117,148,148,251,251,264,278,278,278,278],"floor_reached":37,"language":"ENG","playtime":2091,"items_purged":["conspire:GhostlyDefend"],"score":569,"play_id":"65531f4e-6499-4cbc-82d2-dc57bd251844","local_time":"20210202091943","is_ascension_mode":true,"metric_token":3795,"campfire_choices":[{"data":"DTMod:SwitchingTactic","floor":8.0,"key":"SMITH"},{"data":"DTMod:Hide","floor":13.0,"key":"SMITH"},{"data":"DTMod:Multitask","floor":23.0,"key":"SMITH"}],"dtmod_dragon_data":[0,50,1,1,8,14],"circlet_count":0,"master_deck":["conspire:GhostlyStrike","conspire:GhostlyStrike","conspire:GhostlyStrike","conspire:GhostlyStrike","DTMod:DoubleHit","conspire:GhostlyDefend","conspire:GhostlyDefend+1","conspire:GhostlyDefend","DTMod:SwitchingTactic+1","DTMod:BlazingStrike+1","DTMod:ComboAttack","DTMod:Hide+1","DTMod:BurningEnergy","DTMod:CrossStep","DTMod:ForkedFire","DTMod:ComboAttack","DTMod:Multitask+1","DTMod:BurningEnergy","DTMod:Shift+1","DTMod:ResonanceForm","DTMod:CleansingStrike","DTMod:Shift+1","DTMod:CrossStep","DTMod:ComboAttack+1","DTMod:CleansingStrike+1","DTMod:Threaten","DTMod:Prediction"],"relics":["DTMod:PactStone","Bird Faced Urn","MealTicket","hubris:ToyBattleship","Nunchaku","jedi:HeartOfTheCards","Bottled Tornado","energizedSpire:OgreHead","infinitespire:Broken Mirror","Bag of Marbles","HornCleat","aspiration:HatOfInfinitePower","Replay:Accelerometer","aspiration:RandomNobGenerator"],"acts_visited":["Exordium","TheCity","TheBeyond"],"potions_floor_usage":[31,31,33,36,36],"damage_taken":[{"damage":0.0,"enemies":"Jaw Worm","floor":1.0,"turns":4.0},{"damage":5.0,"enemies":"conspire:MimicChest","floor":3.0,"turns":6.0},{"damage":0.0,"enemies":"2 Louse","floor":4.0,"turns":2.0},{"damage":0.0,"enemies":"Cultist","floor":6.0,"turns":3.0},{"damage":10.0,"enemies":"3 Sentries","floor":7.0,"turns":9.0},{"damage":1.0,"enemies":"Gremlin Nob","floor":11.0,"turns":4.0},{"damage":0.0,"enemies":"Blue Slaver","floor":12.0,"turns":3.0},{"damage":0.0,"enemies":"Looter","floor":14.0,"turns":3.0},{"damage":3.0,"enemies":"Lagavulin Event","floor":15.0,"turns":5.0},{"damage":12.0,"enemies":"The Guardian","floor":16.0,"turns":9.0},{"damage":0.0,"enemies":"Chosen","floor":18.0,"turns":4.0},{"damage":1.0,"enemies":"conspire:FuzzyDice","floor":20.0,"turns":4.0},{"damage":15.0,"enemies":"Sentry and Sphere","floor":21.0,"turns":5.0},{"damage":8.0,"enemies":"Chosen and Byrds","floor":22.0,"turns":6.0},{"damage":0.0,"enemies":"conspire:Head Lice","floor":24.0,"turns":5.0},{"damage":9.0,"enemies":"Centurion and Healer","floor":25.0,"turns":4.0},{"damage":6.0,"enemies":"Replay:Snechameleon","floor":27.0,"turns":4.0},{"damage":0.0,"enemies":"3 Cultists","floor":28.0,"turns":4.0},{"damage":25.0,"enemies":"Snecko","floor":29.0,"turns":6.0},{"damage":14,"enemies":"Slavers","floor":31,"turns":4},{"damage":0,"enemies":"Champ","floor":33,"turns":6},{"damage":0,"enemies":"Orb Walker","floor":35,"turns":3},{"damage":0,"enemies":"3 Shapes","floor":36,"turns":1},{"damage":60,"enemies":"Jaw Worm Horde","floor":37,"turns":4}],"seed_played":"8683822957811292544","potions_obtained":[{"floor":3.0,"key":"Guardian:BlockOnCardUsePotion"},{"floor":4.0,"key":"ColorlessPotion"},{"floor":15.0,"key":"PowerPotion"},{"floor":16.0,"key":"Energy Potion"},{"floor":29.0,"key":"ZuzhouPotion:ReiMu"},{"floor":31,"key":"Weak Potion"},{"floor":33,"key":"Energy Potion"},{"floor":35,"key":"SteroidPotion"}],"is_trial":false,"path_per_floor":["M","?","?","M","$","M","E","R","T","?","E","M","R","M","R_BF","B",null,"M","?","M","M","M","R","E","M","T","E","M","M","$","E","R_BF","B",null,"M","M","M"],"character_chosen":"THE_DT","items_purchased":["MealTicket","aspiration:HatOfInfinitePower","Weak Potion"],"campfire_rested":0,"item_purchase_floors":[5,30,30],"current_hp_per_floor":[50,40,35,35,35,35,25,25,25,25,24,24,24,24,23,19,50,50,50,49,35,29,29,35,30,30,30,36,19,34,24,39,47,50,50,50,0,0,0],"gold":278,"neow_bonus":"RANDOM_EVENT","is_daily":false,"chose_seed":false,"campfire_upgraded":3,"win_rate":0.0,"timestamp":1612228783,"path_taken":["M","?","?","?","?","M","E","R","T","?","E","M","R","M","R_BF","BOSS","M","?","M","M","M","R","E","M","T","E","M","M","$","E","R_BF","BOSS","M","M","M"],"items_purchased_type":["Relic","Relic","Potion"],"build_version":"2020-12-22","purchased_purges":1,"victory":false,"max_hp_per_floor":[50,50,50,50,50,50,50,50,50,50,50,50,50,50,50,50,50,50,50,50,50,50,50,50,50,50,50,50,50,50,50,50,50,50,50,50,50,50,50],"card_choices":[{"not_picked":["DTMod:BurningForce","DTMod:BreakAttack"],"picked":"DTMod:BlazingStrike","floor":1.0},{"not_picked":["DTMod:Training","DTMod:Weaken"],"picked":"DTMod:ComboAttack","floor":3.0},{"not_picked":["DTMod:OpeningTactic","DTMod:LastStand"],"picked":"DTMod:Hide","floor":4.0},{"not_picked":["DTMod:MagicField","DTMod:CalculatedDefense","DTMod:FlameSlash"],"picked":"SKIP","floor":6.0},{"not_picked":["DTMod:Weaken","DTMod:LastStand"],"picked":"DTMod:BurningEnergy","floor":7.0},{"not_picked":["DTMod:MaximumCharge","DTMod:Coolant"],"picked":"DTMod:CrossStep","floor":11.0},{"not_picked":["DTMod:BalancedStrike","DTMod:CleansingStrike"],"picked":"DTMod:ForkedFire","floor":12.0},{"not_picked":["DTMod:BizarreTactic","DTMod:BlueScale","DTMod:StarRain"],"picked":"SKIP","floor":14.0},{"not_picked":["DTMod:BlueScale","DTMod:DarkBreath"],"picked":"DTMod:ComboAttack","floor":15.0},{"not_picked":["DTMod:OpeningTactic","DTMod:TriAttack"],"picked":"DTMod:Multitask","floor":16.0},{"not_picked":["DTMod:Training","DTMod:Feint"],"picked":"DTMod:BurningEnergy","floor":18.0},{"not_picked":["DTMod:MagicField","DTMod:StarRain+1"],"picked":"DTMod:Shift+1","floor":20.0},{"not_picked":["DTMod:DeepFocus","DTMod:CleansingStrike"],"picked":"DTMod:ResonanceForm","floor":21.0},{"not_picked":["DTMod:Astonish","DTMod:DeepFocus","DTMod:BuildUp"],"picked":"SKIP","floor":22.0},{"not_picked":["DTMod:Observe+1","DTMod:Feint+1"],"picked":"DTMod:CleansingStrike","floor":24.0},{"not_picked":["DTMod:InvisibleFlame+1","DTMod:MasterPlan"],"picked":"DTMod:Shift","floor":25.0},{"not_picked":["DTMod:Punisher+1","DTMod:Overwhelm"],"picked":"DTMod:CrossStep","floor":27.0},{"not_picked":["DTMod:DragonDance","DTMod:Coolant"],"picked":"DTMod:ComboAttack+1","floor":28.0},{"not_picked":["DTMod:MasterPlan","DTMod:ShieldDrain+1"],"picked":"DTMod:CleansingStrike+1","floor":29.0},{"not_picked":["DTMod:Hide","DTMod:Astonish"],"picked":"DTMod:Threaten","floor":31},{"not_picked":["DTMod:ResonanceForm","DTMod:GearUp"],"picked":"DTMod:Prediction","floor":33},{"not_picked":["DTMod:PurifyingFlame+1","DTMod:MasterPlan","DTMod:Punisher"],"picked":"SKIP","floor":35},{"not_picked":["DTMod:BizarreTactic+1","DTMod:BuildUp","DTMod:Cover"],"picked":"SKIP","floor":36}],"player_experience":207273,"relics_obtained":[{"floor":3.0,"key":"Bird Faced Urn"},{"floor":7.0,"key":"hubris:ToyBattleship"},{"floor":9.0,"key":"Nunchaku"},{"floor":11.0,"key":"jedi:HeartOfTheCards"},{"floor":15.0,"key":"Bottled Tornado"},{"floor":24.0,"key":"infinitespire:Broken Mirror"},{"floor":26.0,"key":"Bag of Marbles"},{"floor":27.0,"key":"HornCleat"},{"floor":31,"key":"Replay:Accelerometer"}],"event_choices":[{"damage_healed":0.0,"max_hp_gain":5.0,"max_hp_loss":0.0,"gold_gain":0.0,"event_name":"Big Fish","player_choice":"Donut","floor":0.0,"gold_loss":0.0,"damage_taken":0.0},{"damage_healed":50.0,"max_hp_gain":0.0,"max_hp_loss":50.0,"gold_gain":0.0,"event_name":"betterThird:BetterShining","player_choice":"Upgrade","floor":2.0,"gold_loss":0.0,"damage_taken":10.0,"cards_upgraded":["DTMod:BlazingStrike","DTMod:TargetDefense"]},{"damage_healed":0.0,"max_hp_gain":0.0,"max_hp_loss":0.0,"gold_gain":0.0,"event_name":"conspire:LoneGhost","player_choice":"Agree","floor":10.0,"gold_loss":0.0,"damage_taken":0.0},{"damage_healed":0.0,"max_hp_gain":0.0,"max_hp_loss":0.0,"gold_gain":30.0,"event_name":"Dead Adventurer","player_choice":"Searched \u00273\u0027 times","floor":15.0,"gold_loss":0.0,"damage_taken":0.0},{"damage_healed":0.0,"max_hp_gain":0.0,"max_hp_loss":0.0,"gold_gain":0.0,"event_name":"Lab","player_choice":"Got Potions","floor":19.0,"gold_loss":0.0,"damage_taken":0.0}],"is_beta":false,"boss_relics":[{"not_picked":["energizedSpire:NeverEndingSparkler","energizedSpire:EnergizedDie"],"picked":"energizedSpire:OgreHead"},{"not_picked":["RedLine:ReiMu","conspire:SeveredTorchhead"],"picked":"aspiration:RandomNobGenerator"}],"items_purged_floors":[30],"is_endless":false,"potions_floor_spawned":[3,4,15,16,20,21,22,29,31,33,35],"killed_by":"Jaw Worm Horde","ascension_level":1}}