{"host":"dn2xyj3kd3d9cfyb","time":1612280905,"event":{"mods":["BaseMod","Colored Powertips","Downfall","Hubris","Marisa£®ÏF”Í°°ƒß¿Ì…≥£©","Minty Spire (QoL Compilation)","Remilia£®¿Ÿ√◊¿Ú—«£©","Replay The Spire","Shop Mod","StSLib","The Animator","The Construct","The Cursed","The Mystic","Youmu£®ªÍ∆«—˝√Œ£©","Yuri Mod","Yuyuko"],"gold_per_floor":[99,111,111,121,136,136,136,136,156,190,90,72,72,142,172,276,276,76,105,123,153,178,178,204,253,280,314,314,327,337,394,421,581,581,581,634,654,132,80,172,222,6,6,96,111,121,173,173,184,184,184,235,22,22,22,68],"floor_reached":57,"language":"ZHS","playtime":3202,"items_purged":["Regret"],"score":2146,"play_id":"ba9dcd7d-2602-4c60-b6e7-324b0557785a","local_time":"20210202234825","is_ascension_mode":true,"campfire_choices":[{"floor":1.0,"key":"RECALL"},{"data":"UpSweep","floor":11.0,"key":"SMITH"},{"data":"expansioncontent:QuickStudy","floor":13.0,"key":"SMITH"},{"data":"StarDustReverie","floor":18.0,"key":"SMITH"},{"data":"StarDustReverie","floor":28.0,"key":"SMITH"},{"data":"ManaRampage","floor":35.0,"key":"SMITH"},{"data":"IllusionStar","floor":54.0,"key":"SMITH"}],"circlet_count":0,"master_deck":["Strike_MRS+1","Strike_MRS","Strike_MRS","Strike_MRS","Defend_MRS","Defend_MRS","Defend_MRS","MasterSpark","UpSweep+1","ShootingEcho","ManaConvection","Acceleration","GrandCross","Acceleration","StarlightTyphoon","expansioncontent:PrepareCrush","expansioncontent:QuickStudy+1","DoubleSpark","6A+1","BlazeAway","SporeBomb","WitchOfGreed","GalacticHalo","StarDustReverie+1","StarDustReverie+1","LuminesStrike","GrandCross+1","GrandCross+1","MysteriousBeam","Slimebound:PrepareCrush","Robbery+1","WitchLeyline","DeepEcoloBomb+1","WitchOfGreed","DragonMeteor","NonDirectionalLaser","ManaRampage+1","MachineGunSpark","DragonMeteor+1","DC","ShootingEcho","ShootingEcho","DarkSpark","SuperPerseids","expansioncontent:QuickStudy+1","Purity","DarkMatter","WitchOfGreed","IllusionStar","DragonMeteor","MachineGunSpark+1","expansioncontent:GuardianWhirl","expansioncontent:InvincibleStrength","BinaryStars","6A+1","IllusionStar+1","6A+1","Iron Wave","MilkyWay","ChargingUp+1","Acceleration","AsteroidBelt+1","DC"],"relics":["MiniHakkero","Counterbalance","Ice Cream","hubris:FunFungus","downfall:HeartBlessingRed","BargainBundle","Happy Flower","hubris:BlackHole","downfall:HeartBlessingBlue","downfall:HeartBlessingGreen","ReplayTheSpireMod:Lightbulb","WingedGreaves","ReplayTheSpireMod:Ninjato","Whetstone","Black Star","CatCart","hubris:ToyBattleship","Lee\u0027s Waffle","Art of War","Omamori","Ancient Tea Set","Medical Kit","Replay:Bottled Steam","hubris:Metronome","Juzu Bracelet","Anchor","ScarletDevilRocket","Membership Card"],"acts_visited":["Exordium","TheCity","TheBeyond","TheEnding"],"potions_floor_usage":[],"damage_taken":[{"damage":1.0,"enemies":"Jaw Worm","floor":2.0,"turns":3.0},{"damage":0.0,"enemies":"2 Louse","floor":4.0,"turns":1.0},{"damage":2.0,"enemies":"Small Slimes","floor":5.0,"turns":4.0},{"damage":22.0,"enemies":"Blue Slaver","floor":9.0,"turns":3.0},{"damage":19.0,"enemies":"Lagavulin","floor":10.0,"turns":5.0},{"damage":5.0,"enemies":"downfall:FleeingMerchant","floor":12.0,"turns":4.0},{"damage":13.0,"enemies":"3 Sentries","floor":14.0,"turns":5.0},{"damage":11.0,"enemies":"Exordium Wildlife","floor":15.0,"turns":7.0},{"damage":19.0,"enemies":"WA_ARCHETYPE_RETAIN","floor":16.0,"turns":6.0},{"damage":0.0,"enemies":"Shell Parasite","floor":19.0,"turns":2.0},{"damage":0.0,"enemies":"Centurion and Healer","floor":20.0,"turns":3.0},{"damage":0.0,"enemies":"Cultist and Chosen","floor":21.0,"turns":3.0},{"damage":14.0,"enemies":"Chosen and Byrds","floor":22.0,"turns":3.0},{"damage":3.0,"enemies":"Gremlin Leader","floor":25.0,"turns":4.0},{"damage":0.0,"enemies":"Snecko","floor":26.0,"turns":2.0},{"damage":0.0,"enemies":"Book of Stabbing","floor":27.0,"turns":2.0},{"damage":0.0,"enemies":"Snake Plant","floor":29.0,"turns":2.0},{"damage":0.0,"enemies":"Centurion and Healer","floor":30.0,"turns":1.0},{"damage":0.0,"enemies":"Slavers","floor":31.0,"turns":1.0},{"damage":0.0,"enemies":"3 Cultists","floor":32.0,"turns":2.0},{"damage":0.0,"enemies":"DF_ARCHETYPE_CLAW","floor":33.0,"turns":2.0},{"damage":0.0,"enemies":"Orin","floor":36.0,"turns":3.0},{"damage":0.0,"enemies":"Orb Walker","floor":37.0,"turns":1.0},{"damage":0.0,"enemies":"downfall:FleeingMerchant","floor":38.0,"turns":1.0},{"damage":0.0,"enemies":"Giant Head","floor":40.0,"turns":2.0},{"damage":0.0,"enemies":"Nemesis","floor":44.0,"turns":1.0},{"damage":0.0,"enemies":"3 Darklings","floor":45.0,"turns":1.0},{"damage":0.0,"enemies":"Maw","floor":46.0,"turns":2.0},{"damage":0.0,"enemies":"Reptomancer","floor":47.0,"turns":2.0},{"damage":0.0,"enemies":"Sphere and 2 Shapes","floor":49.0,"turns":1.0},{"damage":0.0,"enemies":"IC_BLOCK_ARCHETYPE","floor":50.0,"turns":2.0},{"damage":0.0,"enemies":"downfall:CharBossMerchant","floor":52.0,"turns":1.0},{"damage":0,"enemies":"downfall:NeowBoss","floor":55,"turns":3},{"damage":10,"enemies":"downfall:NeowBossFinal","floor":56,"turns":4}],"seed_played":"7855878637774878996","potions_obtained":[{"floor":9.0,"key":"Block Potion"},{"floor":14.0,"key":"SpeedPotion"},{"floor":14.0,"key":"Fire Potion"},{"floor":15.0,"key":"Elixir"},{"floor":19.0,"key":"ShroomBrew"},{"floor":25.0,"key":"ShroomBrew"},{"floor":26.0,"key":"Strength Potion"},{"floor":26.0,"key":"SpeedPotion"},{"floor":40.0,"key":"Fruit Juice"},{"floor":40.0,"key":"LiquidBronze"},{"floor":52.0,"key":"Explosive Potion"}],"is_trial":false,"path_per_floor":["R","M","?","M","M","?","T","?","M","E","R","$","R","E","M","B",null,"R","M","M","M","M","?","T","E","M","E","R","M","M","E","M","B",null,"R","?","M","$","$","E","T","$","?","E","M","M","E","?","M","B",null,"E","$","R","B","B",null],"character_chosen":"MARISA","items_purchased":["BargainBundle","EntropicBrew","Block Potion","Strength Potion","expansioncontent:PrepareCrush","expansioncontent:QuickStudy","DoubleSpark","6A+1","BlazeAway","SporeBomb","WitchOfGreed","ShootingEcho","DarkSpark","SuperPerseids","expansioncontent:QuickStudy+1","Purity","DarkMatter","WitchOfGreed","hubris:ToyBattleship","Lee\u0027s Waffle","IllusionStar","Medical Kit","MachineGunSpark+1","Membership Card","Acceleration","AsteroidBelt+1","DC"],"campfire_rested":0,"item_purchase_floors":[12,12,12,12,12,12,12,12,12,12,12,38,38,38,38,38,38,38,38,38,39,42,42,53,53,53,53],"current_hp_per_floor":[68,67,67,67,65,65,65,65,43,24,24,22,22,9,23,5,68,78,78,78,78,70,70,70,71,74,76,76,78,78,78,78,78,78,78,78,78,85,85,90,90,90,80,80,80,82,83,83,83,85,90,90,90,90,90,82],"gold":68,"neow_bonus":"ONE_RARE_RELIC","is_daily":false,"chose_seed":false,"campfire_upgraded":6,"win_rate":0.0,"timestamp":1612280905,"path_taken":["R","M","?","M","M","?","T","?","M","E","R","$","R","E","M","BOSS","R","M","M","M","M","?","T","E","M","E","R","M","M","E","M","BOSS","R","?","M","$","$","E","T","$","?","E","M","M","E","?","M","BOSS","E","$","R","BOSS","BOSS"],"items_purchased_type":["Relic","Potion","Potion","Potion","Card","Card","Card","Card","Card","Card","Card","Card","Card","Card","Card","Card","Card","Card","Relic","Relic","Card","Relic","Card","Relic","Card","Card","Card"],"build_version":"2020-12-22","purchased_purges":1,"victory":true,"max_hp_per_floor":[68,68,68,68,68,68,68,68,68,68,68,68,68,68,68,68,68,78,78,78,78,78,78,78,78,78,78,78,78,78,78,78,78,78,78,78,78,85,85,90,90,90,90,90,90,90,90,90,90,90,90,90,90,90,90,90],"card_choices":[{"not_picked":["WitchOfGreed","PowerUp"],"picked":"ShootingEcho","floor":2.0},{"not_picked":["MysteriousBeam","GrandCross"],"picked":"ManaConvection","floor":4.0},{"not_picked":["UnstableBomb","MysteriousBeam"],"picked":"Acceleration","floor":5.0},{"not_picked":["Acceleration","DoubleSpark"],"picked":"GrandCross","floor":9.0},{"not_picked":["MachineGunSpark","Robbery"],"picked":"Acceleration","floor":10.0},{"not_picked":["BlazingStar","OneTimeOff"],"picked":"StarlightTyphoon","floor":12.0},{"not_picked":["WitchLeyline","6A"],"picked":"GalacticHalo","floor":14.0},{"not_picked":["AsteroidBelt","WitchOfGreed"],"picked":"StarDustReverie","floor":15.0},{"not_picked":["CollectingQuirk","BlazingStar"],"picked":"StarDustReverie","floor":16.0},{"not_picked":["MilkyWay","GalacticHalo"],"picked":"LuminesStrike","floor":19.0},{"not_picked":["LuminesStrike","DoubleSpark"],"picked":"GrandCross+1","floor":20.0},{"not_picked":["PowerUp","DoubleSpark"],"picked":"GrandCross+1","floor":21.0},{"not_picked":["UnstableBomb","6A+1"],"picked":"MysteriousBeam","floor":22.0},{"not_picked":["RefractionSpark+1","DC"],"picked":"Robbery+1","floor":25.0},{"not_picked":["UnstableBomb","StarBarrage+1"],"picked":"WitchLeyline","floor":26.0},{"not_picked":["ShootingEcho","GalacticHalo"],"picked":"DeepEcoloBomb","floor":27.0},{"not_picked":["UnstableBomb","NonDirectionalLaser"],"picked":"WitchOfGreed","floor":29.0},{"not_picked":["PowerUp","EnergyFlow","BigCrunch"],"picked":"SKIP","floor":30.0},{"not_picked":["MachineGunSpark","LuminesStrike"],"picked":"DragonMeteor","floor":31.0},{"not_picked":["UnstableBomb","EventHorizon"],"picked":"NonDirectionalLaser","floor":32.0},{"not_picked":["BigCrunch","BlazingStar"],"picked":"ManaRampage","floor":33.0},{"not_picked":["ShootingEcho","PowerUp+1"],"picked":"MachineGunSpark","floor":36.0},{"not_picked":["NonDirectionalLaser","WitchOfGreed"],"picked":"DragonMeteor+1","floor":37.0},{"not_picked":["ManaConvection+1","ShootingEcho"],"picked":"DC","floor":38.0},{"not_picked":["NonDirectionalLaser+1","GasGiant+1"],"picked":"DragonMeteor","floor":40.0},{"not_picked":["expansioncontent:LastStand","Replay:SS_hec_1"],"picked":"expansioncontent:GuardianWhirl","floor":43.0},{"not_picked":["expansioncontent:LastStand","expansioncontent:InvincibleStrength"],"picked":"expansioncontent:PrepareCrush","floor":43.0},{"not_picked":["expansioncontent:GuardianWhirl","expansioncontent:AwakenDeath"],"picked":"expansioncontent:InvincibleStrength","floor":43.0},{"not_picked":["Occultation","PowerUp"],"picked":"BinaryStars","floor":44.0},{"not_picked":["FairyDestructionRay","WitchLeyline+1"],"picked":"6A+1","floor":45.0},{"not_picked":["AsteroidBelt+1","UnstableBomb"],"picked":"IllusionStar","floor":46.0},{"not_picked":["LuminesStrike+1","EscapeVelocity"],"picked":"6A+1","floor":47.0},{"not_picked":["ManaConvection+1","GravityBeat+1"],"picked":"MilkyWay","floor":49.0},{"not_picked":["UltimateShortwave","WitchOfGreed+1"],"picked":"ChargingUp+1","floor":52.0}],"player_experience":574171,"relics_obtained":[{"floor":10.0,"key":"hubris:FunFungus"},{"floor":14.0,"key":"Happy Flower"},{"floor":24.0,"key":"ReplayTheSpireMod:Lightbulb"},{"floor":25.0,"key":"WingedGreaves"},{"floor":27.0,"key":"ReplayTheSpireMod:Ninjato"},{"floor":31.0,"key":"Whetstone"},{"floor":36.0,"key":"CatCart"},{"floor":40.0,"key":"Art of War"},{"floor":40.0,"key":"Omamori"},{"floor":41.0,"key":"Ancient Tea Set"},{"floor":44.0,"key":"Replay:Bottled Steam"},{"floor":44.0,"key":"hubris:Metronome"},{"floor":47.0,"key":"Juzu Bracelet"},{"floor":52.0,"key":"Anchor"},{"floor":52.0,"key":"ScarletDevilRocket"}],"event_choices":[{"damage_healed":0.0,"max_hp_gain":0.0,"max_hp_loss":0.0,"gold_gain":0.0,"event_name":"Big Fish","player_choice":"Box","floor":3.0,"gold_loss":0.0,"damage_taken":0.0,"relics_obtained":["Ice Cream"],"cards_obtained":["Regret"]},{"damage_healed":0.0,"max_hp_gain":0.0,"max_hp_loss":0.0,"gold_gain":0.0,"event_name":"The Library","player_choice":"Read","floor":23.0,"gold_loss":0.0,"damage_taken":0.0,"cards_obtained":["Slimebound:PrepareCrush"]},{"damage_healed":0.0,"max_hp_gain":0.0,"max_hp_loss":0.0,"gold_gain":0.0,"event_name":"OrinTheCat","player_choice":"Fight","floor":36.0,"gold_loss":0.0,"damage_taken":0.0},{"cards_removed":["expansioncontent:PrepareCrush"],"damage_healed":0.0,"max_hp_gain":0.0,"max_hp_loss":0.0,"gold_gain":0.0,"event_name":"NoteForYourself","player_choice":"Took Card","floor":48.0,"gold_loss":0.0,"damage_taken":0.0,"cards_obtained":["Iron Wave"]}],"is_beta":false,"boss_relics":[{"not_picked":["hubris:GrandSneckoEye","Velvet Choker"],"picked":"hubris:BlackHole"},{"not_picked":["Busted Crown","Philosopher\u0027s Stone"],"picked":"Black Star"}],"items_purged_floors":[12],"is_endless":false,"potions_floor_spawned":[9,14,15,21,22,26,27,30,37,40,49,52],"ascension_level":1}}