{"host":"v2nniiiz7kpx7fwo","time":1612241783,"event":{"mods":["2.2 Compatiblity","AchievementEnabler","BaseMod","Colored Map","Colored Powertips","DeckTracker","Highlight Path","KOR Keyword Fix","Minty Spire (QoL Compilation)","Permanent Neow","Quick Restart","Rare Cards Sparkle","SuperFastMode"],"gold_per_floor":[362,43,43,118,118,118,153,153,153,165,183,200,219,189,189,189,189],"floor_reached":16,"language":"KOR","playtime":478,"items_purged":[],"score":160,"play_id":"7330c84e-781b-435f-9f2b-2d17d5996bee","local_time":"20210202135623","is_ascension_mode":true,"campfire_choices":[{"floor":6.0,"key":"REST"},{"floor":8.0,"key":"REST"},{"floor":15.0,"key":"REST"}],"circlet_count":0,"master_deck":["AscendersBane","Strike_B","Strike_B","Strike_B","Defend_B","Defend_B","Defend_B","Defend_B","Zap","Dualcast","Fusion+1","Rebound","Capacitor","Gash","Go for the Eyes","Leap","Loop"],"relics":["Cracked Core","Kunai","Eternal Feather","Anchor"],"acts_visited":["Exordium"],"potions_floor_usage":[16],"damage_taken":[{"damage":6.0,"enemies":"Cultist","floor":1.0,"turns":4.0},{"damage":45.0,"enemies":"3 Sentries","floor":7.0,"turns":10.0},{"damage":0.0,"enemies":"2 Louse","floor":10.0,"turns":2.0},{"damage":0.0,"enemies":"Jaw Worm","floor":11.0,"turns":4.0},{"damage":13.0,"enemies":"Blue Slaver","floor":12.0,"turns":3.0},{"damage":17.0,"enemies":"3 Louse","floor":13.0,"turns":4.0},{"damage":0.0,"enemies":"Looter","floor":14.0,"turns":4.0},{"damage":31,"enemies":"The Guardian","floor":16,"turns":8}],"seed_played":"4280062657083791236","potions_obtained":[{"floor":7.0,"key":"Swift Potion"},{"floor":12.0,"key":"FearPotion"}],"is_trial":false,"path_per_floor":["M","$","?","?","?","R","E","R","T","M","M","M","M","M","R","B"],"character_chosen":"DEFECT","items_purchased":["Fusion","Kunai"],"campfire_rested":3,"item_purchase_floors":[2,2],"current_hp_per_floor":[44,44,44,33,26,48,3,31,31,31,31,18,1,1,32,1,1],"gold":189,"neow_bonus":"TWO_FIFTY_GOLD","is_daily":false,"chose_seed":false,"campfire_upgraded":0,"win_rate":0.0,"timestamp":1612241783,"path_taken":["M","$","?","?","?","R","E","R","T","M","M","M","M","M","R","BOSS"],"items_purchased_type":["Card","Relic"],"build_version":"2020-12-22","purchased_purges":0,"victory":false,"max_hp_per_floor":[75,75,75,75,75,75,75,75,75,75,75,75,75,75,75,75,75],"card_choices":[{"not_picked":["Hologram","Compile Driver","Scrape"],"picked":"SKIP","floor":1.0},{"not_picked":["Doom and Gloom","Cold Snap"],"picked":"Rebound","floor":7.0},{"not_picked":["Compile Driver","Go for the Eyes"],"picked":"Capacitor","floor":10.0},{"not_picked":["Beam Cell","Steam"],"picked":"Gash","floor":11.0},{"not_picked":["Capacitor","Cold Snap"],"picked":"Go for the Eyes","floor":12.0},{"not_picked":["Redo","Cold Snap"],"picked":"Leap","floor":13.0},{"not_picked":["Barrage","Steam"],"picked":"Loop","floor":14.0}],"player_experience":337300,"relics_obtained":[{"floor":7.0,"key":"Eternal Feather"},{"floor":9.0,"key":"Anchor"}],"event_choices":[{"damage_healed":0.0,"max_hp_gain":0.0,"max_hp_loss":0.0,"gold_gain":0.0,"event_name":"Living Wall","player_choice":"Grow","floor":3.0,"gold_loss":0.0,"damage_taken":0.0,"cards_upgraded":["Fusion"]},{"damage_healed":0.0,"max_hp_gain":0.0,"max_hp_loss":0.0,"gold_gain":75.0,"event_name":"World of Goop","player_choice":"Gather Gold","floor":4.0,"gold_loss":0.0,"damage_taken":11.0},{"cards_removed":["Strike_B"],"damage_healed":0.0,"max_hp_gain":0.0,"max_hp_loss":0.0,"gold_gain":0.0,"event_name":"Golden Wing","player_choice":"Card Removal","floor":5.0,"gold_loss":0.0,"damage_taken":7.0}],"is_beta":false,"boss_relics":[],"items_purged_floors":[],"is_endless":false,"potions_floor_spawned":[7,12,13],"killed_by":"The Guardian","ascension_level":12}}