{"host":"z5bn7jsck728mmiq","time":1612232872,"event":{"mods":["BaseMod","Bestiary","DeckTracker","Minty Spire (QoL Compilation)","StSLib"],"gold_per_floor":[113,38,38,38,38,71,71,99,99,99,110,127,139,166,166,266,266,280,280,54,72,85,85,99,99,99,99,99,99,99,119,119,119,119],"floor_reached":33,"language":"ENG","playtime":946,"items_purged":["Strike_P"],"score":313,"play_id":"892ff20a-e485-4658-8657-9f76dd482ffa","local_time":"20210201182752","daily_mods":["Specialized","Diverse","Night Terrors"],"is_ascension_mode":false,"campfire_choices":[{"floor":7,"key":"REST"},{"data":"Shrug It Off","floor":10,"key":"SMITH"},{"data":"Double Energy","floor":15,"key":"SMITH"},{"data":"Self Repair","floor":23,"key":"SMITH"},{"floor":25,"key":"REST"},{"data":"Genetic Algorithm","floor":27,"key":"SMITH"},{"floor":32,"key":"REST"}],"circlet_count":0,"master_deck":["Strike_P","Strike_P","Strike_P","Defend_P","Defend_P","Defend_P+1","Defend_P","Eruption+1","Vigilance","FearNoEvil","FearNoEvil","FearNoEvil","FearNoEvil","FearNoEvil","Halt+1","SandsOfTime","Shrug It Off+1","Double Energy+1","Go for the Eyes","Quick Slash","Blur","Scrawl","Coolheaded","Purity","Dash","Self Repair+1","PiercingWail","Genetic Algorithm+1","Body Slam"],"relics":["PureWater","PreservedInsect","Lantern","Gremlin Horn","Potion Belt","Runic Pyramid","Strange Spoon","Mercury Hourglass","Singing Bowl"],"acts_visited":["Exordium","TheCity"],"potions_floor_usage":[14,14,16,16,18,22,33],"damage_taken":[{"damage":11,"enemies":"Jaw Worm","floor":1,"turns":2},{"damage":27,"enemies":"Lagavulin","floor":6,"turns":4},{"damage":21,"enemies":"3 Sentries","floor":8,"turns":6},{"damage":1,"enemies":"Cultist","floor":11,"turns":3},{"damage":0,"enemies":"Small Slimes","floor":12,"turns":3},{"damage":0,"enemies":"Exordium Thugs","floor":13,"turns":3},{"damage":0,"enemies":"Gremlin Nob","floor":14,"turns":2},{"damage":37,"enemies":"Hexaghost","floor":16,"turns":11},{"damage":0,"enemies":"3 Byrds","floor":18,"turns":4},{"damage":20,"enemies":"Spheric Guardian","floor":21,"turns":4},{"damage":0,"enemies":"Snake Plant","floor":22,"turns":5},{"damage":56,"enemies":"Cultist and Chosen","floor":24,"turns":9},{"damage":30,"enemies":"Colosseum Slavers","floor":29,"turns":5},{"damage":13,"enemies":"Snecko","floor":31,"turns":6},{"damage":92,"enemies":"Collector","floor":33,"turns":5}],"seed_played":"-1802377645225748587","potions_obtained":[{"floor":8,"key":"StancePotion"},{"floor":12,"key":"SkillPotion"},{"floor":13,"key":"Explosive Potion"},{"floor":14,"key":"Block Potion"},{"floor":16,"key":"DistilledChaos"},{"floor":21,"key":"PowerPotion"},{"floor":31,"key":"Fruit Juice"}],"is_trial":true,"path_per_floor":["M","$","?","?","$","E","R","E","T","R","M","M","M","E","R","B",null,"M","?","$","M","M","R","M","R","T","R","?","?","T","M","R","B"],"character_chosen":"WATCHER","items_purchased":["Strange Spoon","Self Repair"],"campfire_rested":3,"item_purchase_floors":[20,20],"current_hp_per_floor":[61,61,61,47,47,20,67,46,46,46,45,45,45,45,45,8,67,67,67,67,54,61,61,15,62,62,62,51,31,31,30,64,0,0],"gold":119,"neow_bonus":"","is_daily":false,"chose_seed":false,"campfire_upgraded":4,"win_rate":0.0,"timestamp":1612232872,"path_taken":["M","$","?","?","?","E","R","E","T","R","M","M","M","E","R","BOSS","M","?","$","?","M","R","M","R","T","R","?","?","?","M","R","BOSS"],"items_purchased_type":["Relic","Card"],"build_version":"2020-12-22","purchased_purges":1,"victory":false,"max_hp_per_floor":[72,72,72,72,72,72,67,67,67,67,67,67,67,67,67,67,67,67,67,67,67,67,67,67,62,62,62,67,67,67,69,64,69,69],"card_choices":[{"not_picked":["PiercingWail","Well Laid Plans"],"picked":"Halt","floor":1},{"not_picked":["BootSequence","Halt"],"picked":"SandsOfTime","floor":6},{"not_picked":["Barrage","Bloodletting"],"picked":"Shrug It Off","floor":8},{"not_picked":["Capacitor","Beam Cell"],"picked":"Double Energy","floor":11},{"not_picked":["Dropkick","Compile Driver"],"picked":"Go for the Eyes","floor":12},{"not_picked":["Beam Cell","Sever Soul"],"picked":"Quick Slash","floor":13},{"not_picked":["EmptyBody","Combust"],"picked":"Blur","floor":14},{"not_picked":["ConjureBlade","Wish"],"picked":"Scrawl","floor":16},{"not_picked":["Heel Hook+1","Slice"],"picked":"Coolheaded","floor":18},{"not_picked":["Flechettes","Bouncing Flask"],"picked":"PiercingWail","floor":21},{"not_picked":["Beam Cell","Reinforced Body+1"],"picked":"Genetic Algorithm","floor":22},{"not_picked":["Clothesline","BowlingBash"],"picked":"Body Slam","floor":24},{"not_picked":["CutThroughFate","Streamline+1","Perfected Strike"],"picked":"Singing Bowl","floor":31}],"player_experience":102067,"relics_obtained":[{"floor":6,"key":"PreservedInsect"},{"floor":8,"key":"Lantern"},{"floor":9,"key":"Gremlin Horn"},{"floor":14,"key":"Potion Belt"},{"floor":26,"key":"Mercury Hourglass"},{"floor":30,"key":"Singing Bowl"}],"event_choices":[{"damage_healed":0,"gold_gain":0,"player_choice":"Grow","damage_taken":0,"max_hp_gain":0,"max_hp_loss":0,"event_name":"Living Wall","floor":3,"gold_loss":0,"cards_upgraded":["Eruption"]},{"damage_healed":0,"gold_gain":0,"player_choice":"Entered Light","damage_taken":14,"max_hp_gain":0,"max_hp_loss":0,"event_name":"Shining Light","floor":4,"gold_loss":0,"cards_upgraded":["Defend_P","Halt"]},{"damage_healed":0,"gold_gain":0,"player_choice":"2 cards matched","damage_taken":0,"max_hp_gain":0,"max_hp_loss":0,"event_name":"Match and Keep!","floor":19,"gold_loss":0,"cards_obtained":["Purity","Dash"]},{"damage_healed":0,"gold_gain":0,"player_choice":"Shed Blood","damage_taken":16,"max_hp_gain":5,"max_hp_loss":0,"event_name":"Forgotten Altar","floor":28,"gold_loss":0},{"damage_healed":0,"gold_gain":0,"player_choice":"Fight","damage_taken":0,"max_hp_gain":0,"max_hp_loss":0,"event_name":"Colosseum","floor":29,"gold_loss":0},{"damage_healed":0,"gold_gain":0,"player_choice":"Fled From Nobs","damage_taken":0,"max_hp_gain":0,"max_hp_loss":0,"event_name":"Colosseum","floor":29,"gold_loss":0}],"is_beta":false,"boss_relics":[{"not_picked":["Tiny House","Velvet Choker"],"picked":"Runic Pyramid"}],"items_purged_floors":[2],"is_endless":false,"potions_floor_spawned":[8,12,13,14,16,21,31],"killed_by":"Collector","ascension_level":0}}