{"host":"0k696jvpnlqjk4gh","time":1612277896,"event":{"mods":["AchievementEnabler","BaseMod","Colored Map","Colored Powertips","Minty Spire (QoL Compilation)","Quick Restart"],"gold_per_floor":[109,109,122,122,122,122,154,154,200,217,140,140,68,93,93,194,194,213,226,242,242,258,258,258],"floor_reached":23,"language":"ENG","playtime":733,"items_purged":[],"score":258,"play_id":"dff0a1e7-205c-42f8-903c-2350278af9c8","local_time":"20210202145816","is_ascension_mode":true,"campfire_choices":[{"data":"Blade Dance","floor":6,"key":"SMITH"},{"floor":8,"key":"REST"},{"floor":15,"key":"REST"}],"circlet_count":0,"master_deck":["Strike_G+1","Strike_G","Strike_G","Strike_G","Strike_G","Defend_G","Defend_G+1","Defend_G","Defend_G","Defend_G","Survivor","Neutralize","All Out Attack","Blade Dance+1","Backflip","Infinite Blades","Infinite Blades","Phantasmal Killer","Phantasmal Killer","Terror","Backstab","Slice"],"relics":["Ring of the Snake","NeowsBlessing","White Beast Statue","Boot","Happy Flower","Lantern","WristBlade"],"acts_visited":["Exordium","TheCity"],"potions_floor_usage":[14,14,16,16,20,20,20,23],"damage_taken":[{"damage":0,"enemies":"2 Louse","floor":1,"turns":1},{"damage":0,"enemies":"Jaw Worm","floor":3,"turns":1},{"damage":0,"enemies":"Gremlin Nob","floor":7,"turns":1},{"damage":0,"enemies":"Small Slimes","floor":10,"turns":2},{"damage":17,"enemies":"3 Sentries","floor":14,"turns":6},{"damage":65,"enemies":"The Guardian","floor":16,"turns":12},{"damage":11,"enemies":"2 Thieves","floor":18,"turns":3},{"damage":0,"enemies":"Chosen","floor":19,"turns":4},{"damage":13,"enemies":"Snecko","floor":20,"turns":3},{"damage":14,"enemies":"Snake Plant","floor":22,"turns":2},{"damage":34,"enemies":"Slavers","floor":23,"turns":2}],"seed_played":"7137445450768110688","potions_obtained":[{"floor":7,"key":"SkillPotion"},{"floor":10,"key":"FearPotion"},{"floor":12,"key":"SkillPotion"},{"floor":12,"key":"Explosive Potion"},{"floor":14,"key":"AttackPotion"},{"floor":16,"key":"Poison Potion"},{"floor":18,"key":"PowerPotion"},{"floor":19,"key":"Swift Potion"},{"floor":20,"key":"Swift Potion"},{"floor":22,"key":"Dexterity Potion"}],"is_trial":false,"path_per_floor":["M","?","M","?","?","R","E","R","T","M","$","?","$","E","R","B",null,"M","M","M","T","M","E"],"character_chosen":"THE_SILENT","items_purchased":["Infinite Blades","Infinite Blades"],"campfire_rested":2,"item_purchase_floors":[11,13],"current_hp_per_floor":[70,56,56,56,49,49,49,70,70,70,70,70,70,53,70,5,70,59,59,46,46,32,0,0],"gold":258,"neow_bonus":"THREE_ENEMY_KILL","is_daily":false,"chose_seed":false,"campfire_upgraded":1,"win_rate":0.0,"timestamp":1612277896,"path_taken":["M","?","M","?","?","R","E","R","T","?","$","?","$","E","R","BOSS","M","M","?","?","M","E"],"items_purchased_type":["Card","Card"],"build_version":"2020-12-22","purchased_purges":0,"victory":false,"max_hp_per_floor":[70,70,70,70,70,70,70,70,70,70,70,70,70,70,70,70,70,70,70,70,70,70,70,70],"card_choices":[{"not_picked":["Acrobatics","Masterful Stab"],"picked":"All Out Attack","floor":1},{"not_picked":["Dagger Spray","Caltrops"],"picked":"Blade Dance","floor":3},{"not_picked":["Dagger Spray","Dagger Throw"],"picked":"Backflip","floor":7},{"not_picked":["PiercingWail","Leg Sweep","Escape Plan"],"picked":"SKIP","floor":10},{"not_picked":["Eviscerate","Flying Knee"],"picked":"Phantasmal Killer","floor":14},{"not_picked":["Bullet Time","Malaise"],"picked":"Phantasmal Killer","floor":16},{"not_picked":["Underhanded Strike+1","Deadly Poison"],"picked":"Terror","floor":18},{"not_picked":["Bouncing Flask","Flying Knee","Catalyst"],"picked":"SKIP","floor":19},{"not_picked":["Catalyst+1","Quick Slash"],"picked":"Backstab","floor":20},{"not_picked":["Prepared","Deadly Poison"],"picked":"Slice","floor":22}],"player_experience":103329,"relics_obtained":[{"floor":7,"key":"Boot"},{"floor":9,"key":"Happy Flower"},{"floor":14,"key":"Lantern"}],"event_choices":[{"damage_healed":0,"gold_gain":0,"player_choice":"Entered Light","damage_taken":14,"max_hp_gain":0,"max_hp_loss":0,"event_name":"Shining Light","floor":2,"gold_loss":0,"cards_upgraded":["Strike_G","Defend_G"]},{"damage_healed":0,"gold_gain":0,"player_choice":"Box","damage_taken":0,"relics_obtained":["White Beast Statue"],"max_hp_gain":0,"max_hp_loss":0,"event_name":"Big Fish","floor":4,"gold_loss":0,"cards_obtained":["Regret"]},{"cards_removed":["Regret"],"damage_healed":0,"gold_gain":0,"player_choice":"Card Removal","damage_taken":7,"max_hp_gain":0,"max_hp_loss":0,"event_name":"Golden Wing","floor":5,"gold_loss":0},{"damage_healed":0,"gold_gain":0,"player_choice":"Got Potions","damage_taken":0,"max_hp_gain":0,"max_hp_loss":0,"event_name":"Lab","floor":12,"gold_loss":0}],"is_beta":false,"boss_relics":[{"not_picked":["Fusion Hammer","Philosopher\u0027s Stone"],"picked":"WristBlade"}],"items_purged_floors":[],"is_endless":false,"potions_floor_spawned":[7,10,14,16,18,19,20,22],"killed_by":"Slavers","ascension_level":3}}