{"host":"ugys05tpep779cl6","time":1612254816,"event":{"mods":["AchievementEnabler","Aspiration","BaseMod","Beaked The Cultist","CatGirl Mod","Colored Powertips","HololiveMod","Lobotomy","Minty Spire (QoL Compilation)","Quick Restart","Replay The Spire","Spicy Shops","StSLib","The Druid"],"gold_per_floor":[118,4,4,4,4,36,36,36,60,78,78,78],"floor_reached":11,"language":"ENG","playtime":705,"items_purged":["theDruid:Strike_O"],"score":135,"play_id":"802708f8-7f6d-49c6-9ca8-61bd333dae57","local_time":"20210202093336","is_ascension_mode":true,"campfire_choices":[{"data":"theDruid:BriarArmor","floor":8.0,"key":"SMITH"}],"circlet_count":0,"master_deck":["AscendersBane","theDruid:Strike_O","theDruid:Strike_O","theDruid:Strike_O","theDruid:Defend_O","theDruid:Defend_O","theDruid:Defend_O","theDruid:BriarArmor+1","theDruid:WildSlash","theDruid:ForestGuard","theDruid:Rummage"],"relics":["theDruid:CrownOfTheWilds","aspiration:Nostalgia","beaked:MendingPlumage","aspiration:BabyByrd","Replay:Bottled Flurry"],"acts_visited":["Exordium"],"potions_floor_usage":[11],"damage_taken":[{"damage":0.0,"enemies":"2 Louse","floor":1.0,"turns":4.0},{"damage":62.0,"enemies":"Gremlin Nob","floor":6.0,"turns":6.0},{"damage":13,"enemies":"Small Slimes","floor":10,"turns":4},{"damage":62,"enemies":"3 Sentries","floor":11,"turns":12}],"seed_played":"703281399346030139","potions_obtained":[{"floor":6.0,"key":"DistilledChaos"},{"floor":10,"key":"Reflective Coating"}],"is_trial":false,"path_per_floor":["M","$","?","?","?","E","$","R","T","M","E"],"character_chosen":"DRUID","items_purchased":["theDruid:ForestGuard"],"campfire_rested":0,"item_purchase_floors":[2],"current_hp_per_floor":[68,68,73,73,73,23,23,23,23,26,0,0],"gold":78,"neow_bonus":"NOSTALGIA","is_daily":false,"chose_seed":false,"campfire_upgraded":1,"win_rate":0.0,"timestamp":1612254816,"path_taken":["M","$","?","?","?","E","$","R","T","M","E"],"items_purchased_type":["Card"],"build_version":"2020-12-22","purchased_purges":1,"victory":false,"max_hp_per_floor":[68,68,73,73,73,73,73,73,73,73,73,73],"card_choices":[{"not_picked":["theDruid:Slingshot","theDruid:Scavenge","theDruid:Adaptation"],"picked":"SKIP","floor":1.0},{"not_picked":["theDruid:BackupSupplies","theDruid:AstralShield","theDruid:WildArmor"],"picked":"SKIP","floor":6.0},{"not_picked":["theDruid:Scavenge","theDruid:Slingshot"],"picked":"theDruid:Rummage","floor":10}],"player_experience":1183382,"relics_obtained":[{"floor":6.0,"key":"Replay:Bottled Flurry"}],"event_choices":[{"damage_healed":0.0,"max_hp_gain":5.0,"max_hp_loss":0.0,"gold_gain":0.0,"event_name":"Big Fish","player_choice":"Donut","floor":3.0,"gold_loss":0.0,"damage_taken":0.0},{"cards_removed":["theDruid:Defend_O"],"damage_healed":0.0,"max_hp_gain":0.0,"max_hp_loss":0.0,"gold_gain":0.0,"event_name":"Purifier","player_choice":"Purged","floor":5.0,"gold_loss":0.0,"damage_taken":0.0}],"is_beta":false,"boss_relics":[],"items_purged_floors":[2],"is_endless":false,"potions_floor_spawned":[6,10],"killed_by":"3 Sentries","ascension_level":19}}