{"host":"4kmvpqjeiacgn1pr","time":1612227936,"event":{"mods":["AchievementEnabler","BaseMod","Better Altar","Better Match","Better Note","Better Sensory Stone","Better Skull","Better Third Choice","Colored Map","Colored Powertips","Curses Come First","Downfall","Highlight Path","Infinite Spire","Minty Spire (QoL Compilation)","Permanent Neow","Quick Restart","Rare Cards Sparkle","Replay The Spire","Shop Mod","Spicy Shops","Spikes Relics","StSLib","Waifu the Spire"],"gold_per_floor":[114,133,133,133,144,173,188,207,233,264,264,275,34,68,68,173,173,189,189,200,390,390,390],"floor_reached":22,"language":"ENG","playtime":901,"items_purged":["ReplayTheSpireMod:Restless Dread"],"score":367,"play_id":"82f9d9d9-197e-4175-870d-25ba17c9d502","local_time":"20210201200536","is_ascension_mode":true,"campfire_choices":[{"data":"Judgement","floor":15,"key":"SMITH"}],"circlet_count":0,"master_deck":["Strike_P","Strike_P","Strike_P","Defend_P","Defend_P","Defend_P","Defend_P","Eruption","Vigilance","Magnetism","CrushJoints","Consecrate","SignatureMove+1","Replay:AtTheReady","Judgement+1","FearNoEvil","Replay:ManipulateFuture","Adaptation","MentalFortress","Weave","Establishment","Nirvana","ReplayTheSpireMod:Black Plague","ReachHeaven+1"],"relics":["PureWater","Lantern","Replay:Baseball","Happy Flower","infinitespire:Beetle Shell","Ring of Peace","TeardropLocket","Counterbalance","Snecko Eye","Dream Catcher"],"acts_visited":["Exordium","TheCity"],"potions_floor_usage":[14],"damage_taken":[{"damage":19.0,"enemies":"2 Louse","floor":1.0,"turns":3.0},{"damage":0.0,"enemies":"Small Slimes","floor":2.0,"turns":2.0},{"damage":4.0,"enemies":"Jaw Worm","floor":5.0,"turns":3.0},{"damage":30.0,"enemies":"Gremlin Nob","floor":6.0,"turns":3.0},{"damage":0.0,"enemies":"Gremlin Gang","floor":7.0,"turns":3.0},{"damage":0.0,"enemies":"2 Fungi Beasts","floor":8.0,"turns":2.0},{"damage":0.0,"enemies":"Lagavulin","floor":10.0,"turns":2.0},{"damage":0.0,"enemies":"Large Slime","floor":12.0,"turns":4.0},{"damage":0,"enemies":"Gremlin Nob","floor":14,"turns":3},{"damage":0,"enemies":"Slime Boss","floor":16,"turns":7},{"damage":0,"enemies":"Spheric Guardian","floor":18,"turns":1},{"damage":0,"enemies":"3 Byrds","floor":20,"turns":1},{"damage":0,"enemies":"Shelled Parasite and Fungi","floor":22,"turns":1}],"seed_played":"5968485708915459553","potions_obtained":[{"floor":2.0,"key":"Explosive Potion"},{"floor":6.0,"key":"LiquidMemories"},{"floor":7.0,"key":"Languid Potion"},{"floor":12.0,"key":"SpeedPotion"}],"is_trial":false,"path_per_floor":["M","M","?","?","M","E","M","M","T","E","?","M","$","E","R","B",null,"M","AVR","M","?","M"],"character_chosen":"WATCHER","items_purchased":["TeardropLocket"],"campfire_rested":0,"item_purchase_floors":[13],"current_hp_per_floor":[53,53,53,53,49,19,19,19,19,19,19,19,19,19,19,19,72,72,72,72,44,44,44],"gold":390,"neow_bonus":"RANDOM_COLORLESS_2","is_daily":false,"chose_seed":false,"campfire_upgraded":1,"win_rate":0.0,"timestamp":1612227936,"path_taken":["M","M","?","?","M","E","M","M","T","E","?","M","?","E","R","BOSS","M","AVR","?","?","?"],"items_purchased_type":["Relic"],"build_version":"2020-12-22","purchased_purges":1,"victory":false,"max_hp_per_floor":[72,72,72,72,72,72,72,72,72,72,72,72,72,72,72,72,72,72,72,72,72,72,72],"card_choices":[{"not_picked":["ReplayTheSpireMod:Brewmster","Thinking Ahead"],"picked":"Magnetism","floor":0.0},{"not_picked":["LikeWater","Evaluate"],"picked":"CrushJoints","floor":1.0},{"not_picked":["Replay:ManipulateFuture","Protect"],"picked":"Consecrate","floor":2.0},{"not_picked":["Swivel","Consecrate"],"picked":"Replay:AtTheReady","floor":5.0},{"not_picked":["ThirdEye","Protect"],"picked":"Judgement","floor":6.0},{"not_picked":["SashWhip","Prostrate"],"picked":"FearNoEvil","floor":7.0},{"not_picked":["FlurryOfBlows","BowlingBash"],"picked":"Replay:ManipulateFuture","floor":8.0},{"not_picked":["SpiritShield","EmptyBody"],"picked":"Adaptation","floor":10.0},{"not_picked":["CutThroughFate","CarveReality"],"picked":"MentalFortress","floor":12.0},{"not_picked":["Blasphemy","CutThroughFate"],"picked":"Weave","floor":14},{"not_picked":["Scrawl","DevaForm"],"picked":"Establishment","floor":16},{"not_picked":["FlurryOfBlows","Replay:AtTheReady"],"picked":"Nirvana","floor":18},{"not_picked":["ThirdEye","Prostrate+1"],"picked":"ReachHeaven+1","floor":20}],"player_experience":417321,"relics_obtained":[{"floor":3.0,"key":"Lantern"},{"floor":6.0,"key":"Replay:Baseball"},{"floor":9.0,"key":"Happy Flower"},{"floor":10.0,"key":"infinitespire:Beetle Shell"},{"floor":11.0,"key":"Ring of Peace"},{"floor":14,"key":"Counterbalance"}],"event_choices":[],"is_beta":false,"boss_relics":[{"not_picked":["Painkiller Herb","infinitespire:Cupcake"],"picked":"Snecko Eye"}],"items_purged_floors":[19],"is_endless":false,"potions_floor_spawned":[2,6,7,12],"killed_by":"Shelled Parasite and Fungi","ascension_level":4}}