{"host":"ehgz297skgb1u9fr","time":1612243761,"event":{"mods":["2.2 Compatiblity","Act Like it!","Aspiration","BaseMod","Conspire","Energized Spire","Hubris","Minty Spire (QoL Compilation)","RRrroohrrRGHHhhh!!","Reliquary","Replay The Spire","Retaliation","Shop Mod","StSLib","Wandering Minibosses","Wide Potions"],"gold_per_floor":[118,118,131,143,143,143,173,173,173,201,257,257,270,52,52,154,254,267,234,234,234,234,250,295,295],"floor_reached":24,"language":"ENG","playtime":1637,"items_purged":["Normality"],"score":294,"play_id":"aa56f91f-6de5-4e0d-89e8-1e6823358aee","local_time":"20210201232921","is_ascension_mode":true,"campfire_choices":[{"data":"Weave","floor":6,"key":"SMITH"},{"data":"Pot Of Greed","floor":8,"key":"SMITH"},{"floor":15,"key":"RECALL"}],"circlet_count":0,"master_deck":["Strike_P","Strike_P","Strike_P","Strike_P","Defend_P","Defend_P","Defend_P","Defend_P","Eruption+1","Vigilance","CutThroughFate","Weave+1","Pot Of Greed","Pot Of Greed+1","Ragnarok","ThirdEye","Prostrate","Devotion","Indignation+1","BattleHymn+1","Nirvana"],"relics":["PureWater","ReplayTheSpireMod:Ring of Collecting","ReplayTheSpireMod:Ring of Addiction","hubris:EmptyBottle","Toy Ornithopter","Grinning Jar","ReplayTheSpireMod:Ring of Challenge","Pear","Strawberry","Replay:Wanted Poster"],"acts_visited":["Exordium","TheCity"],"potions_floor_usage":[7,7,11,16,16,18],"damage_taken":[{"damage":0,"enemies":"Jaw Worm","floor":1,"turns":3},{"damage":4,"enemies":"conspire:RoseBush","floor":3,"turns":2},{"damage":0,"enemies":"2 Louse","floor":4,"turns":2},{"damage":12,"enemies":"Gremlin Nob","floor":7,"turns":3},{"damage":18,"enemies":"Lagavulin","floor":10,"turns":6},{"damage":0,"enemies":"Looter","floor":11,"turns":3},{"damage":3,"enemies":"conspire:2 RoseBushes","floor":13,"turns":2},{"damage":12,"enemies":"Slime Boss","floor":16,"turns":2},{"damage":12,"enemies":"Chosen","floor":18,"turns":3},{"damage":37,"enemies":"2 Thieves","floor":19,"turns":6},{"damage":29,"enemies":"Snake Plant","floor":23,"turns":7},{"damage":23,"enemies":"Chosen and Byrds","floor":24,"turns":2}],"seed_played":"-1803919116879123755","potions_obtained":[{"floor":4,"key":"Fire Potion"},{"floor":5,"key":"Death Potion"},{"floor":5,"key":"Energy Potion"},{"floor":10,"key":"Fire Potion"},{"floor":11,"key":"Death Potion"}],"is_trial":false,"path_per_floor":["M","?","M","M","?","R","E","R","T","E","M","?","M","$","R","B",null,"M","M","PTL","PTL","?","M","M"],"character_chosen":"WATCHER","items_purchased":["Strawberry"],"campfire_rested":0,"item_purchase_floors":[14],"current_hp_per_floor":[79,79,75,75,75,75,67,67,67,59,69,69,66,73,73,76,92,85,48,48,48,48,19,0,0],"gold":295,"neow_bonus":"TEN_PERCENT_HP_BONUS","is_daily":false,"chose_seed":false,"campfire_upgraded":2,"win_rate":0.0,"timestamp":1612243761,"path_taken":["M","?","M","M","?","R","E","R","T","E","M","?","M","?","R","BOSS","M","M","PTL","PTL","?","M","M"],"items_purchased_type":["Relic"],"build_version":"2020-12-22","purchased_purges":1,"victory":false,"max_hp_per_floor":[79,79,79,79,79,79,79,79,79,89,87,87,87,94,92,92,92,92,92,92,92,90,90,90,90],"card_choices":[{"not_picked":["FlurryOfBlows","SashWhip"],"picked":"CutThroughFate","floor":1},{"not_picked":["JustLucky","SashWhip"],"picked":"Weave","floor":3},{"not_picked":["EmptyFist","Perseverance","PathToVictory"],"picked":"SKIP","floor":4},{"not_picked":["Sanctity","SashWhip"],"picked":"Ragnarok","floor":7},{"not_picked":["Pray","SignatureMove"],"picked":"ThirdEye","floor":10},{"not_picked":["EmptyBody","SashWhip"],"picked":"Prostrate","floor":11},{"not_picked":["Replay:AtTheReady","Perseverance","Halt"],"picked":"SKIP","floor":13},{"not_picked":["LessonLearned","Vault"],"picked":"Devotion","floor":16},{"not_picked":["Replay:BluntJabs+1","Consecrate"],"picked":"Indignation+1","floor":18},{"not_picked":["Replay:Vibes","Fasting2"],"picked":"BattleHymn","floor":19},{"not_picked":["ThirdEye+1","DeceiveReality+1"],"picked":"Nirvana","floor":23}],"player_experience":410583,"relics_obtained":[{"floor":5,"key":"ReplayTheSpireMod:Ring of Collecting"},{"floor":5,"key":"ReplayTheSpireMod:Ring of Addiction"},{"floor":5,"key":"hubris:EmptyBottle"},{"floor":5,"key":"Toy Ornithopter"},{"floor":7,"key":"Grinning Jar"},{"floor":9,"key":"ReplayTheSpireMod:Ring of Challenge"},{"floor":10,"key":"Pear"}],"event_choices":[{"damage_healed":0,"gold_gain":0,"player_choice":"Leave","damage_taken":0,"max_hp_gain":0,"max_hp_loss":0,"event_name":"conspire:Investor","floor":12,"gold_loss":0},{"damage_healed":0,"gold_gain":0,"player_choice":"Upgraded","damage_taken":0,"max_hp_gain":0,"max_hp_loss":0,"event_name":"Upgrade Shrine","floor":22,"gold_loss":0,"cards_upgraded":["BattleHymn"]}],"is_beta":false,"boss_relics":[{"not_picked":["ChewingGum","Cursed Key"],"picked":"Replay:Wanted Poster"}],"items_purged_floors":[14],"is_endless":false,"potions_floor_spawned":[4,10,11],"killed_by":"Chosen and Byrds","ascension_level":1}}