{"host":"zrerxgu8lagrk16e","time":1612291503,"event":{"mods":["AchievementEnabler","BaseMod","Colored Map","Colored Powertips","Minty Spire (QoL Compilation)","Quick Restart","Relic Stats","StSLib","slay the spire mod where everything is the same but ironclad has a cowboy hat"],"gold_per_floor":[19,29,29,6,23,53,18,18,18,35,35,35,65,80,80,80,80],"floor_reached":16,"language":"ENG","playtime":449,"items_purged":[],"score":127,"play_id":"e10ef83c-4c23-43ce-80ff-1fe193f7f856","local_time":"20210202134503","is_ascension_mode":true,"campfire_choices":[{"data":"1","floor":8,"key":"LIFT"},{"floor":12,"key":"REST"},{"data":"2","floor":15,"key":"LIFT"}],"circlet_count":0,"master_deck":["Strike_B","Strike_B","Strike_B","Defend_B","Defend_B","Defend_B","Defend_B","Zap","Dualcast","Beam Cell","Hologram+1","Leap","Go for the Eyes","Ball Lightning","Rip and Tear","Gash","Hyperbeam","Ball Lightning"],"relics":["Cracked Core","Girya","Kunai","Ancient Tea Set"],"acts_visited":["Exordium"],"potions_floor_usage":[13,16],"damage_taken":[{"damage":4,"enemies":"Jaw Worm","floor":1,"turns":4},{"damage":1,"enemies":"Cultist","floor":2,"turns":3},{"damage":2,"enemies":"2 Louse","floor":5,"turns":2},{"damage":43,"enemies":"Lagavulin","floor":6,"turns":8},{"damage":1,"enemies":"Looter","floor":10,"turns":3},{"damage":7,"enemies":"Gremlin Nob","floor":13,"turns":3},{"damage":0,"enemies":"3 Louse","floor":14,"turns":1},{"damage":44,"enemies":"The Guardian","floor":16,"turns":7}],"seed_played":"-1592852178287669475","potions_obtained":[{"floor":1,"key":"BlessingOfTheForge"},{"floor":2,"key":"PotionOfCapacity"},{"floor":6,"key":"Weak Potion"}],"is_trial":false,"path_per_floor":["M","M","?","$","M","E","$","R","T","M","?","R","E","M","R","B"],"character_chosen":"DEFECT","items_purchased":["Leap","Rip and Tear"],"campfire_rested":1,"item_purchase_floors":[4,7],"current_hp_per_floor":[71,70,70,70,68,25,25,25,25,24,24,46,39,39,39,0,0],"gold":80,"neow_bonus":"ONE_RARE_RELIC","is_daily":false,"chose_seed":false,"campfire_upgraded":0,"win_rate":0.0,"timestamp":1612291503,"path_taken":["M","M","?","$","M","E","$","R","T","M","?","R","E","M","R","BOSS"],"items_purchased_type":["Card","Card"],"build_version":"2020-12-22","purchased_purges":0,"victory":false,"max_hp_per_floor":[75,75,75,75,75,75,75,75,75,75,75,75,75,75,75,75,75],"relic_stats":{"counters":[8,31],"Kunai":[3],"obtain_stats":[{"Girya":0,"Kunai":6,"Cracked Core":0,"Ancient Tea Set":13},{"Girya":0,"Kunai":4,"Cracked Core":0,"Ancient Tea Set":6},{"Girya":0,"Kunai":17,"Cracked Core":0,"Ancient Tea Set":23}]},"card_choices":[{"not_picked":["Melter","Go for the Eyes"],"picked":"Beam Cell","floor":1},{"not_picked":["Blizzard","Glacier"],"picked":"Hologram","floor":2},{"not_picked":["Rebound","Coolheaded"],"picked":"Go for the Eyes","floor":5},{"not_picked":["Beam Cell","Stack"],"picked":"Ball Lightning","floor":6},{"not_picked":["Defragment","Steam"],"picked":"Gash","floor":10},{"not_picked":["Streamline","Rebound"],"picked":"Hyperbeam","floor":13},{"not_picked":["Turbo","Defragment"],"picked":"Ball Lightning","floor":14}],"player_experience":191697,"relics_obtained":[{"floor":6,"key":"Kunai"},{"floor":13,"key":"Ancient Tea Set"}],"event_choices":[{"damage_healed":0,"gold_gain":0,"player_choice":"Grow","damage_taken":0,"max_hp_gain":0,"max_hp_loss":0,"event_name":"Living Wall","floor":3,"gold_loss":0,"cards_upgraded":["Hologram"]},{"cards_removed":["Strike_B"],"damage_healed":0,"gold_gain":0,"player_choice":"Card Removal","damage_taken":0,"max_hp_gain":0,"max_hp_loss":0,"event_name":"Wheel of Change","floor":11,"gold_loss":0}],"is_beta":false,"boss_relics":[],"items_purged_floors":[],"is_endless":false,"potions_floor_spawned":[1,2,6],"killed_by":"The Guardian","ascension_level":3}}