{"host":"8tgyo6jwzgmjsiz5","time":1612227060,"event":{"mods":["AchievementEnabler","BaseMod","Best Route Mod","Colored Map","Highlight Path","Minty Spire (QoL Compilation)","Permanent Neow","Quick Restart","StSLib","SuperFastMode","everything is the same but u backflip on backflip"],"gold_per_floor":[110,110,110,126,143,143,97,130,130,162,174,204,204,216,216,292,292,310,310,238,248,294,325,98,124,124,124,124,152,152,168,168,247,247,261,280,300,300,320,320,320,320,320],"floor_reached":42,"language":"ENG","playtime":2492,"items_purged":["Strike_R"],"score":900,"play_id":"a0c34546-1b86-4b9b-9b81-6990f28a10c4","local_time":"20210201215059","is_ascension_mode":true,"campfire_choices":[{"data":"Bash","floor":6.0,"key":"SMITH"},{"data":"Clothesline","floor":13.0,"key":"SMITH"},{"data":"Whirlwind","floor":15.0,"key":"SMITH"},{"data":"Armaments","floor":27.0,"key":"SMITH"},{"data":"Ghostly","floor":32,"key":"SMITH"},{"data":"Demon Form","floor":40,"key":"SMITH"}],"circlet_count":0,"master_deck":["AscendersBane","Defend_R","Defend_R","Defend_R","Defend_R","Bash+1","Pommel Strike","Dropkick","Spot Weakness","Shrug It Off","Whirlwind+1","Clothesline+1","Heavy Blade","Sword Boomerang","Fiend Fire","Armaments+1","Power Through","Ghostly+1","Ghostly","Ghostly","Berserk","Havoc","Dropkick","Demon Form+1","Uppercut","Burning Pact","Madness","Madness"],"relics":["Coffee Dripper","FossilizedHelix","Ginger","Ornamental Fan","Snecko Eye","Self Forming Clay","Toy Ornithopter","Blood Vial","Eternal Feather","Bag of Marbles","Sozu"],"acts_visited":["Exordium","TheCity","TheBeyond"],"potions_floor_usage":[33,33],"damage_taken":[{"damage":7.0,"enemies":"Small Slimes","floor":1.0,"turns":3.0},{"damage":0.0,"enemies":"2 Louse","floor":4.0,"turns":2.0},{"damage":0.0,"enemies":"Cultist","floor":5.0,"turns":2.0},{"damage":17.0,"enemies":"Lagavulin","floor":8.0,"turns":5.0},{"damage":0.0,"enemies":"Gremlin Nob","floor":10.0,"turns":3.0},{"damage":0.0,"enemies":"Blue Slaver","floor":11.0,"turns":3.0},{"damage":0.0,"enemies":"Exordium Wildlife","floor":14.0,"turns":2.0},{"damage":14.0,"enemies":"Hexaghost","floor":16.0,"turns":6.0},{"damage":0.0,"enemies":"2 Thieves","floor":18.0,"turns":2.0},{"damage":0.0,"enemies":"3 Byrds","floor":21.0,"turns":3.0},{"damage":0.0,"enemies":"Gremlin Leader","floor":23.0,"turns":3.0},{"damage":25.0,"enemies":"Book of Stabbing","floor":25.0,"turns":4.0},{"damage":2.0,"enemies":"Slavers","floor":29.0,"turns":5.0},{"damage":0,"enemies":"Snecko","floor":31,"turns":3},{"damage":5,"enemies":"Collector","floor":33,"turns":10},{"damage":0,"enemies":"3 Darklings","floor":35,"turns":3},{"damage":22,"enemies":"3 Shapes","floor":36,"turns":3},{"damage":0,"enemies":"3 Darklings","floor":37,"turns":4},{"damage":2,"enemies":"4 Shapes","floor":39,"turns":7},{"damage":33,"enemies":"Reptomancer","floor":42,"turns":3}],"seed_played":"4547903293857779612","potions_obtained":[{"floor":4.0,"key":"Strength Potion"},{"floor":8.0,"key":"DistilledChaos"},{"floor":16.0,"key":"FearPotion"},{"floor":21.0,"key":"EssenceOfSteel"},{"floor":23.0,"key":"Energy Potion"},{"floor":31,"key":"EssenceOfSteel"}],"is_trial":false,"path_per_floor":["M","?","?","M","M","R","$","E","T","E","M","?","R","M","R","B",null,"M","?","$","M","T","E","$","E","T","R","?","E","?","M","R","B",null,"M","M","M","?","M","R","?","E"],"character_chosen":"IRONCLAD","items_purchased":["Shrug It Off","Power Through","Toy Ornithopter"],"campfire_rested":0,"item_purchase_floors":[7,20,24],"current_hp_per_floor":[61,61,61,61,61,61,61,44,44,44,44,44,44,44,44,30,64,64,64,64,64,64,64,64,44,44,53,37,35,35,37,37,32,36,37,15,17,17,17,32,25,0,0],"gold":320,"neow_bonus":"BOSS_RELIC","is_daily":false,"chose_seed":false,"campfire_upgraded":6,"win_rate":0.0,"timestamp":1612227059,"path_taken":["M","?","?","M","M","R","$","E","T","E","?","?","R","M","R","BOSS","M","?","$","?","?","E","$","E","T","R","?","E","?","M","R","BOSS","M","M","M","?","M","R","?","E"],"items_purchased_type":["Card","Card","Relic"],"build_version":"2020-12-22","purchased_purges":1,"victory":false,"max_hp_per_floor":[75,75,75,75,75,75,75,75,75,75,75,75,75,75,75,75,75,75,75,75,75,75,75,75,75,75,75,37,37,37,37,37,37,37,37,37,37,37,37,37,37,37,37],"card_choices":[{"not_picked":["Thunderclap","Havoc"],"picked":"Pommel Strike","floor":1.0},{"not_picked":["Metallicize","Cleave"],"picked":"Dropkick","floor":4.0},{"not_picked":["Body Slam","Pummel"],"picked":"Spot Weakness","floor":5.0},{"not_picked":["Juggernaut","Sentinel"],"picked":"Whirlwind","floor":8.0},{"not_picked":["Body Slam","Perfected Strike"],"picked":"Clothesline","floor":10.0},{"not_picked":["Sentinel","Seeing Red"],"picked":"Heavy Blade","floor":11.0},{"not_picked":["Fire Breathing","Heavy Blade"],"picked":"Sword Boomerang","floor":14.0},{"not_picked":["Immolate","Bludgeon"],"picked":"Fiend Fire","floor":16.0},{"not_picked":["Clash","Hemokinesis"],"picked":"Armaments","floor":18.0},{"not_picked":["Fire Breathing","Rampage","Clothesline"],"picked":"SKIP","floor":21.0},{"not_picked":["Havoc","Armaments","Warcry"],"picked":"SKIP","floor":23.0},{"not_picked":["Heavy Blade","Headbutt","Havoc+1"],"picked":"SKIP","floor":25.0},{"not_picked":["Pommel Strike","Feel No Pain"],"picked":"Berserk","floor":29.0},{"not_picked":["Flex","Clash","Clothesline"],"picked":"SKIP","floor":31},{"not_picked":["Corruption","Impervious"],"picked":"Demon Form","floor":33},{"not_picked":["Sword Boomerang","Pommel Strike+1"],"picked":"Uppercut","floor":35},{"not_picked":["Headbutt","Havoc","Cleave"],"picked":"SKIP","floor":36},{"not_picked":["Perfected Strike+1","Whirlwind"],"picked":"Burning Pact","floor":37},{"not_picked":["Thunderclap","Twin Strike+1","Sword Boomerang"],"picked":"SKIP","floor":39}],"player_experience":1964155,"relics_obtained":[{"floor":8.0,"key":"FossilizedHelix"},{"floor":9.0,"key":"Ginger"},{"floor":10.0,"key":"Ornamental Fan"},{"floor":23.0,"key":"Self Forming Clay"},{"floor":25.0,"key":"Blood Vial"},{"floor":26.0,"key":"Eternal Feather"},{"floor":29.0,"key":"Bag of Marbles"}],"event_choices":[{"damage_healed":0.0,"max_hp_gain":0.0,"max_hp_loss":0.0,"gold_gain":0.0,"event_name":"The Cleric","player_choice":"Leave","floor":2.0,"gold_loss":0.0,"damage_taken":0.0},{"cards_removed":["Strike_R"],"damage_healed":0.0,"max_hp_gain":0.0,"max_hp_loss":0.0,"gold_gain":0.0,"event_name":"Wheel of Change","player_choice":"Card Removal","floor":3.0,"gold_loss":0.0,"damage_taken":0.0},{"damage_healed":0.0,"max_hp_gain":0.0,"max_hp_loss":0.0,"gold_gain":30.0,"event_name":"Dead Adventurer","player_choice":"Searched \u00271\u0027 times","floor":12.0,"gold_loss":0.0,"damage_taken":0.0},{"cards_removed":["Strike_R"],"damage_healed":0.0,"max_hp_gain":0.0,"max_hp_loss":0.0,"gold_gain":0.0,"event_name":"Bonfire Elementals","player_choice":"Offered Basic","floor":19.0,"gold_loss":0.0,"damage_taken":0.0},{"damage_healed":0.0,"max_hp_gain":0.0,"max_hp_loss":38.0,"gold_gain":0.0,"event_name":"Ghosts","player_choice":"Became a Ghost","floor":28.0,"gold_loss":0.0,"damage_taken":0.0,"cards_obtained":["Ghostly","Ghostly","Ghostly"]},{"damage_healed":0.0,"max_hp_gain":0.0,"max_hp_loss":0.0,"gold_gain":0.0,"cards_transformed":["Strike_R","Strike_R"],"event_name":"Drug Dealer","player_choice":"Became Test Subject","floor":30.0,"gold_loss":0.0,"damage_taken":0.0,"cards_obtained":["Havoc","Dropkick"]},{"damage_healed":0,"gold_gain":0,"player_choice":"Memory 1","damage_taken":0,"max_hp_gain":0,"max_hp_loss":0,"event_name":"SensoryStone","floor":38,"gold_loss":0},{"damage_healed":0,"gold_gain":0,"player_choice":"Embrace Madness","damage_taken":7,"max_hp_gain":0,"max_hp_loss":0,"event_name":"Winding Halls","floor":41,"gold_loss":0,"cards_obtained":["Madness","Madness"]}],"is_beta":false,"boss_relics":[{"not_picked":["Black Star","Cursed Key"],"picked":"Snecko Eye"},{"not_picked":["Runic Pyramid","SacredBark"],"picked":"Sozu"}],"items_purged_floors":[24],"is_endless":false,"potions_floor_spawned":[4,8,16,21,23,31,35],"killed_by":"Reptomancer","ascension_level":15}}