{"host":"phy652c7lim9lcu2","time":1612267064,"event":{"mods":["BaseMod","BetterRewards","Colored Powertips","Downfall","Googly Eyes","Hubris","Minty Spire (QoL Compilation)","Relic Stats","Spicy Shops","StSLib","everything is the same but u backflip on backflip"],"gold_per_floor":[112,132,52,67,85,110,110,143,170,170,201,201,214,63,63,164,164,184,75,90,90,107,140,152,177,203,219,238,270,289,289,289],"floor_reached":31,"language":"ENG","playtime":1278,"items_purged":[],"score":535,"play_id":"953df659-253d-454f-a4fa-949a84501ad7","local_time":"20210202215744","is_ascension_mode":true,"campfire_choices":[{"data":"Eruption","floor":7.0,"key":"SMITH"},{"data":"Wallop","floor":10.0,"key":"SMITH"},{"data":"FlurryOfBlows","floor":15.0,"key":"SMITH"}],"circlet_count":0,"master_deck":["Strike_P","Strike_P","Strike_P","Strike_P","Defend_P","Defend_P","Defend_P","Defend_P","Eruption+1","Vigilance","CutThroughFate","FearNoEvil","Wireheading","CutThroughFate","Wallop+1","Vengeance","FlurryOfBlows+1","Sanctity","FlurryOfBlows+1","Consecrate","BowlingBash","DevaForm","ClearTheMind","MentalFortress","EmptyBody","JustLucky","JustLucky+1","Tantrum+1","FlurryOfBlows+1"],"relics":["PureWater","Tiny Chest","Pen Nib","Centennial Puzzle","PreservedInsect","CaptainsWheel","Sling","hubris:TerracottaHorce","Bag of Marbles","Boot","MealTicket","Juzu Bracelet"],"acts_visited":["Exordium","TheCity"],"potions_floor_usage":[],"damage_taken":[{"damage":0.0,"enemies":"Jaw Worm","floor":1.0,"turns":1.0},{"damage":0.0,"enemies":"Small Slimes","floor":2.0,"turns":3.0},{"damage":0.0,"enemies":"2 Louse","floor":4.0,"turns":2.0},{"damage":0.0,"enemies":"2 Fungi Beasts","floor":5.0,"turns":2.0},{"damage":12.0,"enemies":"3 Sentries","floor":6.0,"turns":5.0},{"damage":16.0,"enemies":"Gremlin Nob","floor":8.0,"turns":3.0},{"damage":0.0,"enemies":"Lagavulin","floor":11.0,"turns":3.0},{"damage":5.0,"enemies":"Large Slime","floor":13.0,"turns":3.0},{"damage":12.0,"enemies":"Hexaghost","floor":16.0,"turns":6.0},{"damage":0.0,"enemies":"2 Thieves","floor":18.0,"turns":1.0},{"damage":4.0,"enemies":"Chosen","floor":20.0,"turns":3.0},{"damage":20.0,"enemies":"Snake Plant","floor":22.0,"turns":3.0},{"damage":0.0,"enemies":"Gremlin Leader","floor":23.0,"turns":4.0},{"damage":0.0,"enemies":"Cultist and Chosen","floor":24.0,"turns":4.0},{"damage":18.0,"enemies":"Slavers","floor":25.0,"turns":2.0},{"damage":1.0,"enemies":"Centurion and Healer","floor":27.0,"turns":3.0},{"damage":0.0,"enemies":"Sentry and Sphere","floor":28.0,"turns":4.0},{"damage":13.0,"enemies":"Book of Stabbing","floor":29.0,"turns":4.0},{"damage":2.0,"enemies":"Snake Plant","floor":30.0,"turns":2.0},{"damage":9,"enemies":"Gremlin Leader","floor":31,"turns":2}],"seed_played":"7533287355781949395","potions_obtained":[{"floor":2.0,"key":"Energy Potion"},{"floor":4.0,"key":"BottledMiracle"},{"floor":5.0,"key":"Explosive Potion"},{"floor":22.0,"key":"LiquidBronze"},{"floor":23.0,"key":"CultistPotion"},{"floor":25.0,"key":"Explosive Potion"},{"floor":29.0,"key":"Slimebound:ThreeZeroPotion"}],"is_trial":false,"path_per_floor":["M","M","$","M","M","E","R","E","T","R","E","?","M","$","R","B",null,"M","$","M","?","M","E","M","E","T","M","M","E","M","E"],"character_chosen":"WATCHER","items_purchased":["CutThroughFate","FearNoEvil","Tiny Chest","Wallop","Sling","MentalFortress","EmptyBody"],"campfire_rested":0,"item_purchase_floors":[0,0,0,3,14,19,19],"current_hp_per_floor":[65,65,65,65,65,53,53,37,37,37,37,37,32,32,32,20,59,59,59,55,55,35,35,35,17,17,16,16,3,1,0,0],"gold":289,"neow_bonus":"","is_daily":false,"chose_seed":false,"campfire_upgraded":3,"win_rate":0.0,"timestamp":1612267064,"path_taken":["M","M","$","M","M","E","R","E","T","R","E","?","M","$","R","BOSS","M","$","M","?","M","E","M","E","T","M","M","E","M","E"],"items_purchased_type":["Card","Card","Relic","Card","Relic","Card","Card"],"build_version":"2020-12-22","purchased_purges":0,"victory":false,"max_hp_per_floor":[72,72,72,72,72,72,72,72,72,72,72,72,72,72,72,72,72,72,72,72,72,72,72,72,72,72,72,72,72,72,72,72],"relic_stats":{"Centennial Puzzle":[24],"counters":[83,344],"Tiny Chest":0,"MealTicket":0,"Pen Nib":[16],"PreservedInsect":213,"Juzu Bracelet":0,"Boot":[34],"obtain_stats":[{"Tiny House":34,"Gremlin Horn":17,"CeramicFish":31,"Runic Capacitor":0,"Whetstone":54,"Sling":14,"Boot":25,"hubris:TerracottaHorce":17,"Centennial Puzzle":8,"Strawberry":6,"MealTicket":26,"downfall:ExtraCursedKey":13,"Kunai":53,"Toxic Egg 2":11,"hubris:TinFlute":7,"Pear":24,"Happy Flower":27,"hubris:DuctTape":47,"Astrolabe":17,"Blue Candle":36,"Oddly Smooth Stone":0,"Pen Nib":26,"Letter Opener":41,"Akabeko":14,"Shuriken":45,"hubris:PeanutButter":9,"hubris:ToyBattleship":30,"Juzu Bracelet":6,"hubris:EmptyBottle":12,"Smiling Mask":14,"Ancient Tea Set":0,"ClockworkSouvenir":19,"Nunchaku":26,"Gambling Chip":21,"Tiny Chest":17,"Red Mask":0,"Chemical X":0,"Cracked Core":0,"PreservedInsect":0,"Orichalcum":0,"hubris:Towel":22,"Calling Bell":17,"Peace Pipe":0,"Strange Spoon":36,"CaptainsWheel":11,"Turnip":17,"Bag of Marbles":23,"Membership Card":4,"hubris:CrackedHourglass":17,"PureWater":0,"TungstenRod":0,"Toy Ornithopter":11},{"Tiny House":47,"Gremlin Horn":41,"CeramicFish":46,"Runic Capacitor":5,"Whetstone":57,"Sling":71,"Boot":78,"hubris:TerracottaHorce":72,"Centennial Puzzle":22,"Strawberry":20,"MealTicket":78,"downfall:ExtraCursedKey":12,"Kunai":56,"Toxic Egg 2":24,"hubris:TinFlute":36,"Pear":44,"Happy Flower":45,"hubris:DuctTape":54,"Astrolabe":14,"Blue Candle":48,"Oddly Smooth Stone":32,"Pen Nib":31,"Letter Opener":52,"Akabeko":40,"Shuriken":53,"hubris:PeanutButter":11,"hubris:ToyBattleship":45,"Juzu Bracelet":10,"hubris:EmptyBottle":24,"Smiling Mask":12,"Ancient Tea Set":32,"ClockworkSouvenir":42,"Nunchaku":44,"Gambling Chip":29,"Tiny Chest":41,"Red Mask":0,"Chemical X":0,"Cracked Core":0,"PreservedInsect":0,"Orichalcum":14,"hubris:Towel":29,"Calling Bell":41,"Peace Pipe":58,"Strange Spoon":48,"CaptainsWheel":70,"Turnip":41,"Bag of Marbles":76,"Membership Card":8,"hubris:CrackedHourglass":27,"PureWater":0,"TungstenRod":0,"Toy Ornithopter":37},{"Tiny House":200,"Gremlin Horn":169,"CeramicFish":191,"Runic Capacitor":13,"Whetstone":252,"Sling":306,"Boot":329,"hubris:TerracottaHorce":312,"Centennial Puzzle":80,"Strawberry":73,"MealTicket":329,"downfall:ExtraCursedKey":43,"Kunai":247,"Toxic Egg 2":86,"hubris:TinFlute":151,"Pear":181,"Happy Flower":183,"hubris:DuctTape":234,"Astrolabe":56,"Blue Candle":203,"Oddly Smooth Stone":131,"Pen Nib":122,"Letter Opener":222,"Akabeko":165,"Shuriken":229,"hubris:PeanutButter":38,"hubris:ToyBattleship":183,"Juzu Bracelet":34,"hubris:EmptyBottle":86,"Smiling Mask":43,"Ancient Tea Set":131,"ClockworkSouvenir":172,"Nunchaku":181,"Gambling Chip":115,"Tiny Chest":169,"Red Mask":0,"Chemical X":0,"Cracked Core":0,"PreservedInsect":0,"Orichalcum":56,"hubris:Towel":115,"Calling Bell":169,"Peace Pipe":261,"Strange Spoon":203,"CaptainsWheel":303,"Turnip":169,"Bag of Marbles":323,"Membership Card":24,"hubris:CrackedHourglass":107,"PureWater":0,"TungstenRod":0,"Toy Ornithopter":156}]},"card_choices":[{"not_picked":["Perseverance","Study"],"picked":"Wireheading","floor":1.0},{"not_picked":["BattleHymn","Fasting2"],"picked":"CutThroughFate","floor":2.0},{"not_picked":["Protect","Halt"],"picked":"Vengeance","floor":4.0},{"not_picked":["ReachHeaven","Halt"],"picked":"FlurryOfBlows","floor":5.0},{"not_picked":["JustLucky","WindmillStrike"],"picked":"Sanctity","floor":6.0},{"not_picked":["FollowUp","Wireheading"],"picked":"FlurryOfBlows","floor":8.0},{"not_picked":["ThirdEye","Swivel"],"picked":"Consecrate","floor":11.0},{"not_picked":["PathToVictory","Halt"],"picked":"BowlingBash","floor":13.0},{"not_picked":["Establishment","Judgement"],"picked":"DevaForm","floor":16.0},{"not_picked":["Consecrate+1","WaveOfTheHand"],"picked":"ClearTheMind","floor":18.0},{"not_picked":["ReachHeaven","Sanctity","Weave"],"picked":"SKIP","floor":20.0},{"not_picked":["EmptyBody","Halt"],"picked":"JustLucky","floor":22.0},{"not_picked":["InnerPeace","Blasphemy"],"picked":"JustLucky+1","floor":23.0},{"not_picked":["JustLucky","Pray+1"],"picked":"Tantrum+1","floor":24.0},{"not_picked":["Study+1","BowlingBash","CutThroughFate"],"picked":"SKIP","floor":25.0},{"not_picked":["Sanctity","Indignation","Perseverance"],"picked":"SKIP","floor":27.0},{"not_picked":["Evaluate","CutThroughFate","ForeignInfluence"],"picked":"SKIP","floor":28.0},{"not_picked":["DeceiveReality","MasterReality"],"picked":"FlurryOfBlows+1","floor":29.0},{"not_picked":["Collect","Halt","JustLucky"],"picked":"SKIP","floor":30.0}],"player_experience":290588,"relics_obtained":[{"floor":6.0,"key":"Pen Nib"},{"floor":8.0,"key":"Centennial Puzzle"},{"floor":9.0,"key":"PreservedInsect"},{"floor":11.0,"key":"CaptainsWheel"},{"floor":23.0,"key":"Bag of Marbles"},{"floor":25.0,"key":"Boot"},{"floor":26.0,"key":"MealTicket"},{"floor":29.0,"key":"Juzu Bracelet"}],"event_choices":[{"damage_healed":0.0,"max_hp_gain":0.0,"max_hp_loss":0.0,"gold_gain":0.0,"event_name":"Living Wall","player_choice":"Grow","floor":12.0,"gold_loss":0.0,"damage_taken":0.0,"cards_upgraded":["FlurryOfBlows"]},{"damage_healed":0.0,"max_hp_gain":0.0,"max_hp_loss":0.0,"gold_gain":0.0,"event_name":"The Mausoleum","player_choice":"Ignored","floor":21.0,"gold_loss":0.0,"damage_taken":0.0}],"is_beta":false,"boss_relics":[{"not_picked":["Velvet Choker","Snecko Eye"],"picked":"hubris:TerracottaHorce"}],"items_purged_floors":[],"is_endless":false,"potions_floor_spawned":[2,4,5,11,13,22,23,25,29],"killed_by":"Gremlin Leader","ascension_level":9}}