{"host":"Tonhão","time":1612295458,"event":{"mods":["Aspiration","BaseMod","Conspire","Downfall","Friendly Minions","Halation","Hermit","Highlight Path","Hubris","Infinite Spire","Jedi Mod","Minty Spire (QoL Compilation)","Relic Sorter","Reliquary","Replay The Spire","Spicy Shops","StSLib","The Animator","The Construct","The Cursed","The Jester","The Senshi","The Servant 0.9.4"],"gold_per_floor":[117,117,117,128,147,147,147,224,224,237,63,63,63,122,122,269,269,294,121,121,121,121,121,121,121,121,121,121,121,121,121,121,121,121,149,224,224,224,224,224,259,314,389,401,493,516,528,602,614,626],"floor_reached":51,"language":"ENG","playtime":2406,"items_purged":[],"score":960,"play_id":"10e752ac-9c0d-490b-8dd8-3db3a408d471","local_time":"20210202165058","is_ascension_mode":true,"campfire_choices":[{"data":"hermit:Shortfuse","floor":6,"key":"SMITH"},{"floor":12,"key":"REST"},{"floor":15,"key":"REST"},{"floor":23,"key":"REST"},{"floor":40,"key":"REST"},{"floor":44,"key":"REST"},{"data":"hermit:HighNoon","floor":49,"key":"SMITH"}],"circlet_count":0,"master_deck":["hermit:Strike_Hermit","hermit:Strike_Hermit","hermit:Strike_Hermit","hermit:Strike_Hermit","hermit:Defend_Hermit+1","hermit:Defend_Hermit","hermit:Defend_Hermit","hermit:Defend_Hermit","hermit:Snapshot","hermit:Covet","hermit:Strike_Hermit","Bandage Up","hermit:Shortfuse+1","CommonCold","Panache","hermit:Dissolve+1","Replay:Dark Deal","hermit:EyeOfTheStorm+1","hermit:Showdown","hermit:Shortfuse+1","hermit:Maintenance+1","Panache+1","Pot Of Greed","Pot Of Greed","hermit:FullyLoaded+1","Doubt","Pot Of Greed","hermit:HighNoon+1","Normality"],"relics":["hermit:Momento","halation:PinkSoulGem","ReplayTheSpireMod:Ring of Challenge","hubris:Icosahedron","reliquary:RedCape","infinitespire:Cupcake","ReplayTheSpireMod:Ring of Collecting","Ginger","Ring of Fury","PreservedInsect","aspiration:PoetsPen_weak","hexamod:BolsterEngine","jedi:ominousloannote","infinitespire:Lucky Rock","hubris:SlimyHat","reliquary:PartyBalloon","Ring of Hypnosis","ReplayTheSpireMod:Lightbulb","Guardian:GemstoneGun","Onion Ring","expansioncontent:StudyCardRelic","infinitespire:EmpoweringShard","halation:EternalFortune","Replay:Bronze Core","DollysMirror","Grinning Jar","Ring of Greed","halation:LettersToHer","MawBank","The Courier","reliquary:Buckler","jedi:shrinkray"],"acts_visited":["Exordium","TheCity","TheBeyond"],"potions_floor_usage":[8,14,18,21,24,27,27,30,31,33,48,50,50],"damage_taken":[{"damage":0,"enemies":"2 Louse","floor":1,"turns":2},{"damage":0,"enemies":"Cultist","floor":4,"turns":3},{"damage":1,"enemies":"Jaw Worm","floor":5,"turns":2},{"damage":57,"enemies":"Lagavulin","floor":8,"turns":7},{"damage":1,"enemies":"Lots of Slimes","floor":10,"turns":3},{"damage":0,"enemies":"Exordium Wildlife","floor":14,"turns":1},{"damage":60,"enemies":"The Guardian","floor":16,"turns":9},{"damage":28,"enemies":"3 Byrds","floor":18,"turns":7},{"damage":0,"enemies":"Chosen","floor":21,"turns":2},{"damage":10,"enemies":"Centurion and Healer","floor":22,"turns":4},{"damage":0,"enemies":"Slavers","floor":24,"turns":2},{"damage":0,"enemies":"Shelled Parasite and Fungi","floor":27,"turns":2},{"damage":1,"enemies":"Snecko","floor":28,"turns":3},{"damage":41,"enemies":"conspire:Head Lice","floor":30,"turns":3},{"damage":10,"enemies":"Cultist and Chosen","floor":31,"turns":5},{"damage":18,"enemies":"hubris:MusketHawk","floor":33,"turns":5},{"damage":47,"enemies":"3 Darklings","floor":35,"turns":4},{"damage":0,"enemies":"conspire:MimicChest","floor":36,"turns":2},{"damage":0,"enemies":"R_Hoarder","floor":41,"turns":1},{"damage":9,"enemies":"3 Shapes","floor":42,"turns":2},{"damage":0,"enemies":"Giant Head","floor":45,"turns":3},{"damage":0,"enemies":"Writhing Mass","floor":46,"turns":2},{"damage":0,"enemies":"Sphere and 2 Shapes","floor":48,"turns":4},{"damage":61,"enemies":"Awakened One","floor":50,"turns":6}],"seed_played":"-3561554570407884204","potions_obtained":[{"floor":5,"key":"Strength Potion"},{"floor":8,"key":"jedi:wingpotion"},{"floor":10,"key":"PowerPotion"},{"floor":16,"key":"ColorlessPotion"},{"floor":18,"key":"SpeedPotion"},{"floor":20,"key":"conspire:TimeTravelPotion"},{"floor":20,"key":"LifebloodPotion"},{"floor":20,"key":"FearPotion"},{"floor":22,"key":"Elixir"},{"floor":24,"key":"DistilledChaos"},{"floor":31,"key":"SkillPotion"},{"floor":36,"key":"bronze:BurnAndBuffPotion"},{"floor":41,"key":"Cursed Concoction"},{"floor":45,"key":"Energy Potion"}],"is_trial":false,"path_per_floor":["M","?","?","M","M","R","?","E","T","M","$","R","$","M","R","B",null,"M","$","?","M","M","R","E","?","T","M","M","?","E","M","R","B",null,"M","?","?","?","AVR","R","E","M","T","R","E","M","?","M","R","B",null],"character_chosen":"HERMIT","items_purchased":["Panache","jedi:ominousloannote","infinitespire:Lucky Rock","hubris:SlimyHat","Replay:Dark Deal"],"campfire_rested":5,"item_purchase_floors":[11,19,19,19,19],"current_hp_per_floor":[75,75,75,75,75,75,75,22,22,25,25,47,47,47,69,13,75,51,51,51,55,49,71,75,75,75,75,74,74,55,49,49,35,75,28,32,32,35,35,58,58,49,49,72,76,78,78,78,78,21],"gold":638,"neow_bonus":"DOUBLE_BOSS_RELIC","is_daily":false,"chose_seed":false,"campfire_upgraded":2,"win_rate":0.0,"timestamp":1612295458,"path_taken":["M","?","?","?","M","R","?","E","T","M","$","R","$","M","R","BOSS","M","$","?","?","M","R","E","?","T","M","?","?","E","M","R","BOSS","M","?","?","?","AVR","R","E","?","T","R","E","M","?","M","R","BOSS"],"items_purchased_type":["Card","Relic","Relic","Relic","Card"],"build_version":"2020-11-17","purchased_purges":0,"victory":true,"max_hp_per_floor":[75,75,75,75,75,75,75,75,75,75,75,75,75,75,75,75,75,75,75,75,75,75,75,75,75,75,75,75,75,75,75,75,75,75,75,75,75,78,78,78,78,78,78,78,78,78,78,78,78,78],"card_choices":[{"not_picked":["hermit:DeadMansHand","hermit:Glare","hermit:Snipe"],"picked":"SKIP","floor":1},{"not_picked":["hermit:Maintenance","hermit:Determination"],"picked":"hermit:Shortfuse","floor":4},{"not_picked":["hermit:HighCaliber","hermit:Enervate","hermit:Deadeye"],"picked":"SKIP","floor":5},{"not_picked":["hermit:LowProfile","hermit:BigShot","hermit:Malice"],"picked":"SKIP","floor":8},{"not_picked":["hermit:CalledShot","hermit:Gestalt","hermit:ItchyTrigger"],"picked":"SKIP","floor":10},{"not_picked":["hermit:CursedWeapon","hermit:Roulette","hermit:Misfire"],"picked":"SKIP","floor":14},{"not_picked":["hermit:Purgatory","hermit:BlackWind"],"picked":"hermit:Dissolve","floor":16},{"not_picked":["hermit:CalledShot+1","hermit:Roulette","hermit:BodyArmor"],"picked":"SKIP","floor":18},{"not_picked":["hermit:Midnight","hermit:Manifest"],"picked":"hermit:EyeOfTheStorm+1","floor":21},{"not_picked":["hermit:Coalescence","hermit:LowProfile","hermit:BodyArmor"],"picked":"SKIP","floor":22},{"not_picked":["hermit:Glare","hermit:Reprieve","hermit:LowProfile"],"picked":"SKIP","floor":24},{"not_picked":["hermit:Scavenge","hermit:CursedWeapon+1","hermit:Manifest+1"],"picked":"SKIP","floor":27},{"not_picked":["hermit:WideOpen","hermit:PistolWhip","hermit:LoneWolf"],"picked":"SKIP","floor":28},{"not_picked":["hermit:Gestalt+1","hermit:FlashPowder"],"picked":"hermit:Shortfuse+1","floor":30},{"not_picked":["hermit:TakeCover+1","hermit:Virtue+1","hermit:CursedWeapon+1"],"picked":"SKIP","floor":31},{"not_picked":["hermit:Ricochet+1","hermit:HighCaliber","hermit:SprayPray"],"picked":"SKIP","floor":35},{"not_picked":["hermit:LowProfile","hermit:Coalescence+1"],"picked":"hermit:Maintenance+1","floor":36},{"not_picked":["hermit:Roulette+1","hermit:Coalescence"],"picked":"hermit:FullyLoaded+1","floor":41},{"not_picked":["hermit:Quickdraw","hermit:ItchyTrigger","hermit:Grudge"],"picked":"SKIP","floor":42},{"not_picked":["hermit:Vantage+1","hermit:CalledShot"],"picked":"hermit:HighNoon","floor":45},{"not_picked":["hermit:Vantage","hermit:TakeCover+1","hermit:Scavenge"],"picked":"SKIP","floor":46},{"not_picked":["hermit:Coalescence","hermit:Ricochet","hermit:Vantage"],"picked":"SKIP","floor":48}],"player_experience":135548,"relics_obtained":[{"floor":7,"key":"ReplayTheSpireMod:Ring of Collecting"},{"floor":7,"key":"ReplayTheSpireMod:Ring of Challenge"},{"floor":8,"key":"Ginger"},{"floor":9,"key":"Ring of Fury"},{"floor":9,"key":"PreservedInsect"},{"floor":18,"key":"hexamod:BolsterEngine"},{"floor":24,"key":"reliquary:PartyBalloon"},{"floor":26,"key":"Ring of Hypnosis"},{"floor":26,"key":"ReplayTheSpireMod:Lightbulb"},{"floor":30,"key":"Guardian:GemstoneGun"},{"floor":33,"key":"Onion Ring"},{"floor":36,"key":"infinitespire:EmpoweringShard"},{"floor":41,"key":"Grinning Jar"},{"floor":43,"key":"Ring of Greed"},{"floor":43,"key":"halation:LettersToHer"},{"floor":43,"key":"MawBank"},{"floor":43,"key":"The Courier"},{"floor":45,"key":"reliquary:Buckler"},{"floor":45,"key":"jedi:shrinkray"}],"event_choices":[{"damage_healed":0,"gold_gain":0,"player_choice":"2 cards matched","damage_taken":0,"max_hp_gain":0,"max_hp_loss":0,"event_name":"Match and Keep!","floor":3,"gold_loss":0,"cards_obtained":["hermit:Strike_Hermit","Bandage Up"]},{"damage_healed":0,"gold_gain":0,"player_choice":"Got Potions","damage_taken":0,"max_hp_gain":0,"max_hp_loss":0,"event_name":"Lab","floor":20,"gold_loss":0},{"damage_healed":0,"gold_gain":0,"player_choice":"Read","damage_taken":0,"max_hp_gain":0,"max_hp_loss":0,"event_name":"The Library","floor":25,"gold_loss":0,"cards_obtained":["hermit:Showdown"]},{"damage_healed":0,"gold_gain":0,"player_choice":"Leave","damage_taken":0,"max_hp_gain":0,"max_hp_loss":0,"event_name":"conspire:Investor","floor":47,"gold_loss":0}],"is_beta":true,"boss_relics":[{"not_picked":["Replay:Drink Me","Ectoplasm"],"picked":"aspiration:PoetsPen_weak"},{"not_picked":["aspiration:DefectSkillbook","hubris:BlackHole"],"picked":"expansioncontent:StudyCardRelic"}],"items_purged_floors":[],"is_endless":false,"potions_floor_spawned":[5,8,10,16,18,22,24,31,36,41,45],"ascension_level":1}}