{"host":"8xzc7f3sd104n9ql","time":1612284714,"event":{"mods":["Ascension Reborn","Aspiration","BaseMod","Better Altar","Better Match","Better Note","Better Sensory Stone","Better Skull","Better Third Choice","Better Vampires","Colored Map","Colored Powertips","Colorless Booster Pack","Conspire","DeckTracker","Downfall","Energized Spire","Halation","Highlight Path","Hubris","Infinite Spire","Minty Spire (QoL Compilation)","Rare Cards Sparkle","RatMod","Reliquary","Replay The Spire","Spicy Shops","Spikes Relics","StSLib","The Blue Laboratory","Transform Curses","Unceasing Turn Reminder","UnlockEverythingMod"],"gold_per_floor":[117,136,153,60,73,73,88,88,88,88,188,216,57,69,69,174,174,189,202,202,215,215,215,215],"floor_reached":23,"language":"ENG","playtime":1634,"items_purged":[],"score":218,"play_id":"a55dfd96-ff2b-43e0-aa26-132c050093bf","local_time":"20210202105154","is_ascension_mode":false,"campfire_choices":[{"data":"FIFO Queue","floor":6,"key":"SMITH"},{"floor":8,"key":"REST"},{"data":"BasicCrystalCard","floor":10,"key":"SMITH"},{"floor":15,"key":"REST"}],"circlet_count":0,"master_deck":["Strike_B","Strike_B","Strike_B","Strike_B","Defend_B","Defend_B","Defend_B","Defend_B","Zap+1","Dualcast","BasicCrystalCard+1","Cold Snap","FIFO Queue+1","Ball Lightning","Redo+1","Ball Lightning","Ball Lightning","Panic Button","FIFO Queue","Hologram","Meteor Strike","Ball Lightning+1","Hologram+1","RefreshScreen+1"],"relics":["Honey Jar","aspiration:AnachronicSnailShell","War Paint","halation:LostSnail","halation:HeavySnake","Blue Doll"],"acts_visited":["Exordium","TheCity"],"potions_floor_usage":[23],"damage_taken":[{"damage":14,"enemies":"infinitespire:Voidling","floor":1,"turns":5},{"damage":5,"enemies":"2 Louse","floor":2,"turns":3},{"damage":0,"enemies":"Cultist","floor":3,"turns":4},{"damage":13,"enemies":"Red Slaver","floor":5,"turns":4},{"damage":9,"enemies":"Blue Slaver","floor":7,"turns":4},{"damage":23,"enemies":"3 Sentries","floor":12,"turns":6},{"damage":29,"enemies":"3 Louse","floor":14,"turns":3},{"damage":19,"enemies":"Slime Boss","floor":16,"turns":9},{"damage":8,"enemies":"Chosen","floor":18,"turns":4},{"damage":25,"enemies":"Spheric Guardian","floor":19,"turns":5},{"damage":15,"enemies":"conspire:HollyBat","floor":21,"turns":7},{"damage":27,"enemies":"conspire:SneckoGhost","floor":23,"turns":4}],"seed_played":"-4049432490701097655","potions_obtained":[{"floor":3,"key":"PotionOfCapacity"},{"floor":7,"key":"blueLaboratory:FrostheartPotion"},{"floor":14,"key":"Ancient Potion"},{"floor":21,"key":"blueLaboratory:LouseDecoction"}],"is_trial":false,"path_per_floor":["M","M","M","$","M","R","M","R","T","R","?","E","$","M","R_BF","B",null,"M","M","AVR","M","?","E"],"character_chosen":"DEFECT","items_purchased":["Ball Lightning","Redo","halation:LostSnail","FIFO Queue"],"campfire_rested":2,"item_purchase_floors":[4,4,13,13],"current_hp_per_floor":[61,56,56,56,43,43,34,56,56,56,56,33,33,4,26,7,75,67,42,42,27,27,0,0],"gold":215,"neow_bonus":"BOSS_RELIC","is_daily":false,"chose_seed":false,"campfire_upgraded":2,"win_rate":0.0,"timestamp":1612284714,"path_taken":["M","M","M","$","M","R","?","R","T","R","?","E","$","M","R_BF","BOSS","M","M","AVR","M","?","E"],"items_purchased_type":["Card","Card","Relic","Card"],"build_version":"2020-12-22","purchased_purges":0,"victory":false,"max_hp_per_floor":[75,75,75,75,75,75,75,75,75,75,75,75,75,75,75,75,75,75,75,75,75,75,75,75],"card_choices":[{"not_picked":["Go for the Eyes","Barrage","Coolheaded"],"picked":"BasicCrystalCard","floor":1},{"not_picked":["Panic Button","ReplayTheSpireMod:Calculation Training","Redo"],"picked":"Cold Snap","floor":2},{"not_picked":["Conserve Battery","Cold Snap","Leap"],"picked":"FIFO Queue","floor":3},{"not_picked":["White Noise","Skim","Compile Driver"],"picked":"Ball Lightning","floor":5},{"not_picked":["Compile Driver","Recycle","Panic Button"],"picked":"Ball Lightning","floor":7},{"not_picked":["Barrage","Redo","Gash"],"picked":"Panic Button","floor":12},{"not_picked":["Sweeping Beam","Turbo","Reinforced Body"],"picked":"Hologram","floor":14},{"not_picked":["Buffer","hubris:Prefetch","Core Surge"],"picked":"Meteor Strike","floor":16},{"not_picked":["Melter+1","Turbo+1","Barrage"],"picked":"Ball Lightning+1","floor":18},{"not_picked":["Steam","Rebound","Skim+1"],"picked":"Hologram+1","floor":19},{"not_picked":["Panic Button","Cold Snap+1","Gash"],"picked":"RefreshScreen+1","floor":21}],"player_experience":435092,"relics_obtained":[{"floor":9,"key":"aspiration:AnachronicSnailShell"},{"floor":12,"key":"War Paint"}],"event_choices":[{"damage_healed":0,"gold_gain":100,"player_choice":"Pray","damage_taken":0,"max_hp_gain":0,"max_hp_loss":0,"event_name":"Golden Shrine","floor":11,"gold_loss":0},{"cards_removed":["Meteor Strike"],"damage_healed":0,"gold_gain":0,"player_choice":"Give","damage_taken":0,"max_hp_gain":0,"max_hp_loss":0,"event_name":"betterNote:BetterNote","floor":22,"gold_loss":0,"cards_obtained":["None"]}],"is_beta":false,"boss_relics":[{"not_picked":["energizedSpire:HugeHouse","Snecko Eye"],"picked":"halation:HeavySnake"}],"items_purged_floors":[],"is_endless":false,"potions_floor_spawned":[3,7,14,21],"killed_by":"conspire:SneckoGhost","ascension_level":0}}