{"host":"vjkx177ju3wjmzef","time":1612281768,"event":{"mods":["BaseMod","Block Reminder","Colored Map","Colored Powertips","DeckTracker","Googly Eyes","Highlight Path","Minty Spire (QoL Compilation)","Quick Restart","Random Character Button","Relic Stats","Replay The Spire","StSLib"],"gold_per_floor":[114,129,30,30,30,30,45,45,45,45,45,60,75,90,90,190,190,205,480,9,9,57,57,72,87,137,152,152,152],"floor_reached":28,"language":"ENG","playtime":1242,"items_purged":["Regret"],"score":210,"play_id":"95ffe95c-772b-47fa-92df-f6cc7dbb2b6a","local_time":"20210202100248","daily_mods":["Chimera","Blue Cards","Binary"],"is_ascension_mode":false,"campfire_choices":[{"data":"Armaments","floor":6,"key":"SMITH"},{"data":"Body Slam","floor":8,"key":"SMITH"},{"data":"Demon Form","floor":23,"key":"SMITH"}],"circlet_count":0,"master_deck":["Bash","Survivor","Zap","Eruption","Strike_G","Strike_B","Defend_R","Defend_G","Defend_P","Body Slam+1","Streamline","Armaments+1","Defragment","ReplayTheSpireMod:System Scan+1","Cold Snap","Rip and Tear","Dual Wield+1","Rampage","Demon Form+1","Clash","Regret","Flex","Flash of Steel","Thunderclap+1","Searing Blow"],"relics":["Burning Blood","Ornamental Fan","Mummified Hand","TungstenRod","Sozu","Replay:Bottled Snecko","Shovel","Replay:Baseball"],"acts_visited":["Exordium","TheCity"],"potions_floor_usage":[16,16,25],"damage_taken":[{"damage":1,"enemies":"Cultist","floor":1,"turns":4},{"damage":7,"enemies":"Small Slimes","floor":2,"turns":4},{"damage":2,"enemies":"2 Louse","floor":7,"turns":3},{"damage":5,"enemies":"Blue Slaver","floor":12,"turns":4},{"damage":2,"enemies":"Looter","floor":13,"turns":3},{"damage":5,"enemies":"Exordium Thugs","floor":14,"turns":4},{"damage":41,"enemies":"Hexaghost","floor":16,"turns":9},{"damage":21,"enemies":"Shell Parasite","floor":18,"turns":5},{"damage":14,"enemies":"3 Byrds","floor":24,"turns":5},{"damage":19,"enemies":"Snecko","floor":25,"turns":4},{"damage":4,"enemies":"Cultist and Chosen","floor":27,"turns":3},{"damage":30,"enemies":"Shelled Parasite and Fungi","floor":28,"turns":3}],"seed_played":"-9070903199233054170","potions_obtained":[{"floor":1,"key":"LifebloodPotion"},{"floor":7,"key":"Swift Potion"},{"floor":14,"key":"SteroidPotion"}],"is_trial":false,"path_per_floor":["M","M","$","?","?","R","M","R","T","T","$","M","M","M","R_BF","B",null,"M","?","$","T","?","R","M","M","T","M","M"],"character_chosen":"IRONCLAD","items_purchased":["Armaments","Defragment","Replay:Bottled Snecko","Flex","Flash of Steel"],"campfire_rested":0,"item_purchase_floors":[3,3,20,20,20],"current_hp_per_floor":[80,79,79,79,79,79,80,80,80,80,80,80,80,80,80,45,80,65,65,65,65,46,46,38,25,25,27,0,0],"gold":152,"neow_bonus":"","is_daily":true,"chose_seed":false,"campfire_upgraded":3,"win_rate":0.0,"timestamp":1612281768,"path_taken":["M","?","$","?","?","R","M","R","T","?","?","M","M","M","R_BF","BOSS","M","?","?","?","?","R","M","?","T","M","M"],"items_purchased_type":["Card","Card","Relic","Card","Card"],"build_version":"2020-12-22","purchased_purges":1,"victory":false,"max_hp_per_floor":[80,80,80,80,80,80,80,80,80,80,80,80,80,80,80,80,80,80,80,80,80,80,80,80,80,80,80,80,80],"relic_stats":{"Sozu":2,"Shovel":0,"counters":[12,51],"Ornamental Fan":[48],"Mummified Hand":[11],"obtain_stats":[{"Sozu":17,"Replay:Baseball":26,"Shovel":21,"Ornamental Fan":4,"Mummified Hand":9,"Replay:Bottled Snecko":20,"Burning Blood":0,"TungstenRod":10},{"Sozu":7,"Replay:Baseball":10,"Shovel":8,"Ornamental Fan":2,"Mummified Hand":3,"Replay:Bottled Snecko":8,"Burning Blood":0,"TungstenRod":3},{"Sozu":31,"Replay:Baseball":45,"Shovel":36,"Ornamental Fan":8,"Mummified Hand":11,"Replay:Bottled Snecko":36,"Burning Blood":0,"TungstenRod":11}],"Burning Blood":52,"TungstenRod":43},"card_choices":[{"not_picked":["Burning Pact"],"picked":"Body Slam","floor":1},{"not_picked":["Coolheaded"],"picked":"Streamline","floor":2},{"not_picked":["Consume"],"picked":"Cold Snap","floor":7},{"not_picked":["Disarm"],"picked":"Rip and Tear","floor":12},{"not_picked":["ReplayTheSpireMod:System Scan"],"picked":"Dual Wield","floor":13},{"not_picked":["Turbo"],"picked":"Rampage","floor":14},{"not_picked":["Core Surge"],"picked":"Demon Form","floor":16},{"not_picked":["Headbutt"],"picked":"Clash","floor":18},{"not_picked":["Scrape"],"picked":"Thunderclap+1","floor":24},{"not_picked":["Multi-Cast"],"picked":"Searing Blow","floor":25},{"not_picked":["Wild Strike","Pommel Strike"],"picked":"SKIP","floor":27}],"player_experience":176173,"relics_obtained":[{"floor":9,"key":"Mummified Hand"},{"floor":10,"key":"TungstenRod"},{"floor":21,"key":"Shovel"},{"floor":26,"key":"Replay:Baseball"}],"event_choices":[{"damage_healed":0,"gold_gain":0,"player_choice":"Box","damage_taken":0,"relics_obtained":["Ornamental Fan"],"max_hp_gain":0,"max_hp_loss":0,"event_name":"Big Fish","floor":4,"gold_loss":0,"cards_obtained":["Regret"]},{"damage_healed":0,"gold_gain":275,"player_choice":"Desecrate","damage_taken":0,"max_hp_gain":0,"max_hp_loss":0,"event_name":"Golden Shrine","floor":19,"gold_loss":0,"cards_obtained":["Regret"]}],"is_beta":false,"boss_relics":[{"not_picked":["SlaversCollar","Runic Cube"],"picked":"Sozu"}],"items_purged_floors":[20],"is_endless":false,"potions_floor_spawned":[1,7,14,25,27],"killed_by":"Shelled Parasite and Fungi","ascension_level":0}}