{"host":"0k696jvpnlqjk4gh","time":1612273346,"event":{"mods":["AchievementEnabler","BaseMod","Colored Map","Colored Powertips","Minty Spire (QoL Compilation)","Quick Restart"],"gold_per_floor":[118,118,138,138,138,138,138,149,149,149,183,183,108,140,140,140,140],"floor_reached":16,"language":"ENG","playtime":398,"items_purged":["Decay"],"score":111,"play_id":"ff9d7f3d-fe25-46b9-b430-133ee51aecb8","local_time":"20210202134226","is_ascension_mode":true,"campfire_choices":[{"floor":6,"key":"RECALL"},{"floor":12,"key":"DIG"},{"floor":15,"key":"REST"}],"circlet_count":0,"master_deck":["Strike_R","Strike_R","Strike_R","Strike_R","Defend_R","Defend_R","Defend_R","Defend_R","Bash","Rupture","Cleave","Entrench","Armaments","Pommel Strike"],"relics":["Burning Blood","NeowsBlessing","Dream Catcher","Lantern","Shovel","Boot","Thread and Needle"],"acts_visited":["Exordium"],"potions_floor_usage":[11,11],"damage_taken":[{"damage":0,"enemies":"Small Slimes","floor":1,"turns":1},{"damage":0,"enemies":"2 Louse","floor":3,"turns":1},{"damage":0,"enemies":"Cultist","floor":8,"turns":1},{"damage":16,"enemies":"Gremlin Nob","floor":11,"turns":3},{"damage":47,"enemies":"3 Sentries","floor":14,"turns":10},{"damage":60,"enemies":"Slime Boss","floor":16,"turns":8}],"seed_played":"-7349168039561139099","potions_obtained":[{"floor":1,"key":"AttackPotion"},{"floor":3,"key":"FearPotion"}],"is_trial":false,"path_per_floor":["M","?","M","?","?","R","?","M","T","?","E","R","$","E","R","B"],"character_chosen":"IRONCLAD","items_purchased":[],"campfire_rested":1,"item_purchase_floors":[],"current_hp_per_floor":[80,80,80,73,73,73,73,79,79,79,69,69,69,28,52,0,0],"gold":140,"neow_bonus":"THREE_ENEMY_KILL","is_daily":false,"chose_seed":false,"campfire_upgraded":0,"win_rate":0.0,"timestamp":1612273346,"path_taken":["M","?","M","?","?","R","?","?","T","?","E","R","?","E","R","BOSS"],"items_purchased_type":[],"build_version":"2020-12-22","purchased_purges":1,"victory":false,"max_hp_per_floor":[80,80,80,80,80,80,80,80,80,80,80,80,80,80,80,80,80],"card_choices":[{"not_picked":["Warcry","Heavy Blade"],"picked":"Rupture","floor":1},{"not_picked":["Perfected Strike","Body Slam"],"picked":"Cleave","floor":3},{"not_picked":["Sentinel","Twin Strike","Entrench"],"picked":"SKIP","floor":8},{"not_picked":["Twin Strike","Clash","Shrug It Off"],"picked":"SKIP","floor":11},{"not_picked":["Pummel","Juggernaut"],"picked":"Armaments","floor":14},{"not_picked":["Evolve","Cleave"],"picked":"Pommel Strike","floor":15}],"player_experience":100193,"relics_obtained":[{"floor":9,"key":"Lantern"},{"floor":11,"key":"Shovel"},{"floor":12,"key":"Boot"},{"floor":14,"key":"Thread and Needle"}],"event_choices":[{"damage_healed":0,"gold_gain":0,"player_choice":"Box","damage_taken":0,"relics_obtained":["Dream Catcher"],"max_hp_gain":0,"max_hp_loss":0,"event_name":"Big Fish","floor":2,"gold_loss":0,"cards_obtained":["Regret"]},{"cards_removed":["Regret"],"damage_healed":0,"gold_gain":0,"player_choice":"Card Removal","damage_taken":7,"max_hp_gain":0,"max_hp_loss":0,"event_name":"Golden Wing","floor":4,"gold_loss":0},{"damage_healed":0,"gold_gain":0,"cards_transformed":["Strike_R"],"player_choice":"Change","damage_taken":0,"max_hp_gain":0,"max_hp_loss":0,"event_name":"Living Wall","floor":5,"gold_loss":0,"cards_obtained":["Entrench"]},{"damage_healed":0,"gold_gain":0,"player_choice":"Cursed","damage_taken":0,"max_hp_gain":0,"max_hp_loss":0,"event_name":"Wheel of Change","floor":7,"gold_loss":0,"cards_obtained":["Decay"]},{"damage_healed":0,"gold_gain":0,"player_choice":"Ignored","damage_taken":0,"max_hp_gain":0,"max_hp_loss":0,"event_name":"Liars Game","floor":10,"gold_loss":0}],"is_beta":false,"boss_relics":[],"items_purged_floors":[13],"is_endless":false,"potions_floor_spawned":[1,3],"killed_by":"Slime Boss","ascension_level":1}}