{"host":"j9610sde00vfp93k","time":1612249472,"event":{"mods":["AchievementEnabler","BaseMod","Minty Spire (QoL Compilation)","StSLib","SuperFastMode"],"gold_per_floor":[114,64,79,92,17,31,31,31,55,72,72,72,88,105,105,105,105],"floor_reached":16,"language":"ENG","playtime":1497,"items_purged":["Defend_R"],"score":94,"play_id":"f0d06513-4267-4f91-a52c-57650da19ca4","local_time":"20210202150432","is_ascension_mode":false,"campfire_choices":[{"data":"Bash","floor":7,"key":"SMITH"},{"data":"Clash","floor":11,"key":"SMITH"},{"floor":15,"key":"REST"}],"circlet_count":0,"master_deck":["Strike_R","Strike_R","Strike_R","Strike_R","Defend_R","Defend_R","Bash+1","Clash+1","Exhume"],"relics":["Burning Blood"],"acts_visited":["Exordium"],"potions_floor_usage":[16,16,16],"damage_taken":[{"damage":7,"enemies":"Small Slimes","floor":1,"turns":4},{"damage":1,"enemies":"Jaw Worm","floor":3,"turns":3},{"damage":6,"enemies":"Cultist","floor":4,"turns":3},{"damage":24,"enemies":"2 Fungi Beasts","floor":6,"turns":3},{"damage":8,"enemies":"Red Slaver","floor":10,"turns":3},{"damage":23,"enemies":"Exordium Thugs","floor":13,"turns":4},{"damage":13,"enemies":"3 Louse","floor":14,"turns":4},{"damage":61,"enemies":"Hexaghost","floor":16,"turns":9}],"seed_played":"6251383055576791264","potions_obtained":[{"floor":4,"key":"Weak Potion"},{"floor":6,"key":"DuplicationPotion"},{"floor":13,"key":"Swift Potion"}],"is_trial":false,"path_per_floor":["M","?","M","M","$","M","R","?","T","M","R","$","M","M","R","B"],"character_chosen":"IRONCLAD","items_purchased":[],"campfire_rested":1,"item_purchase_floors":[],"current_hp_per_floor":[79,79,80,80,80,62,62,62,62,60,60,60,43,36,60,0,0],"gold":105,"neow_bonus":"TRANSFORM_CARD","is_daily":false,"chose_seed":false,"campfire_upgraded":2,"win_rate":0.0,"timestamp":1612249472,"path_taken":["M","?","M","M","$","M","R","?","T","M","R","$","M","M","R","BOSS"],"items_purchased_type":[],"build_version":"2020-12-22","purchased_purges":1,"victory":false,"max_hp_per_floor":[80,80,80,80,80,80,80,80,80,80,80,80,80,80,80,80,80],"card_choices":[{"not_picked":["Heavy Blade","Power Through","Wild Strike"],"picked":"SKIP","floor":1},{"not_picked":["Heavy Blade","Flex","Iron Wave"],"picked":"SKIP","floor":3},{"not_picked":["Combust","Carnage","Rampage"],"picked":"SKIP","floor":4},{"not_picked":["Clothesline","Uppercut"],"picked":"Clash","floor":6},{"not_picked":["Disarm","Metallicize","Sever Soul"],"picked":"SKIP","floor":10},{"not_picked":["Headbutt","Wild Strike","Anger"],"picked":"SKIP","floor":13},{"not_picked":["Twin Strike","Entrench","Clothesline"],"picked":"SKIP","floor":14}],"player_experience":182368,"relics_obtained":[],"event_choices":[{"cards_removed":["Second Wind"],"damage_healed":0,"gold_gain":0,"player_choice":"Card Removal","damage_taken":0,"max_hp_gain":0,"max_hp_loss":0,"event_name":"The Cleric","floor":2,"gold_loss":50},{"damage_healed":0,"gold_gain":0,"cards_transformed":["Strike_R"],"player_choice":"Transformed","damage_taken":0,"max_hp_gain":0,"max_hp_loss":0,"event_name":"Transmorgrifier","floor":8,"gold_loss":0,"cards_obtained":["Exhume"]}],"is_beta":false,"boss_relics":[],"items_purged_floors":[5],"is_endless":false,"potions_floor_spawned":[4,6,13],"killed_by":"Hexaghost","ascension_level":0}}