{"host":"d3b2x3wue20uj2ir","time":1612269054,"event":{"mods":["AchievementEnabler","BaseMod","Better Third Choice","BetterRewards","Exacting","FTL Soundtrack","Minty Spire (QoL Compilation)","Shop Mod","StSLib"],"gold_per_floor":[110,122,132,132,149,174,174,192,192,192,13,13,47,65,65,163,163,196,196,213,0,20,20,51,51,51,51,51],"floor_reached":27,"language":"ENG","playtime":1083,"items_purged":[],"score":377,"play_id":"b582526d-31e8-48d5-9369-05c9007186ea","local_time":"20210202223054","is_ascension_mode":true,"campfire_choices":[{"data":"Metamorphosis","floor":7.0,"key":"SMITH"},{"data":"Dark Embrace","floor":15.0,"key":"SMITH"},{"floor":23,"key":"REST"}],"circlet_count":0,"master_deck":["Strike_R","Strike_R","Strike_R","Strike_R","Strike_R","Defend_R","Defend_R","Defend_R","Defend_R","Dark Embrace+1","Metamorphosis+1","Sever Soul","Flex","Twin Strike","Flex","Warcry","Twin Strike","Second Wind","Warcry","Parasite","Corruption","Infernal Blade","Barricade","Shrug It Off+1","Ghostly Armor+1","Fire Breathing","Spot Weakness"],"relics":["Black Blood","HandDrill","Shuriken","Blood Vial","Strawberry","Centennial Puzzle","MutagenicStrength","Molten Egg 2","Enchiridion"],"acts_visited":["TheCity"],"potions_floor_usage":[24,24],"damage_taken":[{"damage":0.0,"enemies":"Small Slimes","floor":1.0,"turns":3.0},{"damage":6.0,"enemies":"Cultist","floor":2.0,"turns":3.0},{"damage":7.0,"enemies":"Jaw Worm","floor":3.0,"turns":3.0},{"damage":21.0,"enemies":"3 Louse","floor":5.0,"turns":3.0},{"damage":26.0,"enemies":"3 Sentries","floor":6.0,"turns":6.0},{"damage":17.0,"enemies":"Exordium Wildlife","floor":8.0,"turns":4.0},{"damage":36.0,"enemies":"Gremlin Nob","floor":13.0,"turns":5.0},{"damage":12.0,"enemies":"Looter","floor":14.0,"turns":3.0},{"damage":44.0,"enemies":"Hexaghost","floor":16.0,"turns":6.0},{"damage":19.0,"enemies":"Spheric Guardian","floor":18.0,"turns":4.0},{"damage":19.0,"enemies":"3 Byrds","floor":20.0,"turns":5.0},{"damage":73,"enemies":"Shelled Parasite and Fungi","floor":22,"turns":6},{"damage":28,"enemies":"Slavers","floor":24,"turns":3},{"damage":14,"enemies":"Gremlin Leader","floor":27,"turns":2}],"seed_played":"-1094122516276985365","potions_obtained":[{"floor":1.0,"key":"Strength Potion"},{"floor":1.0,"key":"DistilledChaos"},{"floor":5.0,"key":"SteroidPotion"},{"floor":14.0,"key":"EntropicBrew"},{"floor":16.0,"key":"DuplicationPotion"},{"floor":20.0,"key":"DuplicationPotion"}],"is_trial":false,"path_per_floor":["M","M","M","?","M","E","R","M","T","?","$","?","E","M","R","B",null,"M","?","M","?","M","R","E","?","T","E"],"character_chosen":"IRONCLAD","items_purchased":["HandDrill","Dark Embrace","Metamorphosis","Strawberry","Warcry"],"campfire_rested":1,"item_purchase_floors":[0,0,0,11,11],"current_hp_per_floor":[71,71,70,70,55,35,35,24,24,50,57,78,63,59,59,23,87,80,80,75,75,16,42,28,12,12,0,0],"gold":51,"neow_bonus":"","is_daily":false,"chose_seed":false,"campfire_upgraded":2,"win_rate":0.0,"timestamp":1612269054,"path_taken":["M","M","M","?","M","E","R","?","T","?","$","?","E","M","R","BOSS","M","?","M","?","M","R","E","?","T","E"],"items_purchased_type":["Relic","Card","Card","Relic","Card"],"build_version":"2020-12-22","purchased_purges":0,"victory":false,"max_hp_per_floor":[80,80,80,80,80,80,80,80,80,80,87,87,87,87,87,87,87,87,87,87,87,87,87,87,87,87,87,87],"card_choices":[{"not_picked":["Shockwave","Heavy Blade"],"picked":"Sever Soul","floor":1.0},{"not_picked":["Heavy Blade","Bloodletting"],"picked":"Flex","floor":2.0},{"not_picked":["Rupture","Whirlwind"],"picked":"Twin Strike","floor":3.0},{"not_picked":["Heavy Blade","Clothesline"],"picked":"Warcry","floor":5.0},{"not_picked":["Battle Trance","Cleave"],"picked":"Twin Strike","floor":6.0},{"not_picked":["Shrug It Off","Headbutt"],"picked":"Second Wind","floor":8.0},{"not_picked":["Havoc","Twin Strike"],"picked":"Corruption","floor":13.0},{"not_picked":["Shrug It Off","Sword Boomerang"],"picked":"Infernal Blade","floor":14.0},{"not_picked":["Fiend Fire","Immolate"],"picked":"Barricade","floor":16.0},{"not_picked":["Rupture","Searing Blow"],"picked":"Shrug It Off+1","floor":18.0},{"not_picked":["Clothesline+1","Sever Soul"],"picked":"Ghostly Armor+1","floor":20.0},{"not_picked":["Anger","Armaments"],"picked":"Fire Breathing","floor":22},{"not_picked":["Infernal Blade","Perfected Strike+1"],"picked":"Spot Weakness","floor":24}],"player_experience":693683,"relics_obtained":[{"floor":6.0,"key":"Shuriken"},{"floor":9.0,"key":"Blood Vial"},{"floor":13.0,"key":"Centennial Puzzle"},{"floor":24,"key":"Molten Egg 2"},{"floor":25,"key":"Enchiridion"}],"event_choices":[{"damage_healed":0.0,"max_hp_gain":0.0,"max_hp_loss":0.0,"gold_gain":0.0,"cards_transformed":["Bash"],"event_name":"Transmorgrifier","player_choice":"Transformed","floor":4.0,"gold_loss":0.0,"damage_taken":0.0,"cards_obtained":["Flex"]},{"damage_healed":26.0,"max_hp_gain":0.0,"max_hp_loss":0.0,"gold_gain":0.0,"event_name":"Big Fish","player_choice":"Banana","floor":10.0,"gold_loss":0.0,"damage_taken":0.0},{"damage_healed":21.0,"max_hp_gain":0.0,"max_hp_loss":0.0,"gold_gain":0.0,"event_name":"Mushrooms","player_choice":"Healed and dodged fight","floor":12.0,"gold_loss":0.0,"damage_taken":0.0,"cards_obtained":["Parasite"]},{"damage_healed":0.0,"max_hp_gain":0.0,"max_hp_loss":0.0,"gold_gain":0.0,"event_name":"Drug Dealer","player_choice":"Inject Mutagens","floor":19.0,"gold_loss":0.0,"damage_taken":0.0,"relics_obtained":["MutagenicStrength"]},{"damage_healed":0,"gold_gain":0,"player_choice":"Paid Fearfully","damage_taken":0,"max_hp_gain":0,"max_hp_loss":0,"event_name":"Masked Bandits","floor":21,"gold_loss":213},{"damage_healed":0,"gold_gain":0,"player_choice":"Obtained Book","damage_taken":16,"max_hp_gain":0,"max_hp_loss":0,"event_name":"Cursed Tome","floor":25,"gold_loss":0}],"is_beta":false,"boss_relics":[{"not_picked":["Astrolabe","Velvet Choker"],"picked":"Black Blood"}],"items_purged_floors":[],"is_endless":false,"potions_floor_spawned":[1,5,6,14,16,20],"killed_by":"Gremlin Leader","ascension_level":2}}