{"host":"8is2j71l4wmybkoi","time":1612257927,"event":{"mods":["AchievementEnabler","BaseMod","Colored Map","Minty Spire (QoL Compilation)","Rare Cards Sparkle","StSLib","SuperFastMode"],"gold_per_floor":[119,71,44,60,78,104,121,121,121,121,138,63,82,93,93,172,172,182,182,209,106,106,106,136,14,86,106,106,106,134,153,153,225,225,239,253,272,288,363,363,378,378,378,171,205,118,136,156,156,156,156],"floor_reached":50,"language":"KOR","playtime":1970,"items_purged":["Strike_B","Defend_B","Sweeping Beam"],"score":900,"play_id":"54078424-8ca7-4bd8-a88d-54f2fd727c0c","local_time":"20210202182527","is_ascension_mode":true,"campfire_choices":[{"data":"Zap","floor":8,"key":"SMITH"},{"floor":10,"key":"REST"},{"data":"Streamline","floor":15,"key":"SMITH"},{"data":"Static Discharge","floor":23,"key":"SMITH"},{"data":"Heatsinks","floor":28,"key":"SMITH"},{"data":"Gash","floor":32,"key":"PURGE"},{"data":"Defend_B","floor":40,"key":"PURGE"},{"floor":42,"key":"RECALL"},{"data":"Coolheaded","floor":49,"key":"SMITH"}],"circlet_count":0,"master_deck":["AscendersBane","Zap+1","Dualcast","Streamline+1","Cold Snap","Cold Snap","Blizzard","BootSequence","Conserve Battery","Genetic Algorithm","Electrodynamics","Chill+1","Coolheaded+1","Static Discharge+1","Loop","Recycle+1","Defragment","Heatsinks+1","Defragment","Loop","Core Surge","Double Energy+1","Self Repair","Compile Driver+1","Turbo","Turbo","Compile Driver","Reboot"],"relics":["Cracked Core","Turnip","Mercury Hourglass","The Courier","Empty Cage","Eternal Feather","Mummified Hand","Smiling Mask","Peace Pipe","Inserter","Meat on the Bone","Ice Cream","ClockworkSouvenir","Dream Catcher"],"acts_visited":["Exordium","TheCity","TheBeyond"],"potions_floor_usage":[6,13,16,33,37,41,45],"damage_taken":[{"damage":1,"enemies":"Cultist","floor":1,"turns":4},{"damage":10,"enemies":"Jaw Worm","floor":4,"turns":3},{"damage":0,"enemies":"Small Slimes","floor":5,"turns":3},{"damage":20,"enemies":"Gremlin Nob","floor":6,"turns":4},{"damage":9,"enemies":"Looter","floor":7,"turns":3},{"damage":8,"enemies":"Gremlin Gang","floor":11,"turns":3},{"damage":0,"enemies":"Exordium Thugs","floor":13,"turns":3},{"damage":0,"enemies":"Blue Slaver","floor":14,"turns":2},{"damage":6,"enemies":"Hexaghost","floor":16,"turns":11},{"damage":0,"enemies":"Chosen","floor":18,"turns":4},{"damage":21,"enemies":"Book of Stabbing","floor":24,"turns":5},{"damage":2,"enemies":"Spheric Guardian","floor":27,"turns":4},{"damage":18,"enemies":"Slavers","floor":30,"turns":5},{"damage":1,"enemies":"Cultist and Chosen","floor":31,"turns":5},{"damage":28,"enemies":"Automaton","floor":33,"turns":9},{"damage":6,"enemies":"Orb Walker","floor":35,"turns":3},{"damage":13,"enemies":"3 Darklings","floor":36,"turns":4},{"damage":19,"enemies":"Writhing Mass","floor":37,"turns":8},{"damage":2,"enemies":"4 Shapes","floor":38,"turns":5},{"damage":12,"enemies":"Maw","floor":41,"turns":8},{"damage":50,"enemies":"Giant Head","floor":45,"turns":9},{"damage":0,"enemies":"Transient","floor":47,"turns":5},{"damage":13,"enemies":"Jaw Worm Horde","floor":48,"turns":3},{"damage":80,"enemies":"Time Eater","floor":50,"turns":5}],"seed_played":"-6227093477429721380","potions_obtained":[{"floor":1,"key":"Strength Potion"},{"floor":11,"key":"Swift Potion"},{"floor":13,"key":"EssenceOfSteel"},{"floor":27,"key":"Dexterity Potion"},{"floor":30,"key":"ColorlessPotion"},{"floor":33,"key":"Energy Potion"},{"floor":37,"key":"EssenceOfSteel"}],"is_trial":false,"path_per_floor":["M","$","$","M","M","E","M","R","T","R","M","?","M","M","R","B",null,"M","?","T","$","?","R","E","$","T","M","R","T","E","M","R","B",null,"M","M","M","M","T","R","M","R","T","$","E","$","M","M","R","B"],"character_chosen":"DEFECT","items_purchased":["Cold Snap","Gash","Coolheaded","Defragment","Heatsinks","Turbo","ClockworkSouvenir","Compile Driver"],"campfire_rested":1,"item_purchase_floors":[2,3,21,25,25,44,44,46],"current_hp_per_floor":[45,45,45,35,35,15,6,6,6,27,19,19,19,19,19,13,57,57,57,57,57,57,57,36,36,36,34,46,46,28,27,39,11,56,50,37,25,30,30,45,52,67,67,67,36,36,43,49,64,0,0],"gold":156,"neow_bonus":"ONE_RARE_RELIC","is_daily":false,"chose_seed":false,"campfire_upgraded":5,"win_rate":0.0,"timestamp":1612257927,"path_taken":["M","?","$","M","M","E","M","R","T","R","M","?","M","M","R","BOSS","M","?","?","$","?","R","E","$","T","M","R","?","E","M","R","BOSS","M","M","M","?","?","R","M","R","T","?","E","$","M","M","R","BOSS"],"items_purchased_type":["Card","Card","Card","Card","Card","Card","Relic","Card"],"build_version":"2020-12-22","purchased_purges":3,"victory":false,"max_hp_per_floor":[71,71,71,71,71,71,71,71,71,71,71,71,71,71,71,71,71,71,71,71,71,71,71,71,71,71,71,71,71,71,71,71,71,71,71,71,71,71,71,71,71,71,71,71,71,71,71,71,71,71,71],"card_choices":[{"not_picked":["Storm","Leap"],"picked":"Streamline","floor":1},{"not_picked":["Blizzard","Loop"],"picked":"Cold Snap","floor":4},{"not_picked":["Lockon","Steam Power","Blizzard"],"picked":"SKIP","floor":5},{"not_picked":["Lockon","Steam Power"],"picked":"Blizzard","floor":5},{"not_picked":["Hologram","Redo"],"picked":"Sweeping Beam","floor":6},{"not_picked":["White Noise","Hologram"],"picked":"BootSequence","floor":7},{"not_picked":["Compile Driver","Sweeping Beam"],"picked":"Conserve Battery","floor":11},{"not_picked":["Doom and Gloom","Cold Snap","Leap"],"picked":"SKIP","floor":13},{"not_picked":["Cold Snap","Stack"],"picked":"Genetic Algorithm","floor":14},{"not_picked":["Creative AI","Rainbow"],"picked":"Electrodynamics","floor":16},{"not_picked":["Ball Lightning","Sweeping Beam"],"picked":"Chill+1","floor":18},{"not_picked":["Go for the Eyes","Thunder Strike"],"picked":"Recycle+1","floor":24},{"not_picked":["Leap","Sweeping Beam+1"],"picked":"Defragment","floor":27},{"not_picked":["Gash","Auto Shields","Stack"],"picked":"SKIP","floor":30},{"not_picked":["Redo+1","Stack"],"picked":"Loop","floor":31},{"not_picked":["Reboot","Buffer"],"picked":"Core Surge","floor":33},{"not_picked":["Coolheaded","Undo"],"picked":"Double Energy+1","floor":35},{"not_picked":["Conserve Battery","Streamline+1"],"picked":"Self Repair","floor":36},{"not_picked":["Cold Snap","Conserve Battery","Darkness"],"picked":"SKIP","floor":37},{"not_picked":["Melter","BootSequence"],"picked":"Compile Driver+1","floor":38},{"not_picked":["Loop","Rebound"],"picked":"Turbo","floor":41},{"not_picked":["Beam Cell","FTL","Fusion"],"picked":"SKIP","floor":45},{"not_picked":["Stack","Streamline"],"picked":"Reboot","floor":47},{"not_picked":["Beam Cell","Genetic Algorithm","Blizzard"],"picked":"SKIP","floor":48}],"player_experience":926296,"relics_obtained":[{"floor":6,"key":"Mercury Hourglass"},{"floor":9,"key":"The Courier"},{"floor":24,"key":"Eternal Feather"},{"floor":26,"key":"Mummified Hand"},{"floor":29,"key":"Smiling Mask"},{"floor":30,"key":"Peace Pipe"},{"floor":39,"key":"Meat on the Bone"},{"floor":43,"key":"Ice Cream"},{"floor":45,"key":"Dream Catcher"}],"event_choices":[{"cards_removed":["Strike_B"],"damage_healed":0,"gold_gain":0,"player_choice":"Card Removal","damage_taken":0,"max_hp_gain":0,"max_hp_loss":0,"event_name":"The Cleric","floor":12,"gold_loss":75},{"damage_healed":0,"gold_gain":0,"player_choice":"Ignored","damage_taken":0,"max_hp_gain":0,"max_hp_loss":0,"event_name":"Ghosts","floor":19,"gold_loss":0},{"damage_healed":0,"gold_gain":0,"cards_transformed":["Defend_B","Defend_B"],"player_choice":"Became Test Subject","damage_taken":0,"max_hp_gain":0,"max_hp_loss":0,"event_name":"Drug Dealer","floor":22,"gold_loss":0,"cards_obtained":["Static Discharge","Loop"]}],"is_beta":false,"boss_relics":[{"not_picked":["Busted Crown","SacredBark"],"picked":"Empty Cage"},{"not_picked":["Black Star","Runic Pyramid"],"picked":"Inserter"}],"items_purged_floors":[21,44,46],"is_endless":false,"potions_floor_spawned":[1,11,13,27,30,33,35,37],"killed_by":"Time Eater","ascension_level":15}}