{"host":"xr8r2flpb2i2fv48","time":1612290811,"event":{"mods":["2.2 Compatiblity","Act Like it!","Arknights","BaseMod","Better Note","Better Third Choice","Downfall","Gensokyo","Hallownest","Hermit","Lobotomy","LobotomyExtend","Marisa????????","Minty Spire (QoL Compilation)","Reimu??????","Replay The Spire","StSLib","The Bug Knight","The Cursed","The Gatherer","The Marked","The Runesmith","The Spell Scribe","TheSwordswoman","TheVacant","egg"],"gold_per_floor":[118,134,134,147,163,163,196,208,244,291,303,343,8,41,41,41,41],"floor_reached":16,"language":"ENG","playtime":22057,"items_purged":["HollowMod:NailStrikeStart"],"score":153,"play_id":"93c44dcb-33ff-49ed-b4f6-5c8c5cb91b41","local_time":"20210202193331","is_ascension_mode":false,"campfire_choices":[{"data":"HollowMod:SharpenedNail","floor":6,"key":"SMITH"},{"data":"HollowMod:FocusHealStart","floor":8,"key":"SMITH"},{"data":"HollowMod:NailStrikeStart","floor":15,"key":"PURGE"}],"circlet_count":0,"master_deck":["HollowMod:NailStrikeStart","HollowMod:NailStrikeStart","HollowMod:QuickDashStart","HollowMod:QuickDashStart","HollowMod:QuickDashStart","HollowMod:QuickDashStart","HollowMod:FocusHealStart+1","HollowMod:PogoStrike","Flash of Steel","HollowMod:SharpenedNail+1","HollowMod:SoulShaman","HollowMod:Grubsong","HollowMod:SoulMaster","Mayhem","HollowMod:ZotesMagnificence+1","HollowMod:DashSlash"],"relics":["HollowMod:VesselMask","LetterFromLob","MawBank","PreservedInsect","Blue Doll","Hallownest:DreamNailRelic","PureWhite:ReiMu","The Courier"],"acts_visited":["Hallownest:Greenpath"],"potions_floor_usage":[7,10,16],"damage_taken":[{"damage":1,"enemies":"Hallownest:2_MossCreeps","floor":1,"turns":3},{"damage":1,"enemies":"Hallownest:2_Tiktiks_and_1_Crawlid","floor":2,"turns":4},{"damage":0,"enemies":"Hallownest:monsterHuskGuard","floor":4,"turns":3},{"damage":1,"enemies":"Hallownest:2_Tiktiks_1_Baldur_1_Crawlid","floor":5,"turns":4},{"damage":29,"enemies":"Hallownest:eliteMossKnight","floor":7,"turns":7},{"damage":3,"enemies":"Hallownest:eliteVengeflyKing","floor":10,"turns":4},{"damage":0,"enemies":"Hallownest:eliteMossKnight","floor":12,"turns":12},{"damage":7,"enemies":"Hallownest:eliteVengeflyKing","floor":14,"turns":4},{"damage":73,"enemies":"Hallownest:BossBrokenVessel","floor":16,"turns":13}],"seed_played":"-5073841866970246414","potions_obtained":[{"floor":4,"key":"Strength Potion"},{"floor":5,"key":"SneckoOil"},{"floor":14,"key":"sneckomod:MuddlingPotion"}],"is_trial":false,"path_per_floor":["M","M","?","M","M","R","E","R","T","E","?","E","$","E","R","B"],"character_chosen":"THE_BUGKNIGHT","items_purchased":["Mayhem","HollowMod:ZotesMagnificence+1"],"campfire_rested":0,"item_purchase_floors":[13,13],"current_hp_per_floor":[74,73,73,75,75,75,52,52,52,59,59,71,71,64,64,3,3],"gold":41,"neow_bonus":"RANDOM_COLORLESS","is_daily":false,"chose_seed":false,"campfire_upgraded":2,"win_rate":0.0,"timestamp":1612290811,"path_taken":["M","M","?","M","M","R","E","R","T","E","?","E","$","E","R","BOSS"],"items_purchased_type":["Card","Card"],"build_version":"2020-12-22","purchased_purges":1,"victory":false,"max_hp_per_floor":[75,75,75,75,75,75,75,75,75,75,75,75,75,75,75,75,75],"card_choices":[{"not_picked":["ReplayTheSpireMod:Private Reserves","Jack Of All Trades"],"picked":"Flash of Steel","floor":0},{"not_picked":["HollowMod:LifebloodCocoon","HollowMod:CrystalDash"],"picked":"HollowMod:SharpenedNail","floor":1},{"not_picked":["HollowMod:SiblingsSouls","HollowMod:WraithStrike","HollowMod:InfectedAttack"],"picked":"SKIP","floor":2},{"not_picked":["HollowMod:CoiledNail","HollowMod:DungDefenderAura"],"picked":"HollowMod:SoulShaman","floor":4},{"not_picked":["HollowMod:CloakDash","HollowMod:SoulStrike"],"picked":"HollowMod:Grubsong","floor":5},{"not_picked":["HollowMod:MidwifesHunger","HollowMod:DescendingDark","HollowMod:ShapeofUnn"],"picked":"SKIP","floor":7},{"not_picked":["HollowMod:CycloneSlash","HollowMod:HowlingWraiths","HollowMod:BaldurShell"],"picked":"SKIP","floor":10},{"not_picked":["HollowMod:WraithStrike","HollowMod:Grubsong"],"picked":"HollowMod:SoulMaster","floor":12},{"not_picked":["HollowMod:SiblingsShadow","HollowMod:MonomonsArchive"],"picked":"HollowMod:DashSlash","floor":14}],"player_experience":1810523,"relics_obtained":[{"floor":1,"key":"LetterFromLob"},{"floor":7,"key":"MawBank"},{"floor":9,"key":"PreservedInsect"},{"floor":10,"key":"Blue Doll"},{"floor":12,"key":"PureWhite:ReiMu"},{"floor":14,"key":"The Courier"}],"event_choices":[],"is_beta":false,"boss_relics":[],"items_purged_floors":[13],"is_endless":false,"potions_floor_spawned":[4,5,14],"killed_by":"Hallownest:BossBrokenVessel","ascension_level":0}}