{"host":"1a8vswsp13vmqqwt","time":1612285521,"event":{"mods":["AchievementEnabler","BaseMod","Minty Spire (QoL Compilation)","StSLib"],"gold_per_floor":[109,125,125,125,76,116,116,159,159,177,202,221,242,242,242,371,371,394,414,120,136,136,136,172,87,114,192,192,212,66,84,84,84,84],"floor_reached":33,"language":"ENG","playtime":723,"items_purged":[],"score":380,"play_id":"610f6c6b-db1f-404a-b782-37206e81f761","local_time":"20210202200521","is_ascension_mode":true,"campfire_choices":[{"data":"Sword Boomerang","floor":7.0,"key":"SMITH"},{"data":"Spot Weakness","floor":15.0,"key":"SMITH"},{"floor":23.0,"key":"REST"},{"floor":32,"key":"REST"}],"circlet_count":0,"master_deck":["Strike_R","Strike_R","Strike_R","Defend_R","Defend_R","Defend_R","Bash","Spot Weakness+1","Thunderclap","Pommel Strike","Sword Boomerang+1","Whirlwind","Spot Weakness+1","Cleave","Clothesline","Parasite","Barricade","Intimidate+1","Warcry+1","Corruption+1","True Grit","Twin Strike","Heavy Blade","Armaments","Disarm+1"],"relics":["Burning Blood","NeowsBlessing","Golden Idol","StrikeDummy","Centennial Puzzle","Shuriken","Astrolabe","Bottled Lightning","Paper Frog","Self Forming Clay","Akabeko","Toxic Egg 2","MealTicket"],"acts_visited":["Exordium","TheCity"],"potions_floor_usage":[28],"damage_taken":[{"damage":0.0,"enemies":"Jaw Worm","floor":1.0,"turns":1.0},{"damage":0.0,"enemies":"Small Slimes","floor":2.0,"turns":2.0},{"damage":0.0,"enemies":"Lagavulin","floor":6.0,"turns":1.0},{"damage":20.0,"enemies":"3 Sentries","floor":8.0,"turns":5.0},{"damage":0.0,"enemies":"2 Louse","floor":10.0,"turns":1.0},{"damage":7.0,"enemies":"Large Slime","floor":11.0,"turns":4.0},{"damage":14.0,"enemies":"Exordium Wildlife","floor":12.0,"turns":3.0},{"damage":13.0,"enemies":"Blue Slaver","floor":13.0,"turns":2.0},{"damage":58.0,"enemies":"The Guardian","floor":16.0,"turns":10.0},{"damage":11.0,"enemies":"3 Byrds","floor":18.0,"turns":4.0},{"damage":29.0,"enemies":"2 Thieves","floor":19.0,"turns":3.0},{"damage":31.0,"enemies":"Shelled Parasite and Fungi","floor":21.0,"turns":6.0},{"damage":0.0,"enemies":"Snake Plant","floor":22.0,"turns":2.0},{"damage":27.0,"enemies":"Slavers","floor":24.0,"turns":2.0},{"damage":0,"enemies":"Colosseum Slavers","floor":28,"turns":1},{"damage":12,"enemies":"Centurion and Healer","floor":29,"turns":5},{"damage":8,"enemies":"Cultist and Chosen","floor":31,"turns":4},{"damage":28,"enemies":"Collector","floor":33,"turns":5}],"seed_played":"-1009245506111357364","potions_obtained":[{"floor":2.0,"key":"SmokeBomb"},{"floor":6.0,"key":"GamblersBrew"},{"floor":10.0,"key":"Dexterity Potion"},{"floor":13.0,"key":"Weak Potion"},{"floor":21.0,"key":"BlessingOfTheForge"},{"floor":24.0,"key":"SteroidPotion"}],"is_trial":false,"path_per_floor":["M","M","?","?","$","E","R","E","T","M","M","M","M","?","R","B",null,"M","M","$","M","M","R","E","?","T","T","?","M","$","M","R","B"],"character_chosen":"IRONCLAD","items_purchased":["Pommel Strike","Bottled Lightning","Twin Strike","MealTicket"],"campfire_rested":2,"item_purchase_floors":[5,20,20,30],"current_hp_per_floor":[80,80,60,60,60,66,66,52,52,58,57,49,42,62,62,10,63,58,35,35,10,16,40,19,19,19,19,25,19,19,17,41,13,13],"gold":84,"neow_bonus":"THREE_ENEMY_KILL","is_daily":false,"chose_seed":false,"campfire_upgraded":2,"win_rate":0.0,"timestamp":1612285521,"path_taken":["M","M","?","?","$","E","R","E","T","M","M","M","M","?","R","BOSS","M","M","$","M","M","R","E","?","T","?","?","M","?","M","R","BOSS"],"items_purchased_type":["Card","Relic","Card","Relic"],"build_version":"2020-12-22","purchased_purges":0,"victory":false,"max_hp_per_floor":[80,80,80,80,80,80,80,80,80,80,80,80,80,80,80,80,80,80,80,80,80,80,80,80,80,80,80,80,80,80,80,80,80,80],"card_choices":[{"not_picked":["Flex","Heavy Blade"],"picked":"Spot Weakness","floor":1.0},{"not_picked":["Sentinel","Wild Strike"],"picked":"Thunderclap","floor":2.0},{"not_picked":["Wild Strike","Headbutt"],"picked":"Sword Boomerang","floor":6.0},{"not_picked":["Blood for Blood","Dual Wield"],"picked":"Whirlwind","floor":8.0},{"not_picked":["Carnage","Pummel"],"picked":"Spot Weakness","floor":10.0},{"not_picked":["Perfected Strike","Brutality"],"picked":"Cleave","floor":11.0},{"not_picked":["Searing Blow","Body Slam","Flex"],"picked":"SKIP","floor":12.0},{"not_picked":["True Grit","Searing Blow"],"picked":"Clothesline","floor":13.0},{"not_picked":["Corruption","Impervious"],"picked":"Barricade","floor":16.0},{"not_picked":["Clash","Rupture","Perfected Strike+1"],"picked":"SKIP","floor":18.0},{"not_picked":["Wild Strike+1","Flex+1"],"picked":"True Grit","floor":19.0},{"not_picked":["Pommel Strike","Fire Breathing"],"picked":"Heavy Blade","floor":21.0},{"not_picked":["Pummel","True Grit"],"picked":"Armaments","floor":24.0},{"not_picked":["Sentinel+1","Double Tap+1"],"picked":"Disarm+1","floor":29},{"not_picked":["Thunderclap+1","Whirlwind","Anger"],"picked":"SKIP","floor":31}],"player_experience":196822,"relics_obtained":[{"floor":6.0,"key":"StrikeDummy"},{"floor":8.0,"key":"Centennial Puzzle"},{"floor":9.0,"key":"Shuriken"},{"floor":24.0,"key":"Paper Frog"},{"floor":26.0,"key":"Akabeko"},{"floor":27.0,"key":"Toxic Egg 2"}],"event_choices":[{"damage_healed":0.0,"max_hp_gain":0.0,"max_hp_loss":0.0,"gold_gain":0.0,"event_name":"Golden Idol","player_choice":"Take Damage","floor":3.0,"gold_loss":0.0,"damage_taken":20.0,"relics_obtained":["Golden Idol"]},{"damage_healed":0.0,"max_hp_gain":0.0,"max_hp_loss":0.0,"gold_gain":0.0,"event_name":"Living Wall","player_choice":"Grow","floor":4.0,"gold_loss":0.0,"damage_taken":0.0,"cards_upgraded":["Spot Weakness"]},{"damage_healed":20.0,"max_hp_gain":0.0,"max_hp_loss":0.0,"gold_gain":0.0,"event_name":"Mushrooms","player_choice":"Healed and dodged fight","floor":14.0,"gold_loss":0.0,"damage_taken":0.0,"cards_obtained":["Parasite"]},{"damage_healed":0.0,"max_hp_gain":0.0,"max_hp_loss":0.0,"gold_gain":0.0,"event_name":"Addict","player_choice":"Obtained Relic","floor":25.0,"gold_loss":85.0,"damage_taken":0.0,"relics_obtained":["Self Forming Clay"]},{"damage_healed":0,"gold_gain":0,"player_choice":"Fight","damage_taken":0,"max_hp_gain":0,"max_hp_loss":0,"event_name":"Colosseum","floor":28,"gold_loss":0},{"damage_healed":0,"gold_gain":0,"player_choice":"Fled From Nobs","damage_taken":0,"max_hp_gain":0,"max_hp_loss":0,"event_name":"Colosseum","floor":28,"gold_loss":0}],"is_beta":false,"boss_relics":[{"not_picked":["Sozu","Snecko Eye"],"picked":"Astrolabe"}],"items_purged_floors":[],"is_endless":false,"potions_floor_spawned":[2,6,10,13,21,22,24],"killed_by":"Collector","ascension_level":5}}