{"host":"y89x8uui45kcjy42","time":1612241246,"event":{"mods":["2.2 Compatiblity","BaseMod","CapriCore","Colored Map","Colored Powertips","Custom Start","Friendly Minions","Keyboard Shortcuts","Minty Spire (QoL Compilation)","Relic Stats","Slay the Relics Exporter","StSLib","SuperFastMode","Uncapped"],"gold_per_floor":[109,123,123,123,48,48,48,59,133,160,160,190,221,250,250,327,327,346,75,75,75,75,75,107,140,140,140,168,199,74,106,106,106,106],"floor_reached":33,"language":"KOR","playtime":882,"items_purged":["Defend_G","Strike_G","Defend_G+1"],"score":736,"play_id":"4c35b3b0-d192-4b08-8ed6-afd3fc149126","local_time":"20210202134726","is_ascension_mode":true,"campfire_choices":[{"data":"Noxious Fumes","floor":6,"key":"SMITH"},{"data":"Reflex","floor":7,"key":"SMITH"},{"data":"Envenom","floor":11,"key":"SMITH"},{"data":"Crippling Poison","floor":15,"key":"SMITH"},{"data":"Envenom","floor":23,"key":"SMITH"},{"data":"PiercingWail","floor":27,"key":"SMITH"},{"data":"Bouncing Flask","floor":32,"key":"SMITH"}],"circlet_count":0,"master_deck":["AscendersBane","Strike_G+1","Strike_G+1","Strike_G+1","Defend_G+1","Defend_G+1","Defend_G+1","Survivor+1","Neutralize+1","Noxious Fumes+1","Reflex+1","Envenom+1","Crippling Poison+1","Envenom+1","PiercingWail+1","Catalyst","Bouncing Flask+1"],"relics":["Ring of the Snake","StrikeDummy","Snake Skull","The Specimen","Pocketwatch","Akabeko","Nunchaku","HoveringKite","Anchor","Necronomicon","War Paint","Red Mask","Ancient Tea Set","Tingsha","Vajra","Oddly Smooth Stone","WingedGreaves","Shuriken"],"acts_visited":["Exordium","TheCity"],"potions_floor_usage":[10,18],"damage_taken":[{"damage":14,"enemies":"Jaw Worm","floor":1,"turns":4},{"damage":4,"enemies":"Small Slimes","floor":2,"turns":4},{"damage":0,"enemies":"2 Louse","floor":8,"turns":3},{"damage":17,"enemies":"3 Sentries","floor":10,"turns":6},{"damage":4,"enemies":"Lagavulin","floor":12,"turns":6},{"damage":6,"enemies":"Gremlin Nob","floor":13,"turns":3},{"damage":26,"enemies":"3 Sentries","floor":14,"turns":5},{"damage":35,"enemies":"The Guardian","floor":16,"turns":8},{"damage":8,"enemies":"Shell Parasite","floor":18,"turns":6},{"damage":19,"enemies":"Masked Bandits","floor":24,"turns":4},{"damage":18,"enemies":"Slavers","floor":25,"turns":4},{"damage":10,"enemies":"Book of Stabbing","floor":28,"turns":5},{"damage":27,"enemies":"Slavers","floor":29,"turns":4},{"damage":0,"enemies":"Book of Stabbing","floor":31,"turns":4},{"damage":37,"enemies":"Collector","floor":33,"turns":3}],"seed_played":"7504724079773859735","potions_obtained":[{"floor":1,"key":"BlessingOfTheForge"},{"floor":14,"key":"Fire Potion"},{"floor":16,"key":"LiquidMemories"},{"floor":25,"key":"Poison Potion"},{"floor":28,"key":"Ancient Potion"}],"is_trial":false,"path_per_floor":["M","M","?","?","$","R","R","M","T","E","R","E","E","E","R","B",null,"M","$","?","?","T","R","?","E","T","R","E","E","$","E","R","B"],"character_chosen":"THE_SILENT","items_purchased":["Anchor"],"campfire_rested":0,"item_purchase_floors":[19],"current_hp_per_floor":[51,47,25,18,18,18,18,18,18,67,67,63,57,31,31,64,70,62,62,62,41,41,41,22,72,72,72,62,35,35,35,35,0,0],"gold":106,"neow_bonus":"TEN_PERCENT_HP_BONUS","is_daily":false,"chose_seed":false,"campfire_upgraded":7,"win_rate":0.0,"timestamp":1612241246,"path_taken":["M","M","?","?","?","R","R","M","T","E","R","E","E","E","R","BOSS","M","$","M","?","?","?","R","?","E","T","R","E","E","?","E","R","BOSS"],"items_purchased_type":["Relic"],"build_version":"2020-12-22","purchased_purges":3,"victory":false,"max_hp_per_floor":[72,72,72,72,72,72,72,72,72,72,72,72,72,72,72,72,72,72,72,72,72,72,72,72,72,72,72,72,72,72,72,72,72,72],"relic_stats":{"Nunchaku":[4],"counters":[15,69],"Shuriken":[0],"HoveringKite":[8],"Tingsha":[6],"Snake Skull":[148],"Necronomicon":[0],"War Paint":["Survivor"],"obtain_stats":[{"The Specimen":10,"HoveringKite":17,"Vajra":28,"Oddly Smooth Stone":29,"Tingsha":26,"Snake Skull":10,"Omamori":21,"War Paint":22,"Ancient Tea Set":25,"Akabeko":13,"Nunchaku":14,"Anchor":19,"Shuriken":31,"WingedGreaves":6,"Necronomicon":21,"Red Mask":24,"StrikeDummy":0,"Ring of the Snake":0,"Pocketwatch":12},{"The Specimen":4,"HoveringKite":8,"Vajra":12,"Oddly Smooth Stone":13,"Tingsha":11,"Snake Skull":4,"Omamori":9,"War Paint":9,"Ancient Tea Set":11,"Akabeko":6,"Nunchaku":7,"Anchor":9,"Shuriken":14,"WingedGreaves":2,"Necronomicon":9,"Red Mask":10,"StrikeDummy":0,"Ring of the Snake":0,"Pocketwatch":5},{"The Specimen":17,"HoveringKite":39,"Vajra":58,"Oddly Smooth Stone":62,"Tingsha":53,"Snake Skull":13,"Omamori":45,"War Paint":45,"Ancient Tea Set":53,"Akabeko":26,"Nunchaku":31,"Anchor":45,"Shuriken":66,"WingedGreaves":8,"Necronomicon":45,"Red Mask":49,"StrikeDummy":0,"Ring of the Snake":0,"Pocketwatch":23}],"Ring of the Snake":[30],"Pocketwatch":[60]},"card_choices":[{"not_picked":["Flechettes","Flying Knee"],"picked":"Noxious Fumes","floor":1},{"not_picked":["Skewer","Deadly Poison"],"picked":"Reflex","floor":2},{"not_picked":["Bane","Acrobatics"],"picked":"Envenom","floor":8},{"not_picked":["Sucker Punch","Masterful Stab","Reflex"],"picked":"SKIP","floor":10},{"not_picked":["Dodge and Roll","Flying Knee","Burst"],"picked":"SKIP","floor":12},{"not_picked":["Sucker Punch","Leg Sweep"],"picked":"Crippling Poison","floor":13},{"not_picked":["Grand Finale","Masterful Stab","Wraith Form v2"],"picked":"SKIP","floor":14},{"not_picked":["Unload","A Thousand Cuts"],"picked":"Envenom","floor":16},{"not_picked":["Underhanded Strike","Blur","Flechettes"],"picked":"SKIP","floor":18},{"not_picked":["Dash","Underhanded Strike"],"picked":"PiercingWail","floor":24},{"not_picked":["Flying Knee+1","Setup","Deflect+1"],"picked":"SKIP","floor":25},{"not_picked":["Crippling Poison","Dagger Throw+1"],"picked":"Catalyst","floor":28},{"not_picked":["Grand Finale","Heel Hook","Unload"],"picked":"SKIP","floor":29},{"not_picked":["Reflex","Quick Slash"],"picked":"Bouncing Flask","floor":31}],"player_experience":677575,"relics_obtained":[{"floor":10,"key":"The Specimen"},{"floor":12,"key":"Pocketwatch"},{"floor":13,"key":"Akabeko"},{"floor":14,"key":"Nunchaku"},{"floor":22,"key":"War Paint"},{"floor":24,"key":"Red Mask"},{"floor":25,"key":"Ancient Tea Set"},{"floor":26,"key":"Tingsha"},{"floor":28,"key":"Vajra"},{"floor":29,"key":"Oddly Smooth Stone"},{"floor":31,"key":"Shuriken"}],"event_choices":[{"damage_healed":0,"gold_gain":0,"player_choice":"Entered Light","damage_taken":22,"max_hp_gain":0,"max_hp_loss":0,"event_name":"Shining Light","floor":3,"gold_loss":0,"cards_upgraded":["Neutralize","Defend_G"]},{"cards_removed":["Strike_G"],"damage_healed":0,"gold_gain":0,"player_choice":"Card Removal","damage_taken":7,"max_hp_gain":0,"max_hp_loss":0,"event_name":"Golden Wing","floor":4,"gold_loss":0},{"damage_healed":0,"gold_gain":0,"player_choice":"Simplicity","damage_taken":0,"max_hp_gain":0,"max_hp_loss":0,"event_name":"Back to Basics","floor":20,"gold_loss":0,"cards_upgraded":["Strike_G","Strike_G","Strike_G","Defend_G","Defend_G","Defend_G"]},{"damage_healed":0,"gold_gain":0,"player_choice":"Obtained Book","damage_taken":21,"max_hp_gain":0,"max_hp_loss":0,"event_name":"Cursed Tome","floor":21,"gold_loss":0},{"damage_healed":0,"gold_gain":0,"player_choice":"Fought Bandits","damage_taken":0,"max_hp_gain":0,"max_hp_loss":0,"event_name":"Masked Bandits","floor":24,"gold_loss":0}],"is_beta":false,"boss_relics":[{"not_picked":["Coffee Dripper","Busted Crown"],"picked":"HoveringKite"}],"items_purged_floors":[5,19,30],"is_endless":false,"potions_floor_spawned":[1,14,16,25,28],"killed_by":"Collector","ascension_level":20}}