{"host":"3m32mriab3qyn2w0","time":1612225702,"event":{"mods":["AchievementEnabler","Aspiration","BaseMod","Beaked The Cultist","Better Altar","Better Match","Better Note","Better Sensory Stone","Better Skull","Better Third Choice","Better Vampires","Clawfect","Colored Map","Colored Powertips","Colorless Booster Pack","Conjunction","Conspire","Defuse TimeMaze Blight","Displayed Cursed Tome","Downfall","Emptier Cage","Energized Spire","Exacting","Friendly Minions","Glutton Mod","Halation","Hubris","Hyrulean Relics","Infinite Spire","Marisa????????","Mimic Mod","Minty Spire (QoL Compilation)","Mirrors Mod","Permanent Neow","Quarter Circle Forward PUNCH!","Relic Sorter","Replay The Spire","Shop Mod","Spicy Shops","Spikes Relics","StSLib","SuperFastMode","The Blue Laboratory","The Bug Knight","The Cursed","The Jungle","Uncapped","Wandering Minibosses"],"gold_per_floor":[115,40,56,56,75,75,91,116,116,116,191,209,209,264,264,264,264,264],"floor_reached":16,"language":"ENG","playtime":877,"items_purged":[],"score":110,"play_id":"c729a77e-5b50-4dd2-91c7-7b0c3f6ccd80","local_time":"20210202002822","daily_mods":["Heirloom","Time Dilation","Flight"],"is_ascension_mode":false,"campfire_choices":[{"data":"bronze:Goto","floor":6,"key":"SMITH"},{"data":"bronze:Flail","floor":10,"key":"SMITH"},{"data":"bronze:Iterate","floor":13,"key":"SMITH"},{"floor":15,"key":"REST"}],"circlet_count":0,"master_deck":["bronze:Strike","bronze:Strike","bronze:Strike","bronze:Defend","bronze:Defend","bronze:Defend","bronze:Defend","bronze:Replicate","bronze:Goto+1","bronze:DelayedGuard","bronze:Philosophize+1","bronze:AlphaBuild","bronze:Iterate+1","bronze:Flail+1","bronze:FindAndReplace","bronze:BitShift","bronze:ItsAFeature"],"relics":["bronze:BronzeCore","qcfpunch:Unceasing_Flame","zeldaRelics:CourageTriforce"],"acts_visited":["Exordium"],"potions_floor_usage":[14,14],"damage_taken":[{"damage":12,"enemies":"FloatingMirror","floor":1,"turns":4},{"damage":0,"enemies":"Cultist","floor":3,"turns":4},{"damage":6,"enemies":"Jaw Worm","floor":5,"turns":2},{"damage":7,"enemies":"Gremlin Gang","floor":7,"turns":4},{"damage":25,"enemies":"Lagavulin","floor":8,"turns":4},{"damage":2,"enemies":"3 Louse","floor":12,"turns":2},{"damage":9,"enemies":"3 Sentries","floor":14,"turns":5},{"damage":27,"enemies":"The Guardian","floor":16,"turns":4}],"seed_played":"-3927767081188614729","potions_obtained":[{"floor":5,"key":"blueLaboratory:RecallPotion"},{"floor":8,"key":"blueLaboratory:FruitPunch"}],"is_trial":true,"path_per_floor":["M","?","M","?","M","R","M","E","T","R","?","M","R","E","R","B"],"character_chosen":"THE_AUTOMATON","items_purchased":[],"campfire_rested":1,"item_purchase_floors":[],"current_hp_per_floor":[58,58,58,58,52,52,45,20,20,20,13,11,11,4,25,0,0,0],"gold":264,"neow_bonus":"","is_daily":false,"chose_seed":false,"campfire_upgraded":3,"win_rate":0.0,"timestamp":1612225702,"path_taken":["M","?","M","?","M","R","?","E","T","R","?","?","R","E","R","BOSS"],"items_purchased_type":[],"build_version":"2020-12-22","purchased_purges":0,"victory":false,"max_hp_per_floor":[70,70,70,70,70,70,70,70,70,70,70,70,70,72,72,72,72,72],"card_choices":[{"not_picked":["bronze:NullPointer","bronze:Deprecate"],"picked":"bronze:DelayedGuard","floor":1},{"not_picked":["bronze:ChosenStrike+1","bronze:NullPointer+1"],"picked":"bronze:Philosophize+1","floor":2},{"not_picked":["bronze:BuggyMess","bronze:ChildClass"],"picked":"bronze:AlphaBuild","floor":3},{"not_picked":["bronze:OilSpill","bronze:Allocate"],"picked":"bronze:Iterate","floor":5},{"not_picked":["bronze:WildBeam","bronze:OilSpill"],"picked":"bronze:Flail","floor":7},{"not_picked":["bronze:ChosenStrike","bronze:Return"],"picked":"bronze:FindAndReplace","floor":8},{"not_picked":["bronze:NullPointer","bronze:ChosenStrike"],"picked":"bronze:BitShift","floor":12},{"not_picked":["bronze:CutThrough","bronze:Iterate"],"picked":"bronze:ItsAFeature","floor":14}],"player_experience":358591,"relics_obtained":[{"floor":8,"key":"zeldaRelics:CouragePiece"},{"floor":9,"key":"zeldaRelics:CouragePiece"},{"floor":14,"key":"zeldaRelics:CouragePiece"}],"event_choices":[{"damage_healed":0,"gold_gain":0,"player_choice":"2","damage_taken":0,"max_hp_gain":0,"max_hp_loss":0,"event_name":"betterMatch:BetterMatch","floor":2,"gold_loss":0,"cards_obtained":["betterMatch:UncommonCard"]},{"cards_removed":["bronze:Strike"],"damage_healed":0,"gold_gain":0,"player_choice":"Purged","damage_taken":0,"max_hp_gain":0,"max_hp_loss":0,"event_name":"Purifier","floor":4,"gold_loss":0},{"damage_healed":0,"gold_gain":75,"player_choice":"Touch","damage_taken":7,"max_hp_gain":0,"max_hp_loss":0,"event_name":"FaceTrader","floor":11,"gold_loss":0}],"is_beta":false,"boss_relics":[],"items_purged_floors":[],"is_endless":false,"potions_floor_spawned":[5,8],"killed_by":"The Guardian","ascension_level":0}}