{"host":"li7nr9q4d53iu1rb","time":1612301933,"event":{"mods":["AchievementEnabler","BaseMod","Colored Map","Colored Powertips","Downfall","Highlight Path","Minty Spire (QoL Compilation)","Permanent Neow","Quick Restart","Random Character Button","StSLib"],"gold_per_floor":[17,28,48,48,48,48,80,94,94,94,94],"floor_reached":10,"language":"ENG","playtime":383,"items_purged":[],"score":78,"play_id":"069cf8d8-8079-4d81-b66a-28161b08d415","local_time":"20210202173853","is_ascension_mode":true,"campfire_choices":[{"floor":6,"key":"REST"}],"circlet_count":0,"master_deck":["Strike_B","Strike_B","Strike_B","Strike_B","Defend_B","Defend_B","Defend_B","Defend_B","Zap","Dualcast","Chrysalis","Static Discharge","Leap","Conserve Battery","Recycle","Conserve Battery"],"relics":["Cracked Core","Pantograph","Juzu Bracelet","Pen Nib"],"acts_visited":["Exordium"],"potions_floor_usage":[],"damage_taken":[{"damage":14,"enemies":"Jaw Worm","floor":1,"turns":5},{"damage":7,"enemies":"Small Slimes","floor":2,"turns":5},{"damage":0,"enemies":"Cultist","floor":3,"turns":5},{"damage":40,"enemies":"Lagavulin","floor":7,"turns":6},{"damage":6,"enemies":"Blue Slaver","floor":8,"turns":3},{"damage":27,"enemies":"Gremlin Nob","floor":10,"turns":3}],"seed_played":"457968860590542408","potions_obtained":[{"floor":2,"key":"Explosive Potion"},{"floor":8,"key":"Explosive Potion"}],"is_trial":false,"path_per_floor":["M","M","M","?","T","R","E","M","T","E"],"character_chosen":"DEFECT","items_purchased":[],"campfire_rested":1,"item_purchase_floors":[],"current_hp_per_floor":[61,54,54,47,47,69,29,23,23,0,0],"gold":94,"neow_bonus":"RANDOM_COLORLESS_2","is_daily":false,"chose_seed":false,"campfire_upgraded":0,"win_rate":0.0,"timestamp":1612301933,"path_taken":["M","M","M","?","?","R","E","M","T","E"],"items_purchased_type":[],"build_version":"2020-12-22","purchased_purges":0,"victory":false,"max_hp_per_floor":[75,75,75,75,75,75,75,75,75,75,75],"card_choices":[{"not_picked":["Sadistic Nature","Panache"],"picked":"Chrysalis","floor":0},{"not_picked":["Ball Lightning","Sweeping Beam"],"picked":"Static Discharge","floor":1},{"not_picked":["Blizzard","Reprogram"],"picked":"Leap","floor":2},{"not_picked":["Go for the Eyes","Sweeping Beam"],"picked":"Conserve Battery","floor":3},{"not_picked":["Rebound","Compile Driver"],"picked":"Recycle","floor":7},{"not_picked":["Undo","Cold Snap"],"picked":"Conserve Battery","floor":8}],"player_experience":262422,"relics_obtained":[{"floor":7,"key":"Juzu Bracelet"},{"floor":9,"key":"Pen Nib"}],"event_choices":[{"damage_healed":0,"gold_gain":0,"player_choice":"Success","damage_taken":7,"relics_obtained":["Pantograph"],"max_hp_gain":0,"max_hp_loss":0,"event_name":"Scrap Ooze","floor":4,"gold_loss":0}],"is_beta":false,"boss_relics":[],"items_purged_floors":[],"is_endless":false,"potions_floor_spawned":[2,8],"killed_by":"Gremlin Nob","ascension_level":3}}