{"host":"facnppb4175fcpe2","time":1612254480,"event":{"mods":["AchievementEnabler","BaseMod","Colored Map","Colored Powertips","Highlight Path","Minty Spire (QoL Compilation)","Quick Restart","Rare Cards Sparkle","Relic Stats","StSLib","SuperFastMode"],"gold_per_floor":[113,113,113,131,131,158,168,203,203,203,215,215,248,248,248,352,352,368,293,293,310,330,330,358,106,106,134,149,163,163,177,177,177,177],"floor_reached":33,"language":"ZHS","playtime":844,"items_purged":["Strike_B"],"score":305,"play_id":"37687a13-4f09-4ab4-8d2e-0709b3773496","local_time":"20210202162800","is_ascension_mode":false,"campfire_choices":[{"data":"Defragment","floor":10.0,"key":"SMITH"},{"data":"Defend_B","floor":12.0,"key":"SMITH"},{"data":"Ball Lightning","floor":15.0,"key":"SMITH"},{"data":"Creative AI","floor":23.0,"key":"SMITH"},{"data":"Lockon","floor":32.0,"key":"SMITH"}],"circlet_count":0,"master_deck":["Strike_B","Defend_B","Defend_B","Defend_B","Defend_B+1","Zap","Dualcast","Defragment+1","Ball Lightning+1","Creative AI+1","Tempest+1","White Noise+1","Ball Lightning","Lockon+1","Defragment+1"],"relics":["Cracked Core","Gremlin Horn","Eternal Feather","The Courier","Bag of Marbles","Bottled Tornado","MealTicket","Nuclear Battery","Pen Nib","Mercury Hourglass","Tiny Chest","Mummified Hand"],"acts_visited":["Exordium","TheCity"],"potions_floor_usage":[],"damage_taken":[{"damage":1.0,"enemies":"Cultist","floor":1.0,"turns":3.0},{"damage":0.0,"enemies":"Small Slimes","floor":4.0,"turns":2.0},{"damage":16.0,"enemies":"Lagavulin","floor":6.0,"turns":6.0},{"damage":0.0,"enemies":"2 Louse","floor":7.0,"turns":1.0},{"damage":24.0,"enemies":"Gremlin Nob","floor":8.0,"turns":4.0},{"damage":10.0,"enemies":"2 Fungi Beasts","floor":11.0,"turns":3.0},{"damage":13.0,"enemies":"Lagavulin","floor":13.0,"turns":4.0},{"damage":21.0,"enemies":"The Guardian","floor":16.0,"turns":8.0},{"damage":4.0,"enemies":"Shell Parasite","floor":18.0,"turns":4.0},{"damage":0.0,"enemies":"Spheric Guardian","floor":21.0,"turns":2.0},{"damage":17.0,"enemies":"3 Cultists","floor":22.0,"turns":4.0},{"damage":34.0,"enemies":"Book of Stabbing","floor":24.0,"turns":5.0},{"damage":10.0,"enemies":"Gremlin Leader","floor":27.0,"turns":3.0},{"damage":3.0,"enemies":"Snecko","floor":28.0,"turns":3.0},{"damage":16.0,"enemies":"Snake Plant","floor":29.0,"turns":3.0},{"damage":12.0,"enemies":"Shelled Parasite and Fungi","floor":31.0,"turns":3.0},{"damage":30,"enemies":"Automaton","floor":33,"turns":2}],"seed_played":"392316581591854950","potions_obtained":[{"floor":1.0,"key":"EssenceOfDarkness"},{"floor":6.0,"key":"Ancient Potion"},{"floor":8.0,"key":"SmokeBomb"},{"floor":11.0,"key":"SpeedPotion"},{"floor":16.0,"key":"FocusPotion"},{"floor":18.0,"key":"Weak Potion"},{"floor":27.0,"key":"Energy Potion"},{"floor":28.0,"key":"PotionOfCapacity"}],"is_trial":false,"path_per_floor":["M","?","$","M","?","E","M","E","T","R","M","R","E","?","R","B",null,"M","?","?","M","M","R","E","$","T","E","M","M","?","M","R","B"],"character_chosen":"DEFECT","items_purchased":["Mercury Hourglass"],"campfire_rested":0,"item_purchase_floors":[25],"current_hp_per_floor":[81,81,81,81,78,62,62,38,38,44,34,40,27,27,33,12,82,78,78,62,62,45,51,17,32,32,22,19,3,30,18,27,0,0],"gold":177,"neow_bonus":"TEN_PERCENT_HP_BONUS","is_daily":false,"chose_seed":false,"campfire_upgraded":5,"win_rate":0.0,"timestamp":1612254480,"path_taken":["M","?","?","M","?","E","M","E","T","R","M","R","E","?","R","BOSS","M","?","?","M","M","R","E","$","T","E","M","M","?","M","R","BOSS"],"items_purchased_type":["Relic"],"build_version":"2020-12-22","purchased_purges":1,"victory":false,"max_hp_per_floor":[82,82,82,82,82,82,82,82,82,82,82,82,82,82,82,82,82,82,82,82,82,82,82,82,82,82,82,82,82,82,82,82,82,82],"relic_stats":{"Gremlin Horn":[8,8],"counters":[17,60],"Mummified Hand":[16],"Eternal Feather":33,"MealTicket":15,"Tiny Chest":0,"Pen Nib":[1],"obtain_stats":[{"Gremlin Horn":2,"Mummified Hand":27,"Eternal Feather":5,"MealTicket":13,"Tiny Chest":26,"The Courier":6,"Pen Nib":24,"Bag of Marbles":8,"Bottled Tornado":9,"Cracked Core":0,"Nuclear Battery":17,"Mercury Hourglass":25},{"Gremlin Horn":1,"Mummified Hand":13,"Eternal Feather":2,"MealTicket":7,"Tiny Chest":12,"The Courier":3,"Pen Nib":12,"Bag of Marbles":5,"Bottled Tornado":5,"Cracked Core":0,"Nuclear Battery":8,"Mercury Hourglass":12},{"Gremlin Horn":3,"Mummified Hand":49,"Eternal Feather":5,"MealTicket":23,"Tiny Chest":46,"The Courier":11,"Pen Nib":46,"Bag of Marbles":16,"Bottled Tornado":16,"Cracked Core":0,"Nuclear Battery":31,"Mercury Hourglass":46}],"Mercury Hourglass":[51]},"card_choices":[{"not_picked":["Blizzard","Self Repair","Hologram"],"picked":"SKIP","floor":1.0},{"not_picked":["Rip and Tear","FTL"],"picked":"Defragment","floor":4.0},{"not_picked":["Compile Driver","Melter","Auto Shields"],"picked":"SKIP","floor":6.0},{"not_picked":["Go for the Eyes","Stack","Streamline"],"picked":"SKIP","floor":7.0},{"not_picked":["Force Field","Compile Driver","Cold Snap"],"picked":"SKIP","floor":8.0},{"not_picked":["Beam Cell","Genetic Algorithm"],"picked":"Ball Lightning","floor":11.0},{"not_picked":["Melter","Streamline","Leap"],"picked":"SKIP","floor":13.0},{"not_picked":["All For One","Reboot"],"picked":"Creative AI","floor":16.0},{"not_picked":["Conserve Battery+1","Hologram"],"picked":"Tempest+1","floor":18.0},{"not_picked":["Compile Driver","Leap"],"picked":"White Noise+1","floor":21.0},{"not_picked":["Go for the Eyes+1","Self Repair"],"picked":"Ball Lightning","floor":22.0},{"not_picked":["Glacier","Chaos"],"picked":"Lockon","floor":24.0},{"not_picked":["Streamline","BootSequence+1","Steam"],"picked":"SKIP","floor":27.0},{"not_picked":["Fusion","Beam Cell"],"picked":"Defragment+1","floor":28.0},{"not_picked":["Doom and Gloom","Rip and Tear","Force Field"],"picked":"SKIP","floor":29.0},{"not_picked":["Fusion","Beam Cell","Redo"],"picked":"SKIP","floor":31.0}],"player_experience":108304,"relics_obtained":[{"floor":6.0,"key":"The Courier"},{"floor":8.0,"key":"Bag of Marbles"},{"floor":9.0,"key":"Bottled Tornado"},{"floor":13.0,"key":"MealTicket"},{"floor":24.0,"key":"Pen Nib"},{"floor":26.0,"key":"Tiny Chest"},{"floor":27.0,"key":"Mummified Hand"}],"event_choices":[{"damage_healed":0.0,"max_hp_gain":0.0,"max_hp_loss":0.0,"gold_gain":0.0,"event_name":"WeMeetAgain","player_choice":"Gave Potion","floor":2.0,"gold_loss":0.0,"damage_taken":0.0,"relics_obtained":["Gremlin Horn"]},{"damage_healed":0.0,"max_hp_gain":0.0,"max_hp_loss":0.0,"gold_gain":0.0,"event_name":"Scrap Ooze","player_choice":"Success","floor":5.0,"gold_loss":0.0,"damage_taken":3.0,"relics_obtained":["Eternal Feather"]},{"cards_removed":["Strike_B"],"damage_healed":0.0,"max_hp_gain":0.0,"max_hp_loss":0.0,"gold_gain":0.0,"event_name":"Living Wall","player_choice":"Forget","floor":14.0,"gold_loss":0.0,"damage_taken":0.0},{"cards_removed":["Strike_B"],"damage_healed":0.0,"max_hp_gain":0.0,"max_hp_loss":0.0,"gold_gain":0.0,"event_name":"Beggar","player_choice":"Gave Gold","floor":19.0,"gold_loss":75.0,"damage_taken":0.0},{"damage_healed":0.0,"max_hp_gain":0.0,"max_hp_loss":0.0,"gold_gain":0.0,"event_name":"Cursed Tome","player_choice":"Obtained Book","floor":20.0,"gold_loss":0.0,"damage_taken":16.0},{"damage_healed":27.0,"max_hp_gain":0.0,"max_hp_loss":0.0,"gold_gain":0.0,"event_name":"The Library","player_choice":"Heal","floor":30.0,"gold_loss":0.0,"damage_taken":0.0}],"is_beta":false,"boss_relics":[{"not_picked":["Tiny House","Calling Bell"],"picked":"Nuclear Battery"}],"items_purged_floors":[25],"is_endless":false,"potions_floor_spawned":[1,6,8,11,16,18,27,28,31],"killed_by":"Automaton","ascension_level":0}}