{"host":"n7y3mu11vy2qow2a","time":1612265126,"event":{"mods":["BaseMod","Better Third Choice","BetterRewards","Colored Powertips","Downfall","Glutton Mod","Hunter ??","Infinite Spire","Minty Spire (QoL Compilation)","READ ME - Guardian Mod","Relic Stats","Shade Mod","Shop Mod","StSLib","The Animator","The Blackbeard","The Bug Knight","The Cursed","The Druid","The Exalted","The Forsaken","The Hierophant","The Judge","The Necromancer","The Poker Player","The Runesmith","The Servant 0.9.4","TheBandit","Wandering Minibosses"],"gold_per_floor":[99,111,127,127,44,77,102,102,122,136,148,148,48,68,81,177,177,177,192,212,212,362,362,362,362,376,394,407,442,442,442,442],"floor_reached":30,"language":"ENG","playtime":1723,"items_purged":[],"score":254,"play_id":"e07ead87-67c5-4d4b-ab6b-2355bf6e7bb5","local_time":"20210202122526","is_ascension_mode":false,"campfire_choices":[{"floor":1,"key":"RECALL"},{"data":"bronze:ChosenStrike","floor":13,"key":"SMITH"},{"data":"bronze:AlphaBuild","floor":18,"key":"SMITH"},{"data":"bronze:Allocate","floor":23,"key":"SMITH"}],"circlet_count":0,"master_deck":["bronze:Strike","bronze:Strike","bronze:Strike","bronze:Strike","bronze:Defend","bronze:Defend","bronze:Defend","bronze:Defend","bronze:Replicate","bronze:Goto","bronze:FineTuning","bronze:ChosenStrike+1","bronze:Optimize","bronze:DelayedGuard","bronze:Frontload","bronze:WhirlingStrike","bronze:AlphaBuild+1","bronze:Allocate+1","bronze:Iterate+1","bronze:GetLatest+1"],"relics":["bronze:BronzeCore","Regal Pillow","bronze:BottledCode","downfall:HeartBlessingRed","Runic Pyramid","Toxic Egg 2","Bottled Flame"],"acts_visited":["Exordium","TheCity"],"potions_floor_usage":[28,30,30,30],"damage_taken":[{"damage":2,"enemies":"Small Slimes","floor":2,"turns":3},{"damage":0,"enemies":"Cultist","floor":3,"turns":4},{"damage":0,"enemies":"downfall:FleeingMerchant","floor":5,"turns":4},{"damage":34,"enemies":"Gremlin Nob","floor":6,"turns":4},{"damage":1,"enemies":"Jaw Worm","floor":9,"turns":3},{"damage":18,"enemies":"Lots of Slimes","floor":10,"turns":6},{"damage":0,"enemies":"3 Louse","floor":11,"turns":4},{"damage":3,"enemies":"Gremlin Gang","floor":14,"turns":4},{"damage":5,"enemies":"Exordium Thugs","floor":15,"turns":4},{"damage":9,"enemies":"IC_STATUS_ARCHETYPE","floor":16,"turns":7},{"damage":2,"enemies":"3 Byrds","floor":19,"turns":5},{"damage":0,"enemies":"Spheric Guardian","floor":20,"turns":1},{"damage":8,"enemies":"Centurion and Healer","floor":26,"turns":4},{"damage":23,"enemies":"Snake Plant","floor":27,"turns":4},{"damage":18,"enemies":"Shelled Parasite and Fungi","floor":28,"turns":6},{"damage":10,"enemies":"Book of Stabbing","floor":29,"turns":5},{"damage":10,"enemies":"Snecko","floor":30,"turns":3}],"seed_played":"-3939702288832111317","potions_obtained":[{"floor":3,"key":"BlessingOfTheForge"},{"floor":6,"key":"Dexterity Potion"},{"floor":9,"key":"Block Potion"},{"floor":28,"key":"sneckomod:MuddlingPotion"}],"is_trial":false,"path_per_floor":["R","M","M","?","$","E","T","?","M","M","M","?","R","M","M","B",null,"R","M","M","?","?","R","T","AVR","M","M","M","E","M"],"character_chosen":"THE_AUTOMATON","items_purchased":["bronze:Optimize"],"campfire_rested":0,"item_purchase_floors":[5],"current_hp_per_floor":[77,75,75,75,75,41,41,77,76,58,58,58,58,55,50,41,67,67,65,65,65,65,65,65,65,57,34,16,6,0,0,0],"gold":442,"neow_bonus":"TEN_PERCENT_HP_BONUS","is_daily":false,"chose_seed":false,"campfire_upgraded":3,"win_rate":0.0,"timestamp":1612265126,"path_taken":["R","M","M","?","?","E","T","?","M","M","?","?","R","M","M","BOSS","R","M","M","?","?","R","T","AVR","?","M","M","E","M"],"items_purchased_type":["Card"],"build_version":"2020-12-22","purchased_purges":0,"victory":false,"max_hp_per_floor":[77,77,77,77,77,77,77,77,77,77,77,67,67,67,67,67,67,67,67,67,67,67,67,67,67,67,67,67,67,67,67,67],"relic_stats":{"Regal Pillow":0,"counters":[17,71],"obtain_stats":[{"bronze:BottledCode":12,"Regal Pillow":6,"Bottled Flame":29,"bronze:BronzeCore":0,"downfall:HeartBlessingRed":13,"Toxic Egg 2":24,"Ancient Tea Set":7,"Runic Pyramid":17},{"bronze:BottledCode":7,"Regal Pillow":4,"Bottled Flame":16,"bronze:BronzeCore":0,"downfall:HeartBlessingRed":7,"Toxic Egg 2":12,"Ancient Tea Set":4,"Runic Pyramid":10},{"bronze:BottledCode":28,"Regal Pillow":15,"Bottled Flame":68,"bronze:BronzeCore":0,"downfall:HeartBlessingRed":28,"Toxic Egg 2":49,"Ancient Tea Set":15,"Runic Pyramid":43}]},"card_choices":[{"not_picked":["bronze:Branch","bronze:BitShift"],"picked":"bronze:Shell","floor":2},{"not_picked":["bronze:Safeguard","bronze:BugBarrage"],"picked":"bronze:FineTuning","floor":3},{"not_picked":["bronze:Backtrace","bronze:SpaghettiCode"],"picked":"bronze:ChosenStrike","floor":5},{"not_picked":["bronze:ForceShield","bronze:Shield","bronze:WildBeam"],"picked":"SKIP","floor":6},{"not_picked":["bronze:Branch","bronze:DarkDash"],"picked":"bronze:DelayedGuard","floor":9},{"not_picked":["bronze:BuggyMess","bronze:ForLoop"],"picked":"bronze:Frontload","floor":10},{"not_picked":["bronze:Safeguard","bronze:Repulsor"],"picked":"bronze:WhirlingStrike","floor":11},{"not_picked":["bronze:MaxOutput","bronze:ForceShield","bronze:FineTuning"],"picked":"SKIP","floor":14},{"not_picked":["bronze:BronzeArmor","bronze:Frontload","bronze:Shell"],"picked":"SKIP","floor":15},{"not_picked":["bronze:BronzeArmor","bronze:Frontload","bronze:Shell"],"picked":"SKIP","floor":15},{"not_picked":["bronze:CleanCode","bronze:Break"],"picked":"bronze:AlphaBuild","floor":16},{"not_picked":["bronze:Iterate","bronze:Shield"],"picked":"bronze:Allocate","floor":19},{"not_picked":["bronze:ForLoop","bronze:Branch"],"picked":"bronze:Iterate+1","floor":20},{"not_picked":["bronze:CutThrough","bronze:Iterate","bronze:Frontload+1"],"picked":"SKIP","floor":26},{"not_picked":["bronze:Branch","bronze:Overheat+1"],"picked":"bronze:GetLatest+1","floor":27},{"not_picked":["bronze:WhirlingStrike","bronze:AlphaBuild","bronze:Branch+1"],"picked":"SKIP","floor":28},{"not_picked":["bronze:Shell+1","bronze:DigitalCarnage+1","bronze:Philosophize+1"],"picked":"SKIP","floor":29}],"player_experience":494944,"relics_obtained":[{"floor":6,"key":"Regal Pillow"},{"floor":7,"key":"Ancient Tea Set"},{"floor":24,"key":"Toxic Egg 2"},{"floor":29,"key":"Bottled Flame"}],"event_choices":[{"cards_removed":["bronze:Shell"],"damage_healed":36,"gold_gain":0,"player_choice":"Offered Uncommon","damage_taken":0,"max_hp_gain":0,"max_hp_loss":0,"event_name":"Bonfire Elementals","floor":8,"gold_loss":0}],"is_beta":false,"boss_relics":[{"not_picked":["Sozu","Runic Dome"],"picked":"Runic Pyramid"}],"items_purged_floors":[],"is_endless":false,"potions_floor_spawned":[3,6,9,15,28,29],"killed_by":"Snecko","ascension_level":0}}