{"host":"l5zfpd2l2htson6l","time":1612263269,"event":{"mods":["AchievementEnabler","BaseMod","Colored Map","Colored Powertips","Minty Spire (QoL Compilation)","Permanent Neow","Quick Restart","Rare Cards Sparkle","Relic Stats","SuperFastMode"],"gold_per_floor":[109,126,126,143,163,163,189,189,212,241,253,304,316,328,340,442,454,482,494,431,459,37,37,80,80,80,116,116,129,169,169,169],"floor_reached":31,"language":"ENG","playtime":1757,"items_purged":[],"score":587,"play_id":"785da7ca-6d12-4d06-a93d-4cc334e77e63","local_time":"20210202025429","is_ascension_mode":true,"campfire_choices":[{"data":"Bash","floor":6.0,"key":"SMITH"},{"floor":8.0,"key":"REST"},{"floor":15.0,"key":"REST"},{"floor":23.0,"key":"REST"},{"floor":25.0,"key":"REST"},{"data":"Clothesline","floor":28.0,"key":"SMITH"}],"circlet_count":0,"master_deck":["AscendersBane","Defend_R+1","Defend_R+1","Defend_R+1","Bash+1","Sentinel","Anger","Fire Breathing","Double Tap+1","Clothesline+1","Corruption","Havoc+1","Reckless Charge+1","Fire Breathing+1","Iron Wave","Cleave","Rampage","Demon Form","Reaper","Feed","Shrug It Off+1","Power Through+1"],"relics":["Burning Blood","Ancient Tea Set","Potion Belt","MawBank","Golden Idol","Red Skull","Astrolabe","Bag of Preparation","Nunchaku","White Beast Statue","Boot","Art of War"],"acts_visited":["Exordium","TheCity"],"potions_floor_usage":[31],"damage_taken":[{"damage":7.0,"enemies":"Cultist","floor":1.0,"turns":4.0},{"damage":3.0,"enemies":"Small Slimes","floor":2.0,"turns":5.0},{"damage":13.0,"enemies":"2 Louse","floor":4.0,"turns":3.0},{"damage":12.0,"enemies":"2 Fungi Beasts","floor":5.0,"turns":5.0},{"damage":20.0,"enemies":"3 Sentries","floor":7.0,"turns":6.0},{"damage":7.0,"enemies":"Looter","floor":10.0,"turns":4.0},{"damage":12.0,"enemies":"Gremlin Nob","floor":12.0,"turns":3.0},{"damage":45.0,"enemies":"The Guardian","floor":16.0,"turns":11.0},{"damage":14.0,"enemies":"Chosen","floor":18.0,"turns":5.0},{"damage":31.0,"enemies":"Shell Parasite","floor":21.0,"turns":5.0},{"damage":47.0,"enemies":"Gremlin Leader","floor":24.0,"turns":7.0},{"damage":19.0,"enemies":"Book of Stabbing","floor":27.0,"turns":4.0},{"damage":21.0,"enemies":"3 Cultists","floor":29.0,"turns":5.0},{"damage":57.0,"enemies":"Gremlin Leader","floor":30.0,"turns":8.0},{"damage":19,"enemies":"Snecko","floor":31,"turns":3}],"seed_played":"-7062145731904761312","potions_obtained":[{"floor":4.0,"key":"AttackPotion"},{"floor":5.0,"key":"BlessingOfTheForge"},{"floor":10.0,"key":"Ancient Potion"},{"floor":16.0,"key":"BloodPotion"},{"floor":24.0,"key":"DistilledChaos"},{"floor":27.0,"key":"DistilledChaos"},{"floor":29.0,"key":"LiquidBronze"},{"floor":30.0,"key":"FearPotion"}],"is_trial":false,"path_per_floor":["M","M","?","M","M","R","E","R","T","M","?","E","?","?","R","B",null,"M","?","?","M","$","R","E","R","T","E","R","M","E","M"],"character_chosen":"IRONCLAD","items_purchased":["Demon Form","Bag of Preparation","Reaper"],"campfire_rested":4,"item_purchase_floors":[22,22,22],"current_hp_per_floor":[67,70,65,58,52,52,38,60,60,59,59,53,46,26,46,7,53,45,45,45,20,20,40,30,50,50,53,53,53,12,0,0],"gold":169,"neow_bonus":"TRANSFORM_CARD","is_daily":false,"chose_seed":false,"campfire_upgraded":2,"win_rate":0.0,"timestamp":1612263269,"path_taken":["M","M","?","M","M","R","E","R","T","M","?","E","?","?","R","BOSS","M","?","?","?","$","R","E","R","T","E","R","M","E","M"],"items_purchased_type":["Card","Relic","Card"],"build_version":"2020-12-22","purchased_purges":0,"victory":false,"max_hp_per_floor":[75,75,75,75,75,75,75,75,75,75,68,68,68,68,68,68,68,68,68,68,68,68,68,68,68,68,68,68,68,68,68,68],"relic_stats":{"Nunchaku":[4],"counters":[15,78],"Golden Idol":59,"Astrolabe":["Havoc","Reckless Charge","Fire Breathing"],"Bag of Preparation":[10],"Art of War":[1],"MawBank":156,"Boot":[5],"obtain_stats":[{"Potion Belt":7,"Nunchaku":24,"Golden Idol":11,"Astrolabe":17,"Bag of Preparation":22,"Art of War":30,"Ancient Tea Set":3,"MawBank":9,"Boot":27,"Burning Blood":0,"Red Skull":12,"White Beast Statue":26},{"Potion Belt":5,"Nunchaku":11,"Golden Idol":6,"Astrolabe":8,"Bag of Preparation":10,"Art of War":14,"Ancient Tea Set":2,"MawBank":5,"Boot":12,"Burning Blood":0,"Red Skull":7,"White Beast Statue":11},{"Potion Belt":23,"Nunchaku":58,"Golden Idol":27,"Astrolabe":41,"Bag of Preparation":51,"Art of War":75,"Ancient Tea Set":9,"MawBank":23,"Boot":62,"Burning Blood":0,"Red Skull":30,"White Beast Statue":58}],"Burning Blood":84},"card_choices":[{"not_picked":["Clash","Entrench","Dropkick"],"picked":"SKIP","floor":1.0},{"not_picked":["Cleave","Headbutt"],"picked":"Anger","floor":2.0},{"not_picked":["Anger","Second Wind"],"picked":"Fire Breathing","floor":4.0},{"not_picked":["Body Slam","Shrug It Off","Headbutt"],"picked":"SKIP","floor":5.0},{"not_picked":["Armaments","Battle Trance"],"picked":"Double Tap","floor":7.0},{"not_picked":["Pommel Strike","Sword Boomerang"],"picked":"Armaments","floor":10.0},{"not_picked":["Perfected Strike","Thunderclap"],"picked":"Clothesline","floor":12.0},{"not_picked":["Bludgeon","Offering"],"picked":"Corruption","floor":16.0},{"not_picked":["Entrench","Iron Wave","Pommel Strike"],"picked":"SKIP","floor":18.0},{"not_picked":["Perfected Strike","Anger"],"picked":"Rampage","floor":21.0},{"not_picked":["Shockwave","Clothesline"],"picked":"Feed","floor":24.0},{"not_picked":["Corruption","Fire Breathing"],"picked":"Shrug It Off+1","floor":27.0},{"not_picked":["Iron Wave","Shrug It Off","Clothesline"],"picked":"SKIP","floor":29.0},{"not_picked":["Cleave","Shrug It Off"],"picked":"Power Through+1","floor":30.0}],"player_experience":849966,"relics_obtained":[{"floor":7.0,"key":"Potion Belt"},{"floor":9.0,"key":"MawBank"},{"floor":12.0,"key":"Red Skull"},{"floor":24.0,"key":"Nunchaku"},{"floor":26.0,"key":"White Beast Statue"},{"floor":27.0,"key":"Boot"},{"floor":30.0,"key":"Art of War"}],"event_choices":[{"damage_healed":0.0,"max_hp_gain":0.0,"max_hp_loss":0.0,"gold_gain":0.0,"event_name":"Scrap Ooze","player_choice":"Success","floor":3.0,"gold_loss":0.0,"damage_taken":5.0,"relics_obtained":["Ancient Tea Set"]},{"damage_healed":0.0,"max_hp_gain":0.0,"max_hp_loss":7.0,"gold_gain":0.0,"event_name":"Golden Idol","player_choice":"Lose Max HP","floor":11.0,"gold_loss":0.0,"damage_taken":0.0,"relics_obtained":["Golden Idol"]},{"cards_removed":["Strike_R"],"damage_healed":0.0,"max_hp_gain":0.0,"max_hp_loss":0.0,"gold_gain":0.0,"event_name":"Golden Wing","player_choice":"Card Removal","floor":13.0,"gold_loss":0.0,"damage_taken":7.0},{"damage_healed":0.0,"max_hp_gain":0.0,"max_hp_loss":0.0,"gold_gain":0.0,"event_name":"Shining Light","player_choice":"Entered Light","floor":14.0,"gold_loss":0.0,"damage_taken":20.0,"cards_upgraded":["Defend_R","Double Tap"]},{"damage_healed":0.0,"max_hp_gain":0.0,"max_hp_loss":0.0,"gold_gain":0.0,"event_name":"Back to Basics","player_choice":"Simplicity","floor":19.0,"gold_loss":0.0,"damage_taken":0.0,"cards_upgraded":["Defend_R","Defend_R","Defend_R"]},{"damage_healed":0.0,"max_hp_gain":0.0,"max_hp_loss":0.0,"gold_gain":0.0,"cards_transformed":["Defend_R","Armaments"],"event_name":"Designer","player_choice":"Transformed Cards","floor":20.0,"gold_loss":75.0,"damage_taken":0.0,"cards_obtained":["Iron Wave","Cleave"]}],"is_beta":false,"boss_relics":[{"not_picked":["SlaversCollar","Tiny House"],"picked":"Astrolabe"}],"items_purged_floors":[],"is_endless":false,"potions_floor_spawned":[4,5,10,16,24,27,29,30],"killed_by":"Snecko","ascension_level":19}}