{"host":"fa19f27vz2zfochh","time":1612296672,"event":{"mods":["Act Like it!","Aspiration","BaseMod","Better Third Choice","Conspire","Downfall","Energized Spire","Halation","Hallownest","Hubris","Infinite Spire","Ironclad Rager","Minty Spire (QoL Compilation)","Relic Stats","Replay The Spire","StSLib","The Bug Knight"],"gold_per_floor":[99,115,125,125,125,35,60,74,109,109,94,113,113,140,158,158,158,158],"floor_reached":16,"language":"ENG","playtime":699,"items_purged":[],"score":105,"play_id":"3cc99c40-5928-4c7f-a057-4947ad24eceb","local_time":"20210202211112","is_ascension_mode":true,"campfire_choices":[{"data":"bronze:Goto","floor":1,"key":"SMITH"},{"data":"bronze:Optimize","floor":10,"key":"SMITH"},{"floor":13,"key":"REST"}],"circlet_count":0,"master_deck":["bronze:Strike","bronze:Strike","bronze:Strike","bronze:Strike","bronze:Defend","bronze:Defend","bronze:Defend","bronze:Defend","bronze:Replicate+1","bronze:Goto+1","bronze:Branch+1","bronze:BitShift","bronze:DelayedSlice","bronze:Assembly","bronze:Constructor","bronze:Optimize+1","Pot Of Greed","Pot Of Greed"],"relics":["bronze:BronzeCore","infinitespire:Beetle Shell","ReplayFunnel","Grinning Jar"],"acts_visited":["Exordium"],"potions_floor_usage":[],"damage_taken":[{"damage":5,"enemies":"Jaw Worm","floor":2,"turns":4},{"damage":0,"enemies":"2 Louse","floor":3,"turns":2},{"damage":0,"enemies":"downfall:FleeingMerchant","floor":6,"turns":4},{"damage":0,"enemies":"Small Slimes","floor":8,"turns":2},{"damage":18,"enemies":"Gremlin Nob","floor":9,"turns":5},{"damage":10,"enemies":"downfall:FleeingMerchant","floor":11,"turns":4},{"damage":0,"enemies":"3 Louse","floor":12,"turns":4},{"damage":3,"enemies":"2 Fungi Beasts","floor":15,"turns":3},{"damage":69,"enemies":"SI_SHIV_ARCHETYPE","floor":16,"turns":10}],"seed_played":"-5386410445438804893","potions_obtained":[{"floor":8,"key":"Block Potion"},{"floor":12,"key":"Energy Potion"},{"floor":15,"key":"BlessingOfTheForge"}],"is_trial":false,"path_per_floor":["R","M","M","?","?","$","T","M","E","R","$","M","R","T","M","B"],"character_chosen":"THE_AUTOMATON","items_purchased":["bronze:Assembly"],"campfire_rested":1,"item_purchase_floors":[6],"current_hp_per_floor":[77,72,72,72,72,72,72,72,54,54,44,44,67,67,64,0,0,0],"gold":158,"neow_bonus":"TEN_PERCENT_HP_BONUS","is_daily":false,"chose_seed":false,"campfire_upgraded":2,"win_rate":0.0,"timestamp":1612296672,"path_taken":["R","M","M","?","?","?","T","M","E","R","$","M","R","?","M","BOSS"],"items_purchased_type":["Card"],"build_version":"2020-12-22","purchased_purges":0,"victory":false,"max_hp_per_floor":[77,77,77,77,77,77,77,77,77,77,77,77,77,77,77,77,77,77],"relic_stats":{"counters":[9,38],"obtain_stats":[{"ReplayFunnel":9,"bronze:BronzeCore":0,"infinitespire:Beetle Shell":7,"Grinning Jar":14},{"ReplayFunnel":5,"bronze:BronzeCore":0,"infinitespire:Beetle Shell":3,"Grinning Jar":7},{"ReplayFunnel":17,"bronze:BronzeCore":0,"infinitespire:Beetle Shell":10,"Grinning Jar":25}]},"card_choices":[{"not_picked":["bronze:NullPointer","bronze:Overheat"],"picked":"bronze:Branch","floor":2},{"not_picked":["bronze:Philosophize","bronze:Overheat"],"picked":"bronze:BitShift","floor":3},{"not_picked":["bronze:Shell","bronze:Overheat"],"picked":"bronze:DelayedSlice","floor":6},{"not_picked":["bronze:WildBeam","bronze:Invalidate"],"picked":"bronze:Constructor","floor":8},{"not_picked":["bronze:Invalidate","bronze:Allocate"],"picked":"bronze:Optimize","floor":9},{"not_picked":["bronze:BugBarrage","bronze:DigitalCarnage","bronze:CloningBeam"],"picked":"SKIP","floor":11},{"not_picked":["bronze:CutThrough","bronze:FollowUp","bronze:GetLatest"],"picked":"SKIP","floor":12},{"not_picked":["bronze:BugBarrage","bronze:Shield","bronze:BitShift"],"picked":"SKIP","floor":15}],"player_experience":410791,"relics_obtained":[{"floor":7,"key":"infinitespire:Beetle Shell"},{"floor":9,"key":"ReplayFunnel"},{"floor":14,"key":"Grinning Jar"}],"event_choices":[{"damage_healed":0,"gold_gain":0,"player_choice":"Grow","damage_taken":0,"max_hp_gain":0,"max_hp_loss":0,"event_name":"Living Wall","floor":5,"gold_loss":0,"cards_upgraded":["bronze:Replicate"]}],"is_beta":false,"boss_relics":[],"items_purged_floors":[],"is_endless":false,"potions_floor_spawned":[8,12,15],"killed_by":"SI_SHIV_ARCHETYPE","ascension_level":1}}