{"host":"klqcd4cqxrk2p1u3","time":1612304585,"event":{"mods":["BaseMod","Downfall","Minty Spire (QoL Compilation)","StSLib"],"gold_per_floor":[99,109,109,119,139,39,39,58,58,58,58],"floor_reached":9,"language":"ENG","playtime":1078,"items_purged":[],"score":53,"play_id":"79ab6b37-9674-418e-b60d-c1476639fce1","local_time":"20210202172305","is_ascension_mode":false,"campfire_choices":[{"floor":1,"key":"RECALL"},{"data":"bronze:BuggyMess","floor":6,"key":"SMITH"}],"circlet_count":0,"master_deck":["bronze:Strike","bronze:Strike","bronze:Strike","bronze:Strike","bronze:Defend","bronze:Defend","bronze:Defend","bronze:Replicate","bronze:Goto","bronze:Constructor","bronze:Shell","bronze:BuggyMess+1","bronze:ChosenStrike"],"relics":["bronze:BronzeCore","downfall:HeartBlessingRed"],"acts_visited":["Exordium"],"potions_floor_usage":[8,9],"damage_taken":[{"damage":3,"enemies":"2 Louse","floor":2,"turns":3},{"damage":0,"enemies":"Cultist","floor":4,"turns":4},{"damage":6,"enemies":"Jaw Worm","floor":5,"turns":4},{"damage":41,"enemies":"Gremlin Gang","floor":8,"turns":8},{"damage":27,"enemies":"Gremlin Nob","floor":9,"turns":3}],"seed_played":"6489238365267328628","potions_obtained":[{"floor":2,"key":"FearPotion"},{"floor":4,"key":"bronze:BuildAFunctionPotion"},{"floor":5,"key":"SneckoOil"}],"is_trial":false,"path_per_floor":["R","M","?","M","M","R","T","M","E"],"character_chosen":"THE_AUTOMATON","items_purchased":[],"campfire_rested":0,"item_purchase_floors":[],"current_hp_per_floor":[77,74,74,74,68,68,68,27,0,0,0],"gold":58,"neow_bonus":"TEN_PERCENT_HP_BONUS","is_daily":false,"chose_seed":false,"campfire_upgraded":1,"win_rate":0.0,"timestamp":1612304585,"path_taken":["R","M","?","?","M","R","T","M","E"],"items_purchased_type":[],"build_version":"2020-12-22","purchased_purges":0,"victory":false,"max_hp_per_floor":[77,77,77,77,77,77,77,77,77,77,77],"card_choices":[{"not_picked":["bronze:Separator","bronze:BitShift"],"picked":"bronze:Constructor","floor":2},{"not_picked":["bronze:Backtrace","bronze:MaxOutput"],"picked":"bronze:Shell","floor":4},{"not_picked":["bronze:OilSpill","bronze:Turbo"],"picked":"bronze:BuggyMess","floor":5},{"not_picked":["bronze:Invalidate","bronze:MaxOutput"],"picked":"bronze:ChosenStrike","floor":8}],"player_experience":1414115,"relics_obtained":[],"event_choices":[{"cards_removed":["bronze:Defend"],"damage_healed":0,"gold_gain":0,"player_choice":"Offered Basic","damage_taken":0,"max_hp_gain":0,"max_hp_loss":0,"event_name":"Bonfire Elementals","floor":3,"gold_loss":0}],"is_beta":false,"boss_relics":[],"items_purged_floors":[],"is_endless":false,"potions_floor_spawned":[2,4,5],"killed_by":"Gremlin Nob","ascension_level":0}}