{"host":"xrk7zhg70ipmpx3n","time":1612267502,"event":{"mods":["BaseMod","Colored Map","Downfall","Highlight Path","Minty Spire (QoL Compilation)","StSLib"],"gold_per_floor":[116,130,142,159,173,204,204,51,78,88,108,143,143,159,159,258,258,274,274,118,138,138,163,163,188,188,205,205,205],"floor_reached":28,"language":"ENG","playtime":1029,"items_purged":[],"score":272,"play_id":"53197891-c47c-4f3a-ba75-b0019e3f9e17","local_time":"20210202220502","is_ascension_mode":false,"campfire_choices":[{"floor":7,"key":"REST"},{"floor":13,"key":"REST"},{"floor":15,"key":"REST"},{"floor":24,"key":"REST"}],"circlet_count":0,"master_deck":["Strike_R","Strike_R","Defend_R","Defend_R","Defend_R","Defend_R","Bash","Warcry","Spot Weakness","Heavy Blade","Seeing Red","Flame Barrier","Infernal Blade","Slimebound:RollThrough","Backstab","Streamline","sneckomod:Unknown1Cost","Double Tap","Brutality+1","Hemokinesis+1","Flex+1","champ:FanOfKnives+1","Conserve Battery+1","hexamod:PowerFromBeyond","FlyingSleeves","Dagger Throw"],"relics":["Burning Blood","Omamori","PrismaticShard","Orichalcum","Blood Vial","Astrolabe","GremlinMask","Vajra","Juzu Bracelet","Gremlin Horn","Pantograph"],"acts_visited":["Exordium","TheCity"],"potions_floor_usage":[6,6,16,23,25,27],"damage_taken":[{"damage":6,"enemies":"2 Louse","floor":1,"turns":2},{"damage":6,"enemies":"Cultist","floor":2,"turns":3},{"damage":15,"enemies":"Jaw Worm","floor":3,"turns":4},{"damage":19,"enemies":"Exordium Wildlife","floor":4,"turns":4},{"damage":24,"enemies":"Lots of Slimes","floor":5,"turns":5},{"damage":22,"enemies":"3 Sentries","floor":6,"turns":6},{"damage":4,"enemies":"Looter","floor":10,"turns":2},{"damage":5,"enemies":"Exordium Wildlife","floor":11,"turns":3},{"damage":33,"enemies":"Lagavulin","floor":12,"turns":7},{"damage":7,"enemies":"2 Fungi Beasts","floor":14,"turns":3},{"damage":79,"enemies":"Hexaghost","floor":16,"turns":11},{"damage":24,"enemies":"Shell Parasite","floor":18,"turns":5},{"damage":4,"enemies":"Spheric Guardian","floor":21,"turns":3},{"damage":61,"enemies":"Gremlin Leader","floor":23,"turns":7},{"damage":29,"enemies":"Book of Stabbing","floor":25,"turns":4},{"damage":12,"enemies":"Cultist and Chosen","floor":27,"turns":4},{"damage":25,"enemies":"Centurion and Healer","floor":28,"turns":5}],"seed_played":"3451920376327039509","potions_obtained":[{"floor":2,"key":"Dexterity Potion"},{"floor":4,"key":"champ:CounterPotion"},{"floor":12,"key":"Explosive Potion"},{"floor":16,"key":"Explosive Potion"},{"floor":21,"key":"Swift Potion"},{"floor":23,"key":"hexamod:SoulburnPotion"}],"is_trial":false,"path_per_floor":["M","M","M","M","M","E","R","$","T","M","M","E","R","M","R","B",null,"M","?","$","M","?","E","R","E","T","M","M"],"character_chosen":"IRONCLAD","items_purchased":["PrismaticShard","Vajra"],"campfire_rested":4,"item_purchase_floors":[8,20],"current_hp_per_floor":[88,88,79,66,48,32,58,58,58,60,61,34,60,61,87,15,88,70,70,70,74,74,21,47,26,26,22,0,0],"gold":205,"neow_bonus":"TEN_PERCENT_HP_BONUS","is_daily":false,"chose_seed":false,"campfire_upgraded":0,"win_rate":0.0,"timestamp":1612267502,"path_taken":["M","M","M","M","M","E","R","$","T","M","M","E","R","M","R","BOSS","M","?","$","?","?","E","R","E","T","M","M"],"items_purchased_type":["Relic","Relic"],"build_version":"2020-12-22","purchased_purges":0,"victory":false,"max_hp_per_floor":[88,88,88,88,88,88,88,88,88,88,88,88,88,88,88,88,88,88,88,88,88,88,88,88,88,88,88,88,88],"card_choices":[{"not_picked":["Clash","Hemokinesis"],"picked":"Warcry","floor":1},{"not_picked":["Sword Boomerang","Clash"],"picked":"Spot Weakness","floor":2},{"not_picked":["Clash","Seeing Red"],"picked":"Heavy Blade","floor":3},{"not_picked":["Flex","Body Slam"],"picked":"Seeing Red","floor":4},{"not_picked":["Intimidate","Clothesline"],"picked":"Flame Barrier","floor":5},{"not_picked":["Bloodletting","Clash"],"picked":"Infernal Blade","floor":6},{"not_picked":["expansioncontent:HyperBeam","Guardian:TemporalStrike"],"picked":"Slimebound:RollThrough","floor":10},{"not_picked":["Evaluate","Vault"],"picked":"Backstab","floor":11},{"not_picked":["champ:BringItOn","bronze:BronzeArmor"],"picked":"Streamline","floor":12},{"not_picked":["Shrug It Off","Deflect"],"picked":"sneckomod:Unknown1Cost","floor":14},{"not_picked":["Establishment","Slimebound:SlimeSlap"],"picked":"Double Tap","floor":16},{"not_picked":["champ:ArenaPreparation","champ:ShieldSlam+1"],"picked":"champ:FanOfKnives+1","floor":18},{"not_picked":["Clash","Dagger Spray"],"picked":"Conserve Battery+1","floor":21},{"not_picked":["bronze:Optimize","hexamod:Incineration+1"],"picked":"hexamod:PowerFromBeyond","floor":23},{"not_picked":["bronze:OilSpill","bronze:Turbo"],"picked":"FlyingSleeves","floor":25},{"not_picked":["champ:AdrenalArmor","sneckomod:DiceBoulder+1"],"picked":"Dagger Throw","floor":27}],"player_experience":24176,"relics_obtained":[{"floor":6,"key":"Omamori"},{"floor":9,"key":"Orichalcum"},{"floor":12,"key":"Blood Vial"},{"floor":23,"key":"Juzu Bracelet"},{"floor":25,"key":"Gremlin Horn"},{"floor":26,"key":"Pantograph"}],"event_choices":[{"damage_healed":0,"gold_gain":0,"player_choice":"Trade","damage_taken":0,"relics_obtained":["GremlinMask"],"max_hp_gain":0,"max_hp_loss":0,"event_name":"FaceTrader","floor":19,"gold_loss":0},{"damage_healed":0,"gold_gain":0,"player_choice":"Ignored","damage_taken":0,"max_hp_gain":0,"max_hp_loss":0,"event_name":"Ghosts","floor":22,"gold_loss":0}],"is_beta":false,"boss_relics":[{"not_picked":["Runic Cube","bronze:MakeshiftBattery"],"picked":"Astrolabe"}],"items_purged_floors":[],"is_endless":false,"potions_floor_spawned":[2,4,12,16,21,23],"killed_by":"Centurion and Healer","ascension_level":0}}