{"host":"zrwwt1jjq0fpdjej","time":1612244531,"event":{"mods":["AchievementEnabler","BaseMod","Colored Map","Minty Spire (QoL Compilation)","StSLib","SuperFastMode"],"gold_per_floor":[113,133,150,100,175,175,208,208,208,233,233,233,265,278,278,375,375,375,375],"floor_reached":18,"language":"KOR","playtime":652,"items_purged":[],"score":319,"play_id":"833adc3a-4ea3-44ba-90be-e70c128d9ca6","local_time":"20210202144211","is_ascension_mode":true,"campfire_choices":[{"data":"Eruption","floor":6.0,"key":"SMITH"},{"data":"Judgement","floor":8.0,"key":"SMITH"},{"data":"Judgement","floor":11.0,"key":"SMITH"},{"data":"Vigilance","floor":15.0,"key":"SMITH"}],"circlet_count":0,"master_deck":["Strike_P","Strike_P","Strike_P","Strike_P","Defend_P","Defend_P","Defend_P","Eruption+1","Vigilance+1","Judgement+1","Conclude","ReachHeaven","Judgement+1","EmptyFist","Adaptation+1","FollowUp","LessonLearned","CurseOfTheBell"],"relics":["PureWater","Bottled Flame","Frozen Egg 2","Ginger","InkBottle","Pear","Calling Bell","Pen Nib","StrikeDummy","Torii"],"acts_visited":["Exordium","TheCity"],"potions_floor_usage":[],"damage_taken":[{"damage":0.0,"enemies":"Small Slimes","floor":1.0,"turns":2.0},{"damage":2.0,"enemies":"Jaw Worm","floor":2.0,"turns":2.0},{"damage":0.0,"enemies":"Cultist","floor":3.0,"turns":3.0},{"damage":22.0,"enemies":"3 Sentries","floor":7.0,"turns":6.0},{"damage":0.0,"enemies":"Gremlin Nob","floor":10.0,"turns":2.0},{"damage":0.0,"enemies":"3 Sentries","floor":13.0,"turns":2.0},{"damage":0.0,"enemies":"Blue Slaver","floor":14.0,"turns":1.0},{"damage":9.0,"enemies":"Hexaghost","floor":16.0,"turns":7.0},{"damage":7,"enemies":"Shell Parasite","floor":18,"turns":3}],"seed_played":"2591860815169549814","potions_obtained":[{"floor":1.0,"key":"Fire Potion"},{"floor":2.0,"key":"SneckoOil"},{"floor":10.0,"key":"Block Potion"},{"floor":13.0,"key":"Swift Potion"}],"is_trial":false,"path_per_floor":["M","M","M","?","?","R","E","R","T","E","R","T","E","M","R","B",null,"M"],"character_chosen":"WATCHER","items_purchased":[],"campfire_rested":0,"item_purchase_floors":[],"current_hp_per_floor":[65,63,63,63,52,52,30,30,30,30,30,30,40,40,40,31,69,62,62],"gold":375,"neow_bonus":"ONE_RANDOM_RARE_CARD","is_daily":false,"chose_seed":false,"campfire_upgraded":4,"win_rate":0.0,"timestamp":1612244531,"path_taken":["M","M","M","?","?","R","E","R","T","E","R","?","E","M","R","BOSS","M"],"items_purchased_type":[],"build_version":"2020-12-22","purchased_purges":0,"victory":false,"max_hp_per_floor":[72,72,72,72,72,72,72,72,72,72,72,72,82,82,82,82,82,82,82],"card_choices":[{"not_picked":["WreathOfFlame","PathToVictory"],"picked":"Conclude","floor":1.0},{"not_picked":["Crescendo","Consecrate"],"picked":"ReachHeaven","floor":2.0},{"not_picked":["Nirvana","PathToVictory"],"picked":"Judgement","floor":3.0},{"not_picked":["InnerPeace","CutThroughFate"],"picked":"EmptyFist","floor":7.0},{"not_picked":["ClearTheMind","EmptyFist"],"picked":"Adaptation+1","floor":10.0},{"not_picked":["Vengeance","ClearTheMind","PathToVictory"],"picked":"SKIP","floor":13.0},{"not_picked":["SandsOfTime","ClearTheMind"],"picked":"FollowUp","floor":14.0},{"not_picked":["Judgement","Blasphemy"],"picked":"LessonLearned","floor":16.0}],"player_experience":253865,"relics_obtained":[{"floor":7.0,"key":"Bottled Flame"},{"floor":9.0,"key":"Frozen Egg 2"},{"floor":10.0,"key":"Ginger"},{"floor":12.0,"key":"InkBottle"},{"floor":13.0,"key":"Pear"},{"floor":17.0,"key":"Pen Nib"},{"floor":17.0,"key":"StrikeDummy"},{"floor":17.0,"key":"Torii"}],"event_choices":[{"cards_removed":["Defend_P"],"damage_healed":0.0,"max_hp_gain":0.0,"max_hp_loss":0.0,"gold_gain":0.0,"event_name":"The Cleric","player_choice":"Card Removal","floor":4.0,"gold_loss":50.0,"damage_taken":0.0},{"damage_healed":0.0,"max_hp_gain":0.0,"max_hp_loss":0.0,"gold_gain":75.0,"event_name":"World of Goop","player_choice":"Gather Gold","floor":5.0,"gold_loss":0.0,"damage_taken":11.0}],"is_beta":false,"boss_relics":[{"not_picked":["Busted Crown","Snecko Eye"],"picked":"Calling Bell"}],"items_purged_floors":[],"is_endless":false,"potions_floor_spawned":[1,2,10,13],"killed_by":"Shell Parasite","ascension_level":8}}