{"host":"s21r9c1cdih2g0le","time":1612294110,"event":{"mods":["Aspiration","BaseMod","BetterRewards","Colored Map","Conspire","Downfall","Energized Spire","Friendly Minions","GifTheSpireLib","Hubris","Infinite Spire","Ironclad Rager","Jorbs\u0027s Wanderer Trilogy","Mimic Mod","Minty Spire (QoL Compilation)","Replay The Spire","StSLib","Stuff the Spire","SuperFastMode","The Mystic","Wandering Minibosses"],"gold_per_floor":[99,112,112,22,22,41,41,41,76,76,111,111,121,156,168,168,168,168],"floor_reached":16,"language":"ENG","playtime":730,"items_purged":[],"score":143,"play_id":"6fcb5274-212b-4328-b819-0552cdfe2adc","local_time":"20210202202830","is_ascension_mode":false,"campfire_choices":[{"data":"bronze:Replicate","floor":1,"key":"SMITH"},{"data":"bronze:SpaghettiCode","floor":8,"key":"SMITH"}],"circlet_count":0,"master_deck":["bronze:Strike","bronze:Strike","bronze:Strike","bronze:Strike","bronze:Defend","bronze:Defend","bronze:Defend","bronze:Defend","bronze:Replicate+1","bronze:Goto","bronze:Philosophize","bronze:Optimize","bronze:Optimize","bronze:Replicate+1","bronze:SpaghettiCode+1","infinitespire:NeuralNetwork+1","bronze:ClassDefault","bronze:FineTuning","bronze:Mutator","bronze:Return"],"relics":["bronze:BronzeCore","aspiration:StickyExplosives_weak","StuffTheSpire:Wildfire","aspiration:AnachronicSnailShell","Potion Belt"],"acts_visited":["Exordium"],"potions_floor_usage":[11,14,16],"damage_taken":[{"damage":0,"enemies":"conspire:RoseBush","floor":2,"turns":4},{"damage":0,"enemies":"downfall:FleeingMerchant","floor":4,"turns":4},{"damage":1,"enemies":"Cultist","floor":6,"turns":3},{"damage":0,"enemies":"Replay:BlueRogue","floor":9,"turns":4},{"damage":19,"enemies":"Gremlin Nob","floor":11,"turns":3},{"damage":1,"enemies":"2 Louse","floor":13,"turns":2},{"damage":5,"enemies":"3 Sentries","floor":14,"turns":3},{"damage":19,"enemies":"Lots of Slimes","floor":15,"turns":4},{"damage":16,"enemies":"SI_SHIV_ARCHETYPE","floor":16,"turns":7}],"seed_played":"-7144412333719119892","potions_obtained":[{"floor":2,"key":"Energy Potion"},{"floor":6,"key":"Elixir"},{"floor":11,"key":"Elixir"},{"floor":13,"key":"SteroidPotion"},{"floor":14,"key":"Dexterity Potion"}],"is_trial":false,"path_per_floor":["R","M","?","$","?","M","T","R","E","?","E","?","M","E","M","B"],"character_chosen":"THE_AUTOMATON","items_purchased":["bronze:Optimize"],"campfire_rested":0,"item_purchase_floors":[4],"current_hp_per_floor":[77,77,77,77,77,76,76,76,76,57,38,38,37,32,13,0,0,0],"gold":168,"neow_bonus":"TEN_PERCENT_HP_BONUS","is_daily":false,"chose_seed":false,"campfire_upgraded":2,"win_rate":0.0,"timestamp":1612294110,"path_taken":["R","M","?","$","?","?","T","R","E","?","E","?","M","E","M","BOSS"],"items_purchased_type":["Card"],"build_version":"2020-12-22","purchased_purges":0,"victory":false,"max_hp_per_floor":[77,77,77,77,77,77,77,77,77,77,77,77,77,77,77,77,77,77],"card_choices":[{"not_picked":["bronze:BuggyMess","bronze:Separator"],"picked":"bronze:Philosophize","floor":2},{"not_picked":["bronze:Iterate","bronze:Invalidate"],"picked":"bronze:Optimize","floor":4},{"not_picked":["bronze:Invalidate","bronze:Turbo"],"picked":"bronze:SpaghettiCode","floor":6},{"not_picked":["bronze:Turbo","bronze:CutThrough","bronze:BurnOut"],"picked":"SKIP","floor":9},{"not_picked":["ReplayTheSpireMod:Chaos Vortex","infinitespire:DeathsTouch"],"picked":"infinitespire:NeuralNetwork","floor":10},{"not_picked":["bronze:Overheat","bronze:Iterate"],"picked":"bronze:ClassDefault","floor":11},{"not_picked":["bronze:Overload","bronze:BugBarrage"],"picked":"bronze:FineTuning","floor":13},{"not_picked":["bronze:ChildClass","bronze:CutThrough"],"picked":"bronze:Mutator","floor":14},{"not_picked":["bronze:BronzeOrb","bronze:Terminator"],"picked":"bronze:Return","floor":15}],"player_experience":333818,"relics_obtained":[{"floor":7,"key":"aspiration:StickyExplosives_weak"},{"floor":9,"key":"StuffTheSpire:Wildfire"},{"floor":11,"key":"aspiration:AnachronicSnailShell"},{"floor":14,"key":"Potion Belt"}],"event_choices":[],"is_beta":false,"boss_relics":[],"items_purged_floors":[],"is_endless":false,"potions_floor_spawned":[2,6,11,13,14],"killed_by":"SI_SHIV_ARCHETYPE","ascension_level":0}}