{"host":"kwnpvqmnt47pmyi1","time":1612286421,"event":{"mods":["AchievementEnabler","BaseMod","Bestiary","BetterRewards","Clockwork Mod","Downfall","Hermit","Hubris","Infinite Spire","Marisa????????","Minty Spire (QoL Compilation)","Reliquary","Replay The Spire","Shade Mod","StSLib","The Cursed","The Hierophant","The Servant 0.9.4"],"gold_per_floor":[119,119,138,154,164,193,207,207,233,251,286,302,157,176,176,176,176],"floor_reached":16,"language":"ENG","playtime":1356,"items_purged":[],"score":116,"play_id":"08aa0620-fa4f-4fe8-ab62-cbc56fb5a7a4","local_time":"20210202092021","is_ascension_mode":false,"campfire_choices":[{"data":"TheCursedMod:Hemoplague","floor":8,"key":"SMITH"},{"floor":15,"key":"REST"}],"circlet_count":0,"master_deck":["TheCursedMod:Strike_TheCursed+1","TheCursedMod:Strike_TheCursed","TheCursedMod:Strike_TheCursed","TheCursedMod:Strike_TheCursed","TheCursedMod:Defend_TheCursed","TheCursedMod:Defend_TheCursed","TheCursedMod:Defend_TheCursed","TheCursedMod:Defend_TheCursed","TheCursedMod:CursedWand+1","TheCursedMod:CleanUpWorkshop","TheCursedMod:Dregs","TheCursedMod:CursedBoomerang+1","TheCursedMod:Torture","TheCursedMod:Hemoplague","TheCursedMod:FleshFromBone","TheCursedMod:Hemoplague+1","TheCursedMod:WearCloak","TheCursedMod:VitalStrike","TheCursedMod:SoulReap"],"relics":["TheCursedMod:BlackMagic101","Akabeko","Torii","Whetstone"],"acts_visited":["Exordium"],"potions_floor_usage":[7,16,16],"damage_taken":[{"damage":3,"enemies":"Jaw Worm","floor":1,"turns":6},{"damage":7,"enemies":"infinitespire:Voidling","floor":3,"turns":3},{"damage":0,"enemies":"Cultist","floor":4,"turns":3},{"damage":5,"enemies":"Looter","floor":5,"turns":4},{"damage":20,"enemies":"Replay:BlueRogue","floor":6,"turns":9},{"damage":36,"enemies":"Gremlin Gang","floor":7,"turns":4},{"damage":0,"enemies":"2 Fungi Beasts","floor":10,"turns":5},{"damage":10,"enemies":"Lagavulin","floor":11,"turns":5},{"damage":0,"enemies":"3 Louse","floor":12,"turns":3},{"damage":0,"enemies":"Red Slaver","floor":14,"turns":3},{"damage":50,"enemies":"Fading Forest","floor":16,"turns":7}],"seed_played":"7788156340109006380","potions_obtained":[{"floor":1,"key":"ColorlessPotion"},{"floor":5,"key":"SpeedPotion"},{"floor":12,"key":"SteroidPotion"},{"floor":14,"key":"Dexterity Potion"}],"is_trial":false,"path_per_floor":["M","?","M","M","M","E","M","R","T","M","E","M","$","M","R","B"],"character_chosen":"THE_CURSED","items_purchased":["Whetstone"],"campfire_rested":1,"item_purchase_floors":[13],"current_hp_per_floor":[79,79,76,76,71,51,15,15,15,15,5,5,5,5,29,0,0],"gold":176,"neow_bonus":"TEN_PERCENT_HP_BONUS","is_daily":false,"chose_seed":false,"campfire_upgraded":1,"win_rate":0.0,"timestamp":1612286421,"path_taken":["M","?","M","?","M","E","M","R","T","M","E","M","$","M","R","BOSS"],"items_purchased_type":["Relic"],"build_version":"2020-12-22","purchased_purges":0,"victory":false,"max_hp_per_floor":[82,82,82,82,82,82,82,82,82,82,82,82,82,82,82,82,82],"card_choices":[{"not_picked":["TheCursedMod:CursedAmulet","TheCursedMod:Torture"],"picked":"TheCursedMod:CursedBoomerang","floor":1},{"not_picked":["TheCursedMod:RapidMovement","TheCursedMod:WearCloak"],"picked":"TheCursedMod:Torture","floor":3},{"not_picked":["TheCursedMod:CursedMace","TheCursedMod:HellfireBreathing"],"picked":"TheCursedMod:Hemoplague","floor":4},{"not_picked":["TheCursedMod:TacticalStrike","TheCursedMod:CircleOfFocus"],"picked":"TheCursedMod:FleshFromBone","floor":5},{"not_picked":["TheCursedMod:CursedMace","TheCursedMod:AntiAging"],"picked":"TheCursedMod:Hemoplague","floor":6},{"not_picked":["TheCursedMod:CursedAmulet","TheCursedMod:TacticalStrike"],"picked":"TheCursedMod:WearCloak","floor":7},{"not_picked":["TheCursedMod:WearCloak","TheCursedMod:Wield"],"picked":"TheCursedMod:VitalStrike","floor":10},{"not_picked":["TheCursedMod:TroublousMinions","TheCursedMod:ParallelWorld","TheCursedMod:CursedSpellbook"],"picked":"SKIP","floor":11},{"not_picked":["TheCursedMod:SmokeScreen","TheCursedMod:Wield","TheCursedMod:SpreadPlague"],"picked":"SKIP","floor":12},{"not_picked":["TheCursedMod:Wield","TheCursedMod:Stretching"],"picked":"TheCursedMod:SoulReap","floor":14}],"player_experience":294685,"relics_obtained":[{"floor":6,"key":"Akabeko"},{"floor":11,"key":"Torii"}],"event_choices":[{"damage_healed":0,"gold_gain":0,"player_choice":"Forge","damage_taken":0,"max_hp_gain":0,"max_hp_loss":0,"event_name":"Accursed Blacksmith","floor":2,"gold_loss":0,"cards_upgraded":["TheCursedMod:CursedWand"]}],"is_beta":false,"boss_relics":[],"items_purged_floors":[],"is_endless":false,"potions_floor_spawned":[1,5,12,14],"killed_by":"Fading Forest","ascension_level":0}}