{"host":"d52brwsy6af8zvaq","time":1612281303,"event":{"mods":["AchievementEnabler","BaseMod","Bestiary","Highlight Path","Minty Spire (QoL Compilation)","Quick Restart","Relic Stats","ojb\u0027s Better Paths Mod"],"gold_per_floor":[18,18,18,36,52,87,87,97,170,200,200,225,61,87,87,87,87],"floor_reached":16,"language":"ENG","playtime":720,"items_purged":["Strike_G"],"score":256,"play_id":"8dae456d-0976-4493-9e3f-d4e1f3bbdad0","local_time":"20210202085503","is_ascension_mode":true,"campfire_choices":[{"data":"Skewer","floor":7.0,"key":"SMITH"},{"floor":11.0,"key":"REST"},{"floor":15.0,"key":"REST"}],"circlet_count":0,"master_deck":["AscendersBane","Strike_G","Strike_G","Strike_G","Strike_G","Defend_G","Defend_G","Defend_G","Defend_G","Defend_G","Survivor","Neutralize","Predator+1","Deadly Poison","Skewer+1","Blade Dance","Blade Dance","Footwork","Venomology","Outmaneuver"],"relics":["Ring of the Snake","Calipers","Turnip","Shuriken","PreservedInsect","Ginger","Gambling Chip"],"acts_visited":["Exordium"],"potions_floor_usage":[16],"damage_taken":[{"damage":0.0,"enemies":"2 Louse","floor":1.0,"turns":3.0},{"damage":0.0,"enemies":"Jaw Worm","floor":4.0,"turns":5.0},{"damage":0.0,"enemies":"Cultist","floor":5.0,"turns":3.0},{"damage":20.0,"enemies":"3 Sentries","floor":6.0,"turns":8.0},{"damage":6.0,"enemies":"2 Fungi Beasts","floor":8.0,"turns":4.0},{"damage":11.0,"enemies":"Gremlin Nob","floor":10.0,"turns":3.0},{"damage":10.0,"enemies":"3 Sentries","floor":12.0,"turns":4.0},{"damage":11.0,"enemies":"Lagavulin","floor":14.0,"turns":6.0},{"damage":39,"enemies":"Hexaghost","floor":16,"turns":9}],"seed_played":"-4176105422872050191","potions_obtained":[{"floor":4.0,"key":"Poison Potion"},{"floor":6.0,"key":"LiquidMemories"},{"floor":8.0,"key":"BlessingOfTheForge"}],"is_trial":false,"path_per_floor":["M","?","?","M","M","E","R","M","T","E","R","E","$","E","R","B"],"character_chosen":"THE_SILENT","items_purchased":["Venomology"],"campfire_rested":2,"item_purchase_floors":[13],"current_hp_per_floor":[59,59,59,59,59,39,39,33,33,22,41,31,31,20,39,0,0],"gold":87,"neow_bonus":"ONE_RARE_RELIC","is_daily":false,"chose_seed":false,"campfire_upgraded":1,"win_rate":0.0,"timestamp":1612281303,"path_taken":["M","?","?","M","M","E","R","?","T","E","R","E","$","E","R","BOSS"],"items_purchased_type":["Card"],"build_version":"2020-12-22","purchased_purges":1,"victory":false,"max_hp_per_floor":[66,66,66,66,66,66,66,66,66,66,66,66,66,66,66,66,66],"relic_stats":{"counters":[9,45],"Shuriken":[8],"Gambling Chip":[6],"Turnip":[0],"PreservedInsect":59,"Ginger":[0],"obtain_stats":[{"Calipers":0,"Shuriken":9,"Gambling Chip":14,"Turnip":6,"PreservedInsect":10,"Ginger":12,"Ring of the Snake":0},{"Calipers":0,"Shuriken":5,"Gambling Chip":8,"Turnip":4,"PreservedInsect":6,"Ginger":7,"Ring of the Snake":0},{"Calipers":0,"Shuriken":23,"Gambling Chip":36,"Turnip":19,"PreservedInsect":26,"Ginger":30,"Ring of the Snake":0}],"Ring of the Snake":[18]},"card_choices":[{"not_picked":["PiercingWail","Blade Dance"],"picked":"Predator","floor":1.0},{"not_picked":["Dagger Throw","Prepared"],"picked":"Deadly Poison","floor":4.0},{"not_picked":["Dodge and Roll","Flying Knee"],"picked":"Skewer","floor":5.0},{"not_picked":["Calculated Gamble","Prepared"],"picked":"Blade Dance","floor":6.0},{"not_picked":["Deadly Poison","Poisoned Stab"],"picked":"Blade Dance","floor":8.0},{"not_picked":["Blade Dance","Acrobatics","Deadly Poison"],"picked":"SKIP","floor":10.0},{"not_picked":["Prepared","Cloak And Dagger"],"picked":"Footwork","floor":12.0},{"not_picked":["Night Terror","Quick Slash"],"picked":"Outmaneuver","floor":14.0}],"player_experience":2120725,"relics_obtained":[{"floor":6.0,"key":"Turnip"},{"floor":9.0,"key":"Shuriken"},{"floor":10.0,"key":"PreservedInsect"},{"floor":12.0,"key":"Ginger"},{"floor":14.0,"key":"Gambling Chip"}],"event_choices":[{"damage_healed":0.0,"max_hp_gain":0.0,"max_hp_loss":0.0,"gold_gain":0.0,"event_name":"Living Wall","player_choice":"Grow","floor":2.0,"gold_loss":0.0,"damage_taken":0.0,"cards_upgraded":["Predator"]},{"damage_healed":0.0,"max_hp_gain":0.0,"max_hp_loss":0.0,"gold_gain":0.0,"event_name":"WeMeetAgain","player_choice":"Ignored","floor":3.0,"gold_loss":0.0,"damage_taken":0.0}],"is_beta":false,"boss_relics":[],"items_purged_floors":[13],"is_endless":false,"potions_floor_spawned":[4,6,8],"killed_by":"Hexaghost","ascension_level":20}}