{"host":"wfkvcf4y4vkrpwe0","time":1612273435,"event":{"mods":["BaseMod","Conspire","Downfall","Hermit","Minty Spire (QoL Compilation)","StSLib","The Construct","The Cursed","The Disciple","The Hierophant","The Necromancer"],"gold_per_floor":[109,109,109,124,49,49,68,83,157,183,223,242,242,257,257,362,362,382,382,104,104,104],"floor_reached":21,"language":"ENG","playtime":930,"items_purged":["TheCursedMod:Strike_TheCursed","TheCursedMod:Strike_TheCursed"],"score":179,"play_id":"7fab5bb1-5345-476c-96b1-22b0b33ca0ab","local_time":"20210202134355","is_ascension_mode":false,"campfire_choices":[{"data":"TheCursedMod:CursedWand","floor":6,"key":"SMITH"},{"floor":13,"key":"REST"},{"floor":15,"key":"REST"}],"circlet_count":0,"master_deck":["TheCursedMod:Strike_TheCursed","TheCursedMod:Strike_TheCursed","TheCursedMod:Defend_TheCursed","TheCursedMod:Defend_TheCursed","TheCursedMod:Defend_TheCursed","TheCursedMod:Defend_TheCursed","TheCursedMod:CursedWand+1","TheCursedMod:CleanUpWorkshop","TheCursedMod:SpitefulPlan","TheCursedMod:CircleOfCorruption","TheCursedMod:SaltUponWound","TheCursedMod:Stigma","TheCursedMod:DemonicPact","Writhe","TheCursedMod:Hemoplague","TheCursedMod:Hemoplague"],"relics":["TheCursedMod:BlackMagic101","NeowsBlessing","Blood Vial","conspire:Flyswatter","construct:FoamFinger","MealTicket","Black Star","Pen Nib","DollysMirror"],"acts_visited":["Exordium","TheCity"],"potions_floor_usage":[11,16],"damage_taken":[{"damage":0,"enemies":"Jaw Worm","floor":1,"turns":1},{"damage":0,"enemies":"Small Slimes","floor":4,"turns":1},{"damage":0,"enemies":"2 Louse","floor":7,"turns":1},{"damage":5,"enemies":"Large Slime","floor":8,"turns":6},{"damage":33,"enemies":"Lagavulin","floor":10,"turns":8},{"damage":18,"enemies":"conspire:MimicChest","floor":11,"turns":10},{"damage":7,"enemies":"conspire:2 RoseBushes","floor":12,"turns":9},{"damage":18,"enemies":"3 Louse","floor":14,"turns":3},{"damage":6,"enemies":"Hexaghost","floor":16,"turns":6},{"damage":17,"enemies":"Chosen","floor":18,"turns":6},{"damage":78,"enemies":"conspire:FuzzyDice","floor":21,"turns":6}],"seed_played":"-7923654963466232865","potions_obtained":[{"floor":4,"key":"Energy Potion"},{"floor":8,"key":"DistilledChaos"},{"floor":14,"key":"DistilledChaos"},{"floor":16,"key":"Fire Potion"}],"is_trial":false,"path_per_floor":["M","?","?","M","$","R","M","M","T","E","?","M","R","M","R","B",null,"M","?","$","M"],"character_chosen":"THE_CURSED","items_purchased":["TheCursedMod:Hemoplague","DollysMirror"],"campfire_rested":2,"item_purchase_floors":[20,20],"current_hp_per_floor":[75,68,56,58,58,58,60,57,57,26,10,5,27,11,33,29,75,58,58,73,0,0],"gold":104,"neow_bonus":"THREE_ENEMY_KILL","is_daily":false,"chose_seed":false,"campfire_upgraded":1,"win_rate":0.0,"timestamp":1612273435,"path_taken":["M","?","?","M","$","R","M","M","T","E","?","M","R","M","R","BOSS","M","?","$","M"],"items_purchased_type":["Card","Relic"],"build_version":"2020-12-22","purchased_purges":2,"victory":false,"max_hp_per_floor":[75,75,75,75,75,75,75,75,75,75,75,75,75,75,75,75,75,75,75,75,75,75],"card_choices":[{"not_picked":["TheCursedMod:RavingStaff","TheCursedMod:Torture"],"picked":"TheCursedMod:SpitefulPlan","floor":1},{"not_picked":["TheCursedMod:Wield","TheCursedMod:CursedMace","TheCursedMod:SurpriseAttack"],"picked":"SKIP","floor":4},{"not_picked":["TheCursedMod:SpitefulPray","TheCursedMod:SpitefulStrike","TheCursedMod:Stigma"],"picked":"SKIP","floor":7},{"not_picked":["TheCursedMod:SoulReap","TheCursedMod:CircleOfFocus"],"picked":"TheCursedMod:CircleOfCorruption","floor":8},{"not_picked":["TheCursedMod:UltimatePain","TheCursedMod:CursedMace","TheCursedMod:RapidMovement"],"picked":"SKIP","floor":10},{"not_picked":["TheCursedMod:Stretching","TheCursedMod:CursedShiv"],"picked":"TheCursedMod:SaltUponWound","floor":11},{"not_picked":["TheCursedMod:AshesToAshes","TheCursedMod:CircleOfFocus","TheCursedMod:Mangle"],"picked":"SKIP","floor":12},{"not_picked":["TheCursedMod:Torture","TheCursedMod:RavingStaff"],"picked":"TheCursedMod:Stigma","floor":14},{"not_picked":["TheCursedMod:NeowsMight","TheCursedMod:DemonSword"],"picked":"TheCursedMod:DemonicPact","floor":16},{"not_picked":["TheCursedMod:RapidMovement","TheCursedMod:Mangle","TheCursedMod:SoulCrush"],"picked":"SKIP","floor":18}],"player_experience":578972,"relics_obtained":[{"floor":9,"key":"conspire:Flyswatter"},{"floor":10,"key":"construct:FoamFinger"},{"floor":11,"key":"MealTicket"}],"event_choices":[{"cards_removed":["TheCursedMod:Dregs"],"damage_healed":0,"gold_gain":0,"player_choice":"Card Removal","damage_taken":7,"max_hp_gain":0,"max_hp_loss":0,"event_name":"Golden Wing","floor":2,"gold_loss":0},{"damage_healed":0,"gold_gain":0,"player_choice":"Success","damage_taken":12,"relics_obtained":["Blood Vial"],"max_hp_gain":0,"max_hp_loss":0,"event_name":"Scrap Ooze","floor":3,"gold_loss":0},{"damage_healed":0,"gold_gain":0,"player_choice":"Opened","damage_taken":0,"relics_obtained":["Pen Nib"],"max_hp_gain":0,"max_hp_loss":0,"event_name":"The Mausoleum","floor":19,"gold_loss":0,"cards_obtained":["Writhe"]}],"is_beta":false,"boss_relics":[{"not_picked":["conspire:RoyalGoblet","Sozu"],"picked":"Black Star"}],"items_purged_floors":[5,20],"is_endless":false,"potions_floor_spawned":[4,8,14,16],"killed_by":"conspire:FuzzyDice","ascension_level":0}}