{"host":"zx10cf1fsoa3eqiy","time":1612246839,"event":{"mods":["BaseMod","Colored Powertips","Downfall","Highlight Path","Minty Spire (QoL Compilation)","Quick Restart","Replay The Spire","Shop Mod","StSLib","Td1madao Mod","The Servant 0.9.4","Yuri Mod"],"gold_per_floor":[99,99,99,99,84,114,114,140,125,25,43,43,43,43],"floor_reached":12,"language":"ZHS","playtime":695,"items_purged":[],"score":86,"play_id":"8957742a-d5ce-47fd-8c0b-aefee3e2cf72","local_time":"20210202142039","is_ascension_mode":true,"campfire_choices":[{"floor":1,"key":"RECALL"},{"floor":10,"key":"REST"}],"circlet_count":0,"master_deck":["bronze:Strike","bronze:Strike","bronze:Strike","bronze:Strike","bronze:Defend","bronze:Defend","bronze:Defend","bronze:Defend","bronze:Replicate","bronze:Goto","bronze:FineTuning","bronze:GetLatest","bronze:ForLoop","bronze:WhirlingStrike","bronze:Repulsor","bronze:FineTuning","bronze:Boost"],"relics":["bronze:BronzeCore","downfall:HeartsMalice","Art of War","Blood Vial","Replay:Baseball","downfall:HeartBlessingRed"],"acts_visited":["Exordium"],"potions_floor_usage":[],"damage_taken":[{"damage":0,"enemies":"Jaw Worm","floor":2,"turns":1},{"damage":0,"enemies":"Cultist","floor":3,"turns":1},{"damage":0,"enemies":"2 Louse","floor":4,"turns":1},{"damage":5,"enemies":"downfall:FleeingMerchant","floor":5,"turns":4},{"damage":20,"enemies":"Gremlin Nob","floor":6,"turns":3},{"damage":17,"enemies":"3 Sentries","floor":8,"turns":6},{"damage":10,"enemies":"downfall:FleeingMerchant","floor":9,"turns":4},{"damage":2,"enemies":"Blue Slaver","floor":11,"turns":4},{"damage":0,"enemies":"Lagavulin","floor":12,"turns":2}],"seed_played":"-886946674666138114","potions_obtained":[{"floor":6,"key":"bronze:FreeFunctionsPotion"},{"floor":8,"key":"EssenceOfSteel"}],"is_trial":false,"path_per_floor":["R","M","M","M","$","E","T","E","$","R","M","E"],"character_chosen":"THE_AUTOMATON","items_purchased":[],"campfire_rested":1,"item_purchase_floors":[],"current_hp_per_floor":[70,70,70,70,65,45,45,30,22,43,43,45,45,45],"gold":43,"neow_bonus":"THREE_ENEMY_KILL","is_daily":false,"chose_seed":false,"campfire_upgraded":0,"win_rate":0.0,"timestamp":1612246839,"path_taken":["R","M","M","M","$","E","T","E","$","R","M","E"],"items_purchased_type":[],"build_version":"2020-12-22","purchased_purges":0,"victory":false,"max_hp_per_floor":[70,70,70,70,70,70,70,70,70,70,70,70,70,70],"card_choices":[{"not_picked":["bronze:Frontload","bronze:Iterate"],"picked":"bronze:FineTuning","floor":2},{"not_picked":["bronze:OilSpill","bronze:CutThrough"],"picked":"bronze:GetLatest","floor":3},{"not_picked":["bronze:OilSpill","bronze:BitShift"],"picked":"bronze:ForLoop","floor":4},{"not_picked":["bronze:CutThrough","bronze:BugBarrage"],"picked":"bronze:WhirlingStrike","floor":5},{"not_picked":["bronze:ItsAFeature","bronze:BuggyMess"],"picked":"bronze:Repulsor","floor":6},{"not_picked":["bronze:Iterate","bronze:Safeguard","bronze:DarkDash"],"picked":"SKIP","floor":8},{"not_picked":["bronze:Deprecate","bronze:Iterate"],"picked":"bronze:FineTuning","floor":9},{"not_picked":["bronze:ForceShield","bronze:Overheat"],"picked":"bronze:Boost","floor":11}],"player_experience":324334,"relics_obtained":[{"floor":6,"key":"Art of War"},{"floor":7,"key":"Blood Vial"},{"floor":8,"key":"Replay:Baseball"}],"event_choices":[],"is_beta":false,"boss_relics":[],"items_purged_floors":[],"is_endless":false,"potions_floor_spawned":[6,8],"killed_by":"Lagavulin","ascension_level":1}}