{"host":"osk2oboccoevp2u5","time":1612292626,"event":{"mods":["AchievementEnabler","Alarm Clock","BaseMod","Colored Powertips","Disable Question Mark Monsters","Displayed Cursed Tome","Key Reminder","Koishi","Minty Spire (QoL Compilation)","Potion Indicator Mod","Quick Restart","Rare Cards Sparkle","Reorder Act Four","StSLib","Useless Jewels Mod"],"gold_per_floor":[119,9,29,29,47,47,82,94,121,121,21,31,45,60,60,156,156,173,173,173,193,203,203,213,213,213],"floor_reached":25,"language":"ENG","playtime":3218,"items_purged":["Koishi:BasicStrike","Koishi:BasicStrike"],"score":207,"play_id":"07f8d4b5-9de2-4cb0-9ddd-f70a588076bf","local_time":"20210202150346","is_ascension_mode":false,"campfire_choices":[{"data":"Koishi:GeneticsOfTheUnconscious","floor":6,"key":"SMITH"},{"floor":10,"key":"REST"},{"floor":15,"key":"REST"},{"floor":23,"key":"REST"}],"circlet_count":0,"master_deck":["Koishi:BasicDefend","Koishi:BasicDefend","Koishi:BasicDefend","Koishi:BasicDefend","Koishi:Provoke","Koishi:HauntingSlash","Koishi:SubterraneanRose","Koishi:UnansweredLove","Koishi:GeneticsOfTheUnconscious+1","Koishi:UnconsciousUprising+1","Koishi:SubterraneanRose","Koishi:ConfinedInnocent","Koishi:PhantomBarrier","Koishi:Prune","Koishi:PhilosophyOfTheDespised","Koishi:DNAsFlaw","Koishi:PerfectMindControl","Koishi:HeartfeltFancy+1","Koishi:MassHysteria","Koishi:FormlessExistence","Dramatic Entrance","Dark Shackles","Koishi:SprinkleStarAndHeart+1","Koishi:ReflexRadar+1","Koishi:GeneticsOfTheUnconscious+1"],"relics":["Koishi:ImaginaryFriend","Lantern","Toy Ornithopter"],"acts_visited":["Exordium","TheCity"],"potions_floor_usage":[7,16,16,25],"damage_taken":[{"damage":2,"enemies":"Small Slimes","floor":1,"turns":4},{"damage":4,"enemies":"Cultist","floor":3,"turns":5},{"damage":0,"enemies":"Jaw Worm","floor":5,"turns":6},{"damage":37,"enemies":"3 Sentries","floor":7,"turns":17},{"damage":3,"enemies":"3 Louse","floor":8,"turns":5},{"damage":13,"enemies":"Gremlin Gang","floor":12,"turns":9},{"damage":18,"enemies":"2 Fungi Beasts","floor":13,"turns":4},{"damage":0,"enemies":"Large Slime","floor":14,"turns":6},{"damage":30,"enemies":"The Guardian","floor":16,"turns":20},{"damage":34,"enemies":"Spheric Guardian","floor":18,"turns":13},{"damage":4,"enemies":"2 Thieves","floor":21,"turns":6},{"damage":0,"enemies":"Snake Plant","floor":22,"turns":10},{"damage":0,"enemies":"Shelled Parasite and Fungi","floor":24,"turns":5},{"damage":36,"enemies":"Centurion and Healer","floor":25,"turns":22}],"seed_played":"-9017044880201366085","potions_obtained":[{"floor":3,"key":"FearPotion"},{"floor":5,"key":"DistilledChaos"},{"floor":7,"key":"BlessingOfTheForge"},{"floor":13,"key":"Regen Potion"},{"floor":16,"key":"Strength Potion"},{"floor":18,"key":"Swift Potion"}],"is_trial":false,"path_per_floor":["M","$","M","?","M","R","E","M","T","R","$","M","M","M","R","B",null,"M","?","?","M","M","R","M","M"],"character_chosen":"KOISHI","items_purchased":["Koishi:GeneticsOfTheUnconscious"],"campfire_rested":3,"item_purchase_floors":[2],"current_hp_per_floor":[59,59,57,57,59,59,23,21,21,39,39,28,11,13,31,33,60,27,27,8,4,6,24,34,3,3],"gold":213,"neow_bonus":"THREE_CARDS","is_daily":false,"chose_seed":false,"campfire_upgraded":1,"win_rate":0.0,"timestamp":1612292626,"path_taken":["M","$","M","?","M","R","E","M","T","R","$","M","?","M","R","BOSS","M","?","?","M","M","R","?","?"],"items_purchased_type":["Card"],"build_version":"2020-12-22","purchased_purges":2,"victory":false,"max_hp_per_floor":[60,60,60,60,60,60,60,60,60,60,60,60,60,60,60,60,60,60,60,60,60,60,60,60,60,60],"card_choices":[{"not_picked":["Koishi:DNAsFlaw","Koishi:UnansweredLove"],"picked":"Koishi:SubterraneanRose","floor":0},{"not_picked":["Koishi:BloodcurdlingScream","Koishi:Jaunt"],"picked":"Koishi:UnansweredLove","floor":1},{"not_picked":["Koishi:GeneticsOfTheUnconscious","Koishi:SprinkleStarAndHeart"],"picked":"Koishi:UnconsciousUprising","floor":3},{"not_picked":["Koishi:HeartfeltFancy","Koishi:PhantomStrike"],"picked":"Koishi:SubterraneanRose","floor":5},{"not_picked":["Koishi:JumpScare","Koishi:FreudianInstinct"],"picked":"Koishi:ConfinedInnocent","floor":7},{"not_picked":["Koishi:ReflexRadar","Koishi:StrangeCloudFist"],"picked":"Koishi:PhantomBarrier","floor":8},{"not_picked":["Koishi:Catatonia","Koishi:CatchAndRose"],"picked":"Koishi:Prune","floor":12},{"not_picked":["Koishi:EmbryosDream","Koishi:BloodcurdlingScream"],"picked":"Koishi:PhilosophyOfTheDespised","floor":13},{"not_picked":["Koishi:ReflexRadar","Koishi:ParalyzingFear"],"picked":"Koishi:DNAsFlaw","floor":14},{"not_picked":["Koishi:RuptureMind","Koishi:MindStellarRelief"],"picked":"Koishi:PerfectMindControl","floor":16},{"not_picked":["Koishi:SubterraneanRose","Koishi:UnconsciousUprising"],"picked":"Koishi:HeartfeltFancy+1","floor":18},{"not_picked":["Koishi:HeartfeltFancy","Koishi:StrangeCloudFist"],"picked":"Koishi:SprinkleStarAndHeart+1","floor":21},{"not_picked":["Koishi:SpiritedAway","Koishi:HeartfeltFancy"],"picked":"Koishi:ReflexRadar+1","floor":22},{"not_picked":["Koishi:PhantomStrike","Koishi:ParalyzingFear"],"picked":"Koishi:GeneticsOfTheUnconscious+1","floor":24}],"player_experience":921797,"relics_obtained":[{"floor":7,"key":"Lantern"},{"floor":9,"key":"Toy Ornithopter"}],"event_choices":[{"damage_healed":0,"gold_gain":0,"player_choice":"Upgraded","damage_taken":0,"max_hp_gain":0,"max_hp_loss":0,"event_name":"Upgrade Shrine","floor":4,"gold_loss":0,"cards_upgraded":["Koishi:UnconsciousUprising"]},{"damage_healed":0,"gold_gain":0,"cards_transformed":["Koishi:BasicStrike","Koishi:BasicStrike"],"player_choice":"Became Test Subject","damage_taken":0,"max_hp_gain":0,"max_hp_loss":0,"event_name":"Drug Dealer","floor":19,"gold_loss":0,"cards_obtained":["Koishi:MassHysteria","Koishi:FormlessExistence"]},{"damage_healed":0,"gold_gain":0,"player_choice":"CARD CARD ","damage_taken":19,"max_hp_gain":0,"max_hp_loss":0,"event_name":"Knowing Skull","floor":20,"potions_obtained":[],"gold_loss":0,"cards_obtained":["Dramatic Entrance","Dark Shackles"]}],"is_beta":false,"boss_relics":[{"not_picked":["Coffee Dripper","Velvet Choker","Snecko Eye"]}],"items_purged_floors":[2,11],"is_endless":false,"potions_floor_spawned":[3,5,7,13,16,18],"killed_by":"Centurion and Healer","ascension_level":0}}