{"host":"5sge6gv1nm0vflk2","time":1612261110,"event":{"mods":["AchievementEnabler","Aspiration","Bard","BaseMod","Beaked The Cultist","Better Third Choice","BetterRewards","Challenge The Spire","Colored Powertips","Conspire","Curses Come First","Downfall","Halation","Hubris","Infinite Spire","Minty Spire (QoL Compilation)","Relic Stats","Shade Mod","Shop Mod","Spicy Shops","StSLib","The Construct","The Cursed","The Disciple","The Hierophant","The Runesmith","The Servant 0.9.4"],"gold_per_floor":[111,121,121,121,138,138,173,173,218,241,267,13,23,23,23,122,122,137,160,160,173,173,12,12,12,37,52,52,84,95,107,107,210,210,220,232,332,332,242,267,267,280,356,356,356,388,388,388],"floor_reached":47,"language":"ENG","playtime":7795,"items_purged":["Strike_S","Shame"],"score":684,"play_id":"2eec38c7-16ad-44ab-a5d0-021087872f65","local_time":"20210202041830","daily_mods":["Heirloom"],"is_ascension_mode":false,"campfire_choices":[{"data":"InstantArmor","floor":6,"key":"SMITH"},{"floor":8,"key":"REST"},{"floor":15,"key":"REST"},{"floor":24,"key":"REST"},{"floor":28,"key":"REST"},{"data":"MurderousAura","floor":32,"key":"SMITH"},{"data":"FlawlessForm","floor":41,"key":"SMITH"}],"circlet_count":0,"master_deck":["Strike_S","Strike_S","Defend_S","Defend_S","Defend_S","Defend_S+1","KidneyShot","Exchange","Rearm","Orbit","BottledTime","Manipulate","InstantArmor+1","BottledTime","TimeTheft","TimeWarp","Revamp","KillingDoll","SoulSculpture","DoubleEdge","Starlight","Clumsy","infinitespire:FutureSight","MurderousAura+1","Rewind+1","ShatteredReality+1","Starlight","FlawlessForm+1","TimeWarp+1","Defy","TheCursedMod:Dregs","Deny","hubris:Compulsion","Barrier","Rewind+1","hubris:Envy","Normality","CurseOfTheBell","conspire:NecroticWound","Parasite","Comet"],"relics":["SplendidAttire","hubris:SlimyHat","Centennial Puzzle","halation:AfternoonTea","Orichalcum","MerchantsRug","Art of War","Juzu Bracelet","infinitespire:Beetle Shell","Vajra","Tiny Chest","Ornamental Fan","expansioncontent:StudyCardRelic","downfall:ExtraCursedKey","Bag of Preparation","Pantograph","Calling Bell","Toy Ornithopter","hubris:DeckOfHolding","aspiration:HatOfInfinitePower","conspire:DeflatedDodgeball","infinitespire:PuzzleCube"],"acts_visited":["Exordium","TheCity","TheBeyond"],"potions_floor_usage":[7,27,35,46,46],"damage_taken":[{"damage":0,"enemies":"Small Slimes","floor":1,"turns":4},{"damage":9,"enemies":"2 Louse","floor":2,"turns":3},{"damage":0,"enemies":"Cultist","floor":5,"turns":3},{"damage":27,"enemies":"Lagavulin","floor":7,"turns":10},{"damage":27,"enemies":"3 Sentries","floor":11,"turns":8},{"damage":6,"enemies":"Exordium Thugs","floor":13,"turns":4},{"damage":10,"enemies":"Slime Boss","floor":16,"turns":9},{"damage":8,"enemies":"Spheric Guardian","floor":18,"turns":4},{"damage":21,"enemies":"2 Thieves","floor":21,"turns":3},{"damage":0,"enemies":"3 Cultists","floor":27,"turns":3},{"damage":11,"enemies":"Book of Stabbing","floor":29,"turns":3},{"damage":0,"enemies":"Centurion and Healer","floor":30,"turns":3},{"damage":0,"enemies":"Snake Plant","floor":31,"turns":3},{"damage":41,"enemies":"hubris:MusketHawk","floor":33,"turns":8},{"damage":48,"enemies":"3 Shapes","floor":35,"turns":3},{"damage":14,"enemies":"3 Darklings","floor":36,"turns":3},{"damage":0,"enemies":"Reptomancer","floor":40,"turns":3},{"damage":22,"enemies":"4 Shapes","floor":42,"turns":5},{"damage":18,"enemies":"Giant Head","floor":46,"turns":7},{"damage":78,"enemies":"Transient","floor":47,"turns":5}],"seed_played":"5081316050693142252","potions_obtained":[{"floor":5,"key":"FearPotion"},{"floor":7,"key":"SpeedPotion"},{"floor":11,"key":"Block Potion"},{"floor":21,"key":"LiquidBronze"},{"floor":27,"key":"sneckomod:MuddlingPotion"},{"floor":31,"key":"Explosive Potion"},{"floor":40,"key":"SteroidPotion"},{"floor":42,"key":"PowerPotion"}],"is_trial":true,"path_per_floor":["M","M","?","?","M","R","E","R","T","T","E","$","M","?","R","B",null,"M","T","?","M","?","$","R","?","T","M","R","E","M","M","R","B",null,"M","M","?","?","?","E","R","M","T","AVR","T","E","M"],"character_chosen":"THE_SERVANT","items_purchased":["MerchantsRug","TimeWarp","Revamp","Vajra"],"campfire_rested":4,"item_purchase_floors":[12,12,12,23],"current_hp_per_floor":[65,56,56,56,56,56,29,48,48,48,21,21,15,15,34,39,65,57,57,57,36,36,36,55,39,39,48,65,54,54,54,54,13,65,17,3,8,61,61,61,61,39,39,39,39,31,0,0],"gold":388,"neow_bonus":"","is_daily":false,"chose_seed":false,"campfire_upgraded":3,"win_rate":0.0,"timestamp":1612261110,"path_taken":["M","M","?","?","?","R","E","R","T","?","E","?","?","?","R","BOSS","M","?","?","M","?","$","R","?","T","M","R","E","M","M","R","BOSS","M","M","?","?","?","E","R","M","T","AVR","?","E","M"],"items_purchased_type":["Relic","Card","Card","Relic"],"build_version":"2020-12-22","purchased_purges":2,"victory":false,"max_hp_per_floor":[65,65,65,65,65,65,65,65,65,65,65,65,65,65,65,65,65,65,65,65,65,65,65,65,65,65,65,65,65,65,65,65,65,65,65,65,70,61,61,61,61,61,61,61,61,61,61,61],"relic_stats":{"Centennial Puzzle":[36],"counters":[20,94],"Ornamental Fan":[40],"Pantograph":0,"Tiny Chest":1,"Art of War":[8],"Juzu Bracelet":1,"Bag of Preparation":[6],"Orichalcum":[162],"obtain_stats":[{"MerchantsRug":12,"SplendidAttire":17,"Vajra":23,"infinitespire:Beetle Shell":22,"Uniform":0,"hubris:SlimyHat":7,"Juzu Bracelet":19,"expansioncontent:StudyCardRelic":34,"Bag of Preparation":40,"Orichalcum":11,"Calling Bell":44,"Centennial Puzzle":9,"Ornamental Fan":29,"Gambling Chip":0,"Pantograph":43,"Tiny Chest":26,"hubris:DeckOfHolding":44,"downfall:ExtraCursedKey":37,"Art of War":14,"halation:AfternoonTea":10,"conspire:DeflatedDodgeball":45,"aspiration:HatOfInfinitePower":44,"Toy Ornithopter":44,"infinitespire:PuzzleCube":46},{"MerchantsRug":5,"SplendidAttire":7,"Vajra":9,"infinitespire:Beetle Shell":9,"Uniform":0,"hubris:SlimyHat":4,"Juzu Bracelet":8,"expansioncontent:StudyCardRelic":14,"Bag of Preparation":17,"Orichalcum":5,"Calling Bell":18,"Centennial Puzzle":4,"Ornamental Fan":11,"Gambling Chip":0,"Pantograph":18,"Tiny Chest":9,"hubris:DeckOfHolding":18,"downfall:ExtraCursedKey":16,"Art of War":6,"halation:AfternoonTea":4,"conspire:DeflatedDodgeball":18,"aspiration:HatOfInfinitePower":18,"Toy Ornithopter":18,"infinitespire:PuzzleCube":19},{"MerchantsRug":28,"SplendidAttire":41,"Vajra":48,"infinitespire:Beetle Shell":48,"Uniform":0,"hubris:SlimyHat":20,"Juzu Bracelet":45,"expansioncontent:StudyCardRelic":68,"Bag of Preparation":77,"Orichalcum":28,"Calling Bell":82,"Centennial Puzzle":20,"Ornamental Fan":54,"Gambling Chip":0,"Pantograph":82,"Tiny Chest":48,"hubris:DeckOfHolding":82,"downfall:ExtraCursedKey":74,"Art of War":32,"halation:AfternoonTea":20,"conspire:DeflatedDodgeball":82,"aspiration:HatOfInfinitePower":82,"Toy Ornithopter":82,"infinitespire:PuzzleCube":89}],"Toy Ornithopter":10},"card_choices":[{"not_picked":["Collapse","Alleviate"],"picked":"Rearm","floor":1},{"not_picked":["Alleviate","TimeWarp"],"picked":"Orbit","floor":2},{"not_picked":["DualDimension","BottledTime"],"picked":"InstantArmor","floor":5},{"not_picked":["Rearm","Orbit"],"picked":"BottledTime","floor":7},{"not_picked":["BottledTime","Alleviate"],"picked":"TimeTheft","floor":11},{"not_picked":["Reset","Unruled"],"picked":"KillingDoll","floor":13},{"not_picked":["Solidify","ForgedInTime"],"picked":"SoulSculpture","floor":16},{"not_picked":["Spin","Collapse+1"],"picked":"DoubleEdge","floor":18},{"not_picked":["Spin+1","DoubleEdge"],"picked":"Starlight","floor":21},{"not_picked":["infinitespire:Punishment","infinitespire:TheBestDefense"],"picked":"infinitespire:FutureSight","floor":25},{"not_picked":["Read+1","Snipe"],"picked":"MurderousAura","floor":27},{"not_picked":["Comet","Starlight"],"picked":"Rewind+1","floor":29},{"not_picked":["Revamp","Collapse"],"picked":"ShatteredReality+1","floor":30},{"not_picked":["Gouge","Orbit"],"picked":"Starlight","floor":31},{"not_picked":["TheWorld","Sunlight"],"picked":"FlawlessForm","floor":33},{"not_picked":["ShatteredReality","Manipulate+1"],"picked":"TimeWarp+1","floor":35},{"not_picked":["PendulumOfEternity","DoubleEdge"],"picked":"Defy","floor":36},{"not_picked":["DoubleEdge","Defy+1"],"picked":"Barrier","floor":40},{"not_picked":["BottledTime","FanOfKnives+1"],"picked":"Rewind+1","floor":42},{"not_picked":["Deadline","TrueSight"],"picked":"Comet","floor":46}],"player_experience":468408,"relics_obtained":[{"floor":7,"key":"hubris:SlimyHat"},{"floor":9,"key":"Centennial Puzzle"},{"floor":10,"key":"halation:AfternoonTea"},{"floor":11,"key":"Orichalcum"},{"floor":19,"key":"Juzu Bracelet"},{"floor":26,"key":"Tiny Chest"},{"floor":29,"key":"Ornamental Fan"},{"floor":40,"key":"Bag of Preparation"},{"floor":43,"key":"Pantograph"},{"floor":44,"key":"Toy Ornithopter"},{"floor":44,"key":"hubris:DeckOfHolding"},{"floor":44,"key":"aspiration:HatOfInfinitePower"},{"floor":45,"key":"conspire:DeflatedDodgeball"},{"floor":46,"key":"infinitespire:PuzzleCube"}],"event_choices":[{"damage_healed":0,"gold_gain":0,"cards_transformed":["Strike_S"],"player_choice":"Transformed","damage_taken":0,"max_hp_gain":0,"max_hp_loss":0,"event_name":"Transmorgrifier","floor":4,"gold_loss":0,"cards_obtained":["Manipulate"]},{"damage_healed":0,"gold_gain":0,"player_choice":"Gave Potion","damage_taken":0,"relics_obtained":["Art of War"],"max_hp_gain":0,"max_hp_loss":0,"event_name":"WeMeetAgain","floor":14,"gold_loss":0},{"damage_healed":0,"gold_gain":0,"player_choice":"Ignored","damage_taken":0,"max_hp_gain":0,"max_hp_loss":0,"event_name":"Vampires","floor":20,"gold_loss":0},{"damage_healed":0,"gold_gain":0,"player_choice":"Stole Relic","damage_taken":0,"relics_obtained":["infinitespire:Beetle Shell"],"max_hp_gain":0,"max_hp_loss":0,"event_name":"Addict","floor":22,"gold_loss":0,"cards_obtained":["Shame"]},{"damage_healed":61,"gold_gain":0,"player_choice":"Heal","damage_taken":0,"max_hp_gain":0,"max_hp_loss":9,"event_name":"The Moai Head","floor":38,"gold_loss":0},{"cards_removed":["hubris:Gluttony"],"damage_healed":0,"gold_gain":0,"player_choice":"Upgrade and Remove","damage_taken":0,"max_hp_gain":0,"max_hp_loss":0,"event_name":"Designer","floor":39,"gold_loss":90,"cards_upgraded":["Defend_S"]}],"is_beta":false,"boss_relics":[{"not_picked":["Velvet Choker","Sozu"],"picked":"SplendidAttire"},{"not_picked":["halation:Risk","hubris:GrandSneckoEye"],"picked":"expansioncontent:StudyCardRelic"}],"items_purged_floors":[12,23],"is_endless":false,"potions_floor_spawned":[5,7,11,21,27,31,40,42],"killed_by":"Transient","ascension_level":0}}