{"host":"ks0rgj8xgppw8yky","time":1612280945,"event":{"mods":["BaseMod","Better Match","Better Note","Better Sensory Stone","Colored Powertips","Conspire","Downfall","Glutton Mod","GungeonMod","Hubris","Jorbs\u0027s Wanderer Trilogy","Marisa????????","Melee Mod","Minty Spire (QoL Compilation)","Remilia??????","StSLib","The Bug Knight","The Cursed","The Druid","The Forsaken","The Jungle","The Servant 0.9.4"],"gold_per_floor":[15,31,31,47,47,47,70,88,113,144,160,91,110,110,110,110,110],"floor_reached":16,"language":"ENG","playtime":903,"items_purged":[],"score":104,"play_id":"cabd6827-70ad-463c-b533-9b597be96b18","local_time":"20210202104905","is_ascension_mode":false,"campfire_choices":[{"data":"hubris:Sniper","floor":6,"key":"SMITH"},{"floor":15,"key":"REST"}],"circlet_count":0,"master_deck":["Strike_G","Strike_G","Strike_G","Defend_G","Defend_G","Defend_G","Defend_G","Defend_G","Survivor","Neutralize","Reflex","hubris:Sniper+1","Dagger Spray","Blade Dance","Dagger Spray","Outmaneuver","Caltrops","Backflip","Deflect","Infinite Blades","All Out Attack"],"relics":["Ring of the Snake","Golden Idol","DemoMod:Metronome"],"acts_visited":["Exordium"],"potions_floor_usage":[16,16],"damage_taken":[{"damage":0,"enemies":"Small Slimes","floor":1,"turns":5},{"damage":0,"enemies":"Jaw Worm","floor":2,"turns":5},{"damage":0,"enemies":"Cultist","floor":4,"turns":4},{"damage":0,"enemies":"Blue Slaver","floor":7,"turns":4},{"damage":0,"enemies":"Lots of Slimes","floor":8,"turns":2},{"damage":30,"enemies":"Lagavulin","floor":10,"turns":8},{"damage":13,"enemies":"3 Louse","floor":11,"turns":3},{"damage":6,"enemies":"Blue Slaver","floor":13,"turns":5},{"damage":33,"enemies":"Slime Boss","floor":16,"turns":5}],"seed_played":"-9197317240731304716","potions_obtained":[{"floor":1,"key":"SpeedPotion"},{"floor":2,"key":"SpeedPotion"},{"floor":10,"key":"BlessingOfTheForge"},{"floor":14,"key":"Explosive Potion"},{"floor":14,"key":"Dexterity Potion"}],"is_trial":false,"path_per_floor":["M","M","?","M","?","R","M","M","T","E","M","$","M","?","R","B"],"character_chosen":"THE_SILENT","items_purchased":["Infinite Blades"],"campfire_rested":1,"item_purchase_floors":[12],"current_hp_per_floor":[70,70,53,53,58,58,58,58,58,28,15,15,9,9,31,0,0],"gold":110,"neow_bonus":"TRANSFORM_TWO_CARDS","is_daily":false,"chose_seed":false,"campfire_upgraded":1,"win_rate":0.0,"timestamp":1612280945,"path_taken":["M","M","?","M","?","R","M","?","T","E","M","$","M","?","R","BOSS"],"items_purchased_type":["Card"],"build_version":"2020-12-22","purchased_purges":0,"victory":false,"max_hp_per_floor":[70,70,70,70,75,75,75,75,75,75,75,75,75,75,75,75,75],"card_choices":[{"not_picked":["Calculated Gamble","Prepared"],"picked":"Dagger Spray","floor":1},{"not_picked":["Cloak And Dagger","Acrobatics"],"picked":"Blade Dance","floor":2},{"not_picked":["Expertise","Backstab"],"picked":"Dagger Spray","floor":4},{"not_picked":["Flechettes","Wraith Form v2"],"picked":"Outmaneuver","floor":7},{"not_picked":["Deadly Poison","Skewer"],"picked":"Caltrops","floor":8},{"not_picked":["Calculated Gamble","Dagger Spray"],"picked":"Backflip","floor":10},{"not_picked":["Outmaneuver","Flying Knee"],"picked":"Deflect","floor":11},{"not_picked":["Blade Dance","Poisoned Stab"],"picked":"All Out Attack","floor":13}],"player_experience":1054821,"relics_obtained":[{"floor":10,"key":"DemoMod:Metronome"}],"event_choices":[{"damage_healed":0,"gold_gain":0,"player_choice":"Take Damage","damage_taken":17,"relics_obtained":["Golden Idol"],"max_hp_gain":0,"max_hp_loss":0,"event_name":"Golden Idol","floor":3,"gold_loss":0},{"damage_healed":0,"gold_gain":0,"player_choice":"Donut","damage_taken":0,"max_hp_gain":5,"max_hp_loss":0,"event_name":"Big Fish","floor":5,"gold_loss":0},{"damage_healed":0,"gold_gain":0,"player_choice":"Got Potions","damage_taken":0,"max_hp_gain":0,"max_hp_loss":0,"event_name":"Lab","floor":14,"gold_loss":0}],"is_beta":false,"boss_relics":[],"items_purged_floors":[],"is_endless":false,"potions_floor_spawned":[1,2,10,11],"killed_by":"Slime Boss","ascension_level":0}}