{"host":"gqhy17d1xpb1p3ki","time":1612292278,"event":{"mods":["2.2 Compatiblity","AchievementEnabler","BaseMod","Bestiary","BetterRewards","Colored Map","Colored Powertips","Conspire","Curses Come First","Custom Start","DeckTracker","Downfall","Duelist Mod","Hermit","Highlight Path","Hubris","Infinite Spire","Marisa????????","Minty Spire (QoL Compilation)","Quick Restart","Rare Cards Sparkle","Relic Stats","Remilia??????","Robot Space Explorer","Shop Mod","StSLib","Td1madao Mod","The Animator","The Bug Knight","The Cursed","The Disciple","The Hierophant","The Jungle","The Marked","The Mystic","The Necromancer","The Runesmith","The Senshi","The Servant 0.9.4","The Witch","TheBandit","WarShipGirlsR/????R mod","Yuri Mod"],"gold_per_floor":[99,99,112,112,122,122,122,154,165,196,196,206,206,224,345,350,350],"floor_reached":16,"language":"ENG","playtime":1321,"items_purged":[],"score":112,"play_id":"f651db46-3cf9-4ecd-b2e4-a06c09fbaf55","local_time":"20210202135758","is_ascension_mode":false,"campfire_choices":[{"data":"hermit:Gestalt","floor":1,"key":"SMITH"},{"floor":11,"key":"REST"},{"data":"hermit:Cheat","floor":13,"key":"SMITH"}],"circlet_count":0,"master_deck":["hermit:Strike_Hermit+1","hermit:Strike_Hermit","hermit:Defend_Hermit","hermit:Defend_Hermit+1","hermit:Defend_Hermit+1","hermit:Defend_Hermit","hermit:Snapshot","hermit:Covet","downfall:Icky","hermit:Gestalt+1","hermit:TakeAim","downfall:Malfunctioning","hubris:DuctTapeCard","hermit:Cheat+1","hermit:Deadeye","hermit:Scavenge","hermit:ShadowCloak","hermit:FlashPowder","hermit:SprayPray"],"relics":["hermit:Momento","hubris:Icosahedron","Potion Belt","hubris:DuctTape","Vajra"],"acts_visited":["Exordium"],"potions_floor_usage":[],"damage_taken":[{"damage":1,"enemies":"2 Louse","floor":3,"turns":4},{"damage":6,"enemies":"Jaw Worm","floor":5,"turns":5},{"damage":7,"enemies":"Lagavulin","floor":8,"turns":10},{"damage":2,"enemies":"Cultist","floor":9,"turns":6},{"damage":48,"enemies":"Gremlin Nob","floor":10,"turns":7},{"damage":2,"enemies":"2 Fungi Beasts","floor":12,"turns":4},{"damage":13,"enemies":"Exordium Thugs","floor":14,"turns":7},{"damage":1,"enemies":"Blue Slaver","floor":15,"turns":5},{"damage":85,"enemies":"DF_ARCHETYPE_STREAMLINE","floor":16,"turns":14}],"seed_played":"-5243416416327568366","potions_obtained":[{"floor":3,"key":"Swift Potion"},{"floor":4,"key":"infinitespire:BlackPotion"},{"floor":4,"key":"EssenceOfSteel"},{"floor":9,"key":"Regen Potion"},{"floor":10,"key":"LiquidBronze"}],"is_trial":false,"path_per_floor":["R","?","M","?","M","?","T","E","M","E","R","M","R","M","M","B"],"character_chosen":"HERMIT","items_purchased":[],"campfire_rested":1,"item_purchase_floors":[],"current_hp_per_floor":[75,75,74,74,68,68,68,61,59,11,33,31,31,75,74,0,0],"gold":350,"neow_bonus":"TRANSFORM_TWO_CARDS","is_daily":false,"chose_seed":false,"campfire_upgraded":2,"win_rate":0.0,"timestamp":1612292278,"path_taken":["R","?","M","?","?","?","T","E","M","E","R","M","R","M","M","BOSS"],"items_purchased_type":[],"build_version":"2020-12-22","purchased_purges":0,"victory":false,"max_hp_per_floor":[75,75,75,75,75,75,75,75,75,75,75,75,75,75,75,75,75],"relic_stats":{"counters":[9,62],"obtain_stats":[{"Potion Belt":7,"hubris:Icosahedron":6,"hubris:DuctTape":8,"Vajra":10,"hermit:Momento":0},{"Potion Belt":2,"hubris:Icosahedron":2,"hubris:DuctTape":3,"Vajra":5,"hermit:Momento":0},{"Potion Belt":9,"hubris:Icosahedron":9,"hubris:DuctTape":19,"Vajra":32,"hermit:Momento":0}]},"card_choices":[{"not_picked":["hermit:Scavenge","hermit:ItchyTrigger"],"picked":"hermit:Vantage","floor":3},{"not_picked":["hermit:Snipe","hermit:SprayPray"],"picked":"hermit:Feint","floor":5},{"not_picked":["hermit:Grudge","hermit:Adapt"],"picked":"hermit:Cheat","floor":8},{"not_picked":["hermit:CalledShot","hermit:Headshot"],"picked":"hermit:Deadeye","floor":9},{"not_picked":["hermit:Coalescence","hermit:Combo"],"picked":"hermit:Scavenge","floor":10},{"not_picked":["hermit:Coalescence","hermit:Vantage"],"picked":"hermit:ShadowCloak","floor":12},{"not_picked":["hermit:Feint","hermit:Combo"],"picked":"hermit:FlashPowder","floor":14},{"not_picked":["hermit:TakeCover","hermit:Coalescence"],"picked":"hermit:SprayPray","floor":15}],"player_experience":487986,"relics_obtained":[{"floor":7,"key":"Potion Belt"},{"floor":8,"key":"hubris:DuctTape"},{"floor":10,"key":"Vajra"}],"event_choices":[{"damage_healed":0,"gold_gain":0,"player_choice":"Got Potions","damage_taken":0,"max_hp_gain":0,"max_hp_loss":0,"event_name":"Lab","floor":4,"gold_loss":0}],"is_beta":false,"boss_relics":[],"items_purged_floors":[],"is_endless":false,"potions_floor_spawned":[3,9,10,14],"killed_by":"DF_ARCHETYPE_STREAMLINE","ascension_level":0}}