{"host":"gaqyve1328ta0etl","time":1612257299,"event":{"mods":["BaseMod","Colored Map","Colored Powertips","Googly Eyes","Minty Spire (QoL Compilation)","Shop Mod","StSLib","SuperFastMode","The Hierophant","The Runesmith"],"gold_per_floor":[118,118,138,63,77,77,105,105,105,105,119,19,19,46,46,46,46],"floor_reached":16,"language":"ENG","playtime":816,"items_purged":["Strike_R","Strike_R"],"score":173,"play_id":"6943cdc2-2ab6-4dad-a644-1a0d47d39c15","local_time":"20210202011459","is_ascension_mode":true,"campfire_choices":[{"data":"Pommel Strike","floor":6,"key":"SMITH"},{"floor":13,"key":"REST"},{"floor":15,"key":"REST"}],"circlet_count":0,"master_deck":["AscendersBane","Strike_R","Strike_R","Strike_R","Defend_R","Defend_R","Defend_R","Defend_R","Bash","Pommel Strike+1","Carnage","Battle Trance","Cleave","Reaper"],"relics":["Burning Blood","NlothsMask","Kunai","Potion Belt","The Courier"],"acts_visited":["Exordium"],"potions_floor_usage":[14,14],"damage_taken":[{"damage":7,"enemies":"Jaw Worm","floor":1,"turns":3},{"damage":6,"enemies":"Cultist","floor":3,"turns":4},{"damage":6,"enemies":"2 Louse","floor":5,"turns":2},{"damage":40,"enemies":"3 Sentries","floor":7,"turns":9},{"damage":11,"enemies":"Blue Slaver","floor":11,"turns":3},{"damage":28,"enemies":"Lagavulin","floor":14,"turns":5},{"damage":57,"enemies":"The Guardian","floor":16,"turns":10}],"seed_played":"5173839659581581272","potions_obtained":[{"floor":1,"key":"SmokeBomb"},{"floor":7,"key":"Energy Potion"},{"floor":11,"key":"Swift Potion"},{"floor":14,"key":"CultistPotion"}],"is_trial":false,"path_per_floor":["M","?","M","$","M","R","E","?","T","?","M","$","R","E","R","B"],"character_chosen":"IRONCLAD","items_purchased":[],"campfire_rested":2,"item_purchase_floors":[],"current_hp_per_floor":[79,79,79,79,79,79,45,27,27,27,22,22,48,26,52,0,0],"gold":46,"neow_bonus":"TEN_PERCENT_HP_BONUS","is_daily":false,"chose_seed":false,"campfire_upgraded":1,"win_rate":0.0,"timestamp":1612257299,"path_taken":["M","?","?","$","M","R","E","?","T","?","M","?","R","E","R","BOSS"],"items_purchased_type":[],"build_version":"2020-12-22","purchased_purges":2,"victory":false,"max_hp_per_floor":[88,88,88,88,88,88,88,88,88,88,88,88,88,88,88,88,88],"card_choices":[{"not_picked":["Dual Wield","Bloodletting"],"picked":"Pommel Strike","floor":1},{"not_picked":["Headbutt","Flex"],"picked":"Carnage","floor":3},{"not_picked":["Clash","Blood for Blood"],"picked":"Battle Trance","floor":5},{"not_picked":["Anger","Seeing Red"],"picked":"Cleave","floor":7},{"not_picked":["Perfected Strike","Searing Blow","Heavy Blade"],"picked":"SKIP","floor":11},{"not_picked":["Dual Wield","Warcry"],"picked":"Reaper","floor":14}],"player_experience":2073978,"relics_obtained":[{"floor":7,"key":"Kunai"},{"floor":14,"key":"The Courier"}],"event_choices":[{"damage_healed":0,"gold_gain":0,"player_choice":"Trade","damage_taken":0,"relics_obtained":["NlothsMask"],"max_hp_gain":0,"max_hp_loss":0,"event_name":"FaceTrader","floor":2,"gold_loss":0},{"damage_healed":0,"gold_gain":0,"player_choice":"Success","damage_taken":18,"relics_obtained":["Potion Belt"],"max_hp_gain":0,"max_hp_loss":0,"event_name":"Scrap Ooze","floor":8,"gold_loss":0},{"damage_healed":0,"gold_gain":0,"player_choice":"Ignored","damage_taken":0,"max_hp_gain":0,"max_hp_loss":0,"event_name":"Liars Game","floor":10,"gold_loss":0}],"is_beta":false,"boss_relics":[],"items_purged_floors":[4,12],"is_endless":false,"potions_floor_spawned":[1,7,11,14],"killed_by":"The Guardian","ascension_level":12}}