{"host":"gnfs9pc52tj5b2xa","time":1612239872,"event":{"mods":["BaseMod","Minty Spire (QoL Compilation)","Relic Sorter","Relic Stats","Slay the Relics Exporter","ojb\u0027s Better Paths Mod","ojb\u0027s Info Mod"],"gold_per_floor":[112,128,147,147,201,213,248,248,248,262,294,42,42,74,74,151,151,165,177,207,219,219,252,252,284,284,303,403,432,273,293,293,367,367,383,383,396,415,430,457,457,488,488,488,513,531,172,202,202,202,202,202,202,37,70,70],"floor_reached":57,"language":"ENG","playtime":8022,"items_purged":["Strike_B","Strike_B"],"score":3444,"play_id":"f655257c-81cb-4830-ae67-f6e51d9f92c4","local_time":"20210201202432","is_ascension_mode":true,"campfire_choices":[{"data":"Barrage","floor":8.0,"key":"SMITH"},{"data":"Defragment","floor":13.0,"key":"SMITH"},{"data":"Reinforced Body","floor":15.0,"key":"SMITH"},{"data":"Biased Cognition","floor":24.0,"key":"SMITH"},{"data":"Defragment","floor":32.0,"key":"SMITH"},{"data":"Loop","floor":41,"key":"SMITH"},{"data":"Coolheaded","floor":44,"key":"SMITH"},{"floor":49,"key":"RECALL"},{"data":"Capacitor","floor":53,"key":"SMITH"}],"circlet_count":0,"master_deck":["AscendersBane","Strike_B","Defend_B","Defend_B","Defend_B","Zap","Dualcast","Beam Cell","Reinforced Body+1","Tempest","Barrage+1","Cold Snap","Ball Lightning","FTL","Glacier","Defragment+1","Electrodynamics","Hologram+1","Biased Cognition+1","Compile Driver","Loop+1","Defragment+1","BootSequence","Coolheaded+1","Cold Snap+1","Compile Driver","Chill","Skim","Capacitor+1","Rainbow"],"relics":["Cracked Core","Vajra","Orichalcum","StrikeDummy","Potion Belt","Runic Capacitor","Dead Branch","Coffee Dripper","Red Mask","CultistMask","Eternal Feather","Omamori","Symbiotic Virus","Lizard Tail","Darkstone Periapt","Anchor","Cursed Key","Ancient Tea Set","HornCleat","Pocketwatch","Orrery","Bottled Lightning","Centennial Puzzle","Happy Flower"],"acts_visited":["Exordium","TheCity","TheBeyond","TheEnding"],"potions_floor_usage":[38,56,56,56],"damage_taken":[{"damage":4.0,"enemies":"2 Louse","floor":1.0,"turns":2.0},{"damage":0.0,"enemies":"Cultist","floor":2.0,"turns":3.0},{"damage":10.0,"enemies":"Small Slimes","floor":3.0,"turns":2.0},{"damage":0.0,"enemies":"Gremlin Gang","floor":5.0,"turns":4.0},{"damage":6.0,"enemies":"Looter","floor":6.0,"turns":3.0},{"damage":17.0,"enemies":"3 Sentries","floor":7.0,"turns":7.0},{"damage":0.0,"enemies":"3 Louse","floor":10.0,"turns":2.0},{"damage":2.0,"enemies":"Gremlin Nob","floor":11.0,"turns":3.0},{"damage":2.0,"enemies":"Lagavulin","floor":14.0,"turns":8.0},{"damage":2.0,"enemies":"Hexaghost","floor":16.0,"turns":6.0},{"damage":24.0,"enemies":"Shell Parasite","floor":18.0,"turns":4.0},{"damage":0.0,"enemies":"3 Byrds","floor":19.0,"turns":2.0},{"damage":16.0,"enemies":"Masked Bandits","floor":20.0,"turns":3.0},{"damage":5.0,"enemies":"Snecko","floor":21.0,"turns":4.0},{"damage":9.0,"enemies":"Gremlin Leader","floor":23.0,"turns":4.0},{"damage":0.0,"enemies":"Slavers","floor":25.0,"turns":3.0},{"damage":8.0,"enemies":"Centurion and Healer","floor":27.0,"turns":4.0},{"damage":1.0,"enemies":"Colosseum Slavers","floor":28.0,"turns":3.0},{"damage":0.0,"enemies":"Colosseum Nobs","floor":28.0,"turns":4.0},{"damage":0.0,"enemies":"Gremlin Leader","floor":29.0,"turns":6.0},{"damage":0.0,"enemies":"3 Cultists","floor":31.0,"turns":3.0},{"damage":0.0,"enemies":"Collector","floor":33.0,"turns":6.0},{"damage":16.0,"enemies":"3 Darklings","floor":35.0,"turns":4.0},{"damage":0,"enemies":"Orb Walker","floor":37,"turns":3},{"damage":0,"enemies":"Jaw Worm Horde","floor":38,"turns":3},{"damage":0,"enemies":"4 Shapes","floor":39,"turns":4},{"damage":0,"enemies":"Nemesis","floor":40,"turns":5},{"damage":0,"enemies":"Reptomancer","floor":42,"turns":5},{"damage":0,"enemies":"Mind Bloom Boss Battle","floor":45,"turns":3},{"damage":0,"enemies":"Maw","floor":46,"turns":6},{"damage":1,"enemies":"Giant Head","floor":48,"turns":7},{"damage":0,"enemies":"Time Eater","floor":50,"turns":7},{"damage":0,"enemies":"Donu and Deca","floor":51,"turns":9},{"damage":0,"enemies":"Shield and Spear","floor":55,"turns":7},{"damage":53,"enemies":"The Heart","floor":56,"turns":10}],"seed_played":"-7790298890988222215","potions_obtained":[{"floor":1.0,"key":"ColorlessPotion"},{"floor":3.0,"key":"PowerPotion"},{"floor":6.0,"key":"ColorlessPotion"},{"floor":11.0,"key":"Dexterity Potion"},{"floor":14.0,"key":"CultistPotion"},{"floor":16.0,"key":"FearPotion"},{"floor":18.0,"key":"Fruit Juice"},{"floor":23.0,"key":"DistilledChaos"},{"floor":28.0,"key":"DistilledChaos"},{"floor":33.0,"key":"SteroidPotion"},{"floor":35.0,"key":"DistilledChaos"},{"floor":39,"key":"SmokeBomb"},{"floor":40,"key":"Energy Potion"},{"floor":48,"key":"LiquidMemories"}],"is_trial":false,"path_per_floor":["M","M","M","?","M","M","E","R","T","M","E","$","R","E","R","B",null,"M","M","?","M","?","E","R","E","T","M","?","E","$","M","R","B",null,"M","?","M","M","M","E","R","E","T","R","?","M","$","E","R","B","B",null,"R","$","E","B",null],"character_chosen":"DEFECT","items_purchased":["Runic Capacitor","Defragment","Defragment","Capacitor","Orrery","Centennial Puzzle"],"campfire_rested":0,"item_purchase_floors":[12,12,30,47,47,54],"current_hp_per_floor":[60,60,50,50,50,44,27,27,27,27,25,25,25,23,23,21,59,35,35,19,14,14,5,17,17,17,14,13,13,13,13,28,28,64,48,48,48,48,48,48,63,63,63,76,76,76,76,75,76,76,76,76,76,76,76,23],"gold":70,"neow_bonus":"RANDOM_COMMON_RELIC","is_daily":false,"chose_seed":false,"campfire_upgraded":8,"win_rate":0.0,"timestamp":1612239872,"path_taken":["M","M","M","?","M","?","E","R","T","M","E","?","R","E","R","BOSS","M","M","?","M","?","E","R","E","T","?","?","E","$","M","R","BOSS","M","?","M","M","M","E","R","E","T","R","?","M","$","E","R","BOSS","BOSS","R","$","E","BOSS"],"items_purchased_type":["Relic","Card","Card","Card","Relic","Relic"],"build_version":"2020-12-22","purchased_purges":2,"victory":true,"max_hp_per_floor":[71,71,71,71,71,71,71,71,71,71,71,71,71,71,71,71,71,71,71,71,71,71,71,71,71,71,76,76,76,76,76,76,76,76,76,76,76,76,76,76,76,76,76,76,76,76,76,76,76,76,76,76,76,76,76,76],"relic_stats":{"Darkstone Periapt":0,"Lizard Tail":0,"Centennial Puzzle":[3],"Happy Flower":[3],"counters":[35,158],"Dead Branch":[77],"Eternal Feather":56,"Orichalcum":[246],"Cursed Key":1,"obtain_stats":[{"Potion Belt":11,"Darkstone Periapt":28,"Happy Flower":55,"Dead Branch":14,"Vajra":0,"Eternal Feather":23,"Runic Capacitor":12,"Omamori":25,"Orichalcum":7,"Cursed Key":34,"Ancient Tea Set":40,"Lizard Tail":28,"Anchor":29,"Centennial Puzzle":54,"HornCleat":42,"Orrery":47,"CultistMask":22,"Coffee Dripper":17,"Red Mask":20,"Bottled Lightning":48,"Cracked Core":0,"StrikeDummy":9,"Symbiotic Virus":26,"Pocketwatch":45},{"Potion Belt":8,"Darkstone Periapt":19,"Happy Flower":34,"Dead Branch":9,"Vajra":0,"Eternal Feather":15,"Runic Capacitor":8,"Omamori":16,"Orichalcum":6,"Cursed Key":22,"Ancient Tea Set":27,"Lizard Tail":19,"Anchor":20,"Centennial Puzzle":33,"HornCleat":28,"Orrery":30,"CultistMask":14,"Coffee Dripper":10,"Red Mask":13,"Bottled Lightning":31,"Cracked Core":0,"StrikeDummy":6,"Symbiotic Virus":16,"Pocketwatch":29},{"Potion Belt":26,"Darkstone Periapt":71,"Happy Flower":148,"Dead Branch":34,"Vajra":0,"Eternal Feather":57,"Runic Capacitor":26,"Omamori":60,"Orichalcum":21,"Cursed Key":86,"Ancient Tea Set":105,"Lizard Tail":71,"Anchor":77,"Centennial Puzzle":141,"HornCleat":110,"Orrery":118,"CultistMask":53,"Coffee Dripper":40,"Red Mask":49,"Bottled Lightning":125,"Cracked Core":0,"StrikeDummy":21,"Symbiotic Virus":60,"Pocketwatch":113}],"Pocketwatch":[27]},"card_choices":[{"not_picked":["Reprogram","Stack","Hologram"],"picked":"SKIP","floor":1.0},{"not_picked":["Fusion","Chill"],"picked":"Beam Cell","floor":2.0},{"not_picked":["Storm","Gash"],"picked":"Reinforced Body","floor":3.0},{"not_picked":["Go for the Eyes","Sweeping Beam"],"picked":"Barrage","floor":5.0},{"not_picked":["Heatsinks","Tempest"],"picked":"Cold Snap","floor":6.0},{"not_picked":["Scrape","Turbo"],"picked":"Ball Lightning","floor":7.0},{"not_picked":["Skim","Conserve Battery"],"picked":"FTL","floor":10.0},{"not_picked":["Force Field","Gash"],"picked":"Glacier","floor":11.0},{"not_picked":["Force Field","Cold Snap","Turbo"],"picked":"SKIP","floor":14.0},{"not_picked":["Fission","Core Surge"],"picked":"Electrodynamics","floor":16.0},{"not_picked":["Gash","Leap"],"picked":"Hologram+1","floor":18.0},{"not_picked":["Sweeping Beam","Coolheaded","Gash"],"picked":"SKIP","floor":19.0},{"not_picked":["Rip and Tear","Darkness+1","Steam"],"picked":"SKIP","floor":21.0},{"not_picked":["Rip and Tear","Darkness+1","Steam"],"picked":"SKIP","floor":21.0},{"not_picked":["Coolheaded","Doom and Gloom"],"picked":"Biased Cognition","floor":23.0},{"not_picked":["Rainbow","Go for the Eyes","Force Field"],"picked":"SKIP","floor":25.0},{"not_picked":["Aggregate","Redo"],"picked":"Compile Driver","floor":27.0},{"not_picked":["Force Field","Beam Cell"],"picked":"Loop","floor":29.0},{"not_picked":["Coolheaded","Go for the Eyes"],"picked":"BootSequence","floor":31.0},{"not_picked":["Rebound","Beam Cell"],"picked":"Coolheaded","floor":35.0},{"not_picked":["Steam","Self Repair"],"picked":"Cold Snap+1","floor":37},{"not_picked":["Static Discharge","Machine Learning"],"picked":"Compile Driver","floor":38},{"not_picked":["Barrage","Cold Snap"],"picked":"Chill","floor":39},{"not_picked":["Cold Snap+1","White Noise","Sweeping Beam"],"picked":"SKIP","floor":40},{"not_picked":["Go for the Eyes+1","White Noise+1"],"picked":"Skim","floor":42},{"not_picked":["Redo","Stack","Cold Snap"],"picked":"SKIP","floor":46},{"not_picked":["Go for the Eyes","Turbo+1"],"picked":"Rainbow","floor":47},{"not_picked":["Multi-Cast","Turbo","Lockon+1"],"picked":"SKIP","floor":48},{"not_picked":["Tempest","Force Field+1","Ball Lightning"],"picked":"SKIP","floor":55}],"player_experience":1257217,"relics_obtained":[{"floor":7.0,"key":"Orichalcum"},{"floor":9.0,"key":"StrikeDummy"},{"floor":11.0,"key":"Potion Belt"},{"floor":14.0,"key":"Dead Branch"},{"floor":20.0,"key":"Red Mask"},{"floor":23.0,"key":"Eternal Feather"},{"floor":25.0,"key":"Omamori"},{"floor":26.0,"key":"Symbiotic Virus"},{"floor":28.0,"key":"Lizard Tail"},{"floor":28.0,"key":"Darkstone Periapt"},{"floor":29.0,"key":"Anchor"},{"floor":40,"key":"Ancient Tea Set"},{"floor":42,"key":"HornCleat"},{"floor":45,"key":"Pocketwatch"},{"floor":48,"key":"Bottled Lightning"},{"floor":55,"key":"Happy Flower"}],"event_choices":[{"damage_healed":0.0,"max_hp_gain":0.0,"max_hp_loss":0.0,"gold_gain":0.0,"cards_transformed":["Strike_B"],"event_name":"Transmorgrifier","player_choice":"Transformed","floor":4.0,"gold_loss":0.0,"damage_taken":0.0,"cards_obtained":["Tempest"]},{"damage_healed":0.0,"max_hp_gain":0.0,"max_hp_loss":0.0,"gold_gain":0.0,"event_name":"Masked Bandits","player_choice":"Fought Bandits","floor":20.0,"gold_loss":0.0,"damage_taken":0.0},{"damage_healed":0.0,"max_hp_gain":0.0,"max_hp_loss":0.0,"gold_gain":0.0,"event_name":"FaceTrader","player_choice":"Trade","floor":22.0,"gold_loss":0.0,"damage_taken":0.0,"relics_obtained":["CultistMask"]},{"damage_healed":0.0,"max_hp_gain":0.0,"max_hp_loss":0.0,"gold_gain":0.0,"event_name":"Colosseum","player_choice":"Fight","floor":28.0,"gold_loss":0.0,"damage_taken":0.0},{"damage_healed":0.0,"max_hp_gain":0.0,"max_hp_loss":0.0,"gold_gain":0.0,"event_name":"Colosseum","player_choice":"Fought Nobs","floor":28.0,"gold_loss":0.0,"damage_taken":0.0},{"cards_removed":["Defend_B"],"damage_healed":0.0,"max_hp_gain":0.0,"max_hp_loss":0.0,"gold_gain":0.0,"event_name":"Falling","player_choice":"Removed Skill","floor":36.0,"gold_loss":0.0,"damage_taken":0.0},{"damage_healed":0,"gold_gain":0,"player_choice":"Fight","damage_taken":0,"max_hp_gain":0,"max_hp_loss":0,"event_name":"MindBloom","floor":45,"gold_loss":0}],"is_beta":false,"boss_relics":[{"not_picked":["Runic Pyramid","SacredBark"],"picked":"Coffee Dripper"},{"not_picked":["Philosopher\u0027s Stone","Snecko Eye"],"picked":"Cursed Key"}],"items_purged_floors":[30,47],"is_endless":false,"potions_floor_spawned":[1,3,6,11,14,16,18,23,28,28,33,35,39,40,48],"ascension_level":20}}