{"host":"tyeg9214rgutn7tb","time":1612301863,"event":{"mods":["BaseMod","Colored Map","Custom Start","Downfall","Minty Spire (QoL Compilation)","StSLib"],"gold_per_floor":[99,115,132,148,148,148,148,176,7,22,22,35,35,62,74,74,74,74],"floor_reached":16,"language":"ENG","playtime":644,"items_purged":["bronze:Strike"],"score":146,"play_id":"48c847a3-e8a5-4088-9ffe-48d60513e21c","local_time":"20210202223743","is_ascension_mode":true,"campfire_choices":[{"data":"bronze:Goto","floor":1,"key":"SMITH"},{"data":"bronze:Frontload","floor":6,"key":"SMITH"},{"data":"bronze:Terminator","floor":11,"key":"SMITH"},{"floor":13,"key":"REST"}],"circlet_count":0,"master_deck":["bronze:Strike","bronze:Strike","bronze:Strike","bronze:Defend","bronze:Defend","bronze:Defend","bronze:Defend","bronze:Replicate","bronze:Goto+1","bronze:Frontload+1","bronze:DigitalCarnage+1","bronze:Terminator+1","bronze:ChosenStrike","bronze:Branch","bronze:BronzeArmor","bronze:Branch","bronze:Flail","bronze:Terminator"],"relics":["bronze:BronzeCore","Nunchaku","Gremlin Horn","Tiny Chest"],"acts_visited":["Exordium"],"potions_floor_usage":[16,16,16],"damage_taken":[{"damage":1,"enemies":"Cultist","floor":2,"turns":3},{"damage":2,"enemies":"2 Louse","floor":3,"turns":2},{"damage":7,"enemies":"Small Slimes","floor":4,"turns":2},{"damage":10,"enemies":"3 Sentries","floor":8,"turns":4},{"damage":0,"enemies":"downfall:FleeingMerchant","floor":9,"turns":4},{"damage":0,"enemies":"3 Louse","floor":10,"turns":2},{"damage":0,"enemies":"Blue Slaver","floor":12,"turns":1},{"damage":16,"enemies":"Gremlin Nob","floor":14,"turns":4},{"damage":0,"enemies":"Gremlin Gang","floor":15,"turns":1},{"damage":51,"enemies":"SI_SHIV_ARCHETYPE","floor":16,"turns":10}],"seed_played":"-1346577494511568682","potions_obtained":[{"floor":2,"key":"Weak Potion"},{"floor":10,"key":"Block Potion"},{"floor":15,"key":"FearPotion"}],"is_trial":false,"path_per_floor":["R","M","M","M","?","R","T","E","$","M","R","M","R","E","M","B"],"character_chosen":"THE_AUTOMATON","items_purchased":["bronze:BronzeArmor"],"campfire_rested":1,"item_purchase_floors":[9],"current_hp_per_floor":[63,62,60,53,53,53,53,43,43,43,43,43,64,48,48,0,0,0],"gold":74,"neow_bonus":"RANDOM_COMMON_RELIC","is_daily":false,"chose_seed":false,"campfire_upgraded":3,"win_rate":0.0,"timestamp":1612301863,"path_taken":["R","M","?","M","?","R","T","E","$","M","R","M","R","E","M","BOSS"],"items_purchased_type":["Card"],"build_version":"2020-12-22","purchased_purges":1,"victory":false,"max_hp_per_floor":[70,70,70,70,70,70,70,70,70,70,70,70,70,70,70,70,70,70],"card_choices":[{"not_picked":["bronze:Overheat","bronze:DelayedGuard"],"picked":"bronze:Frontload","floor":2},{"not_picked":["bronze:ForLoop","bronze:NullPointer"],"picked":"bronze:DigitalCarnage","floor":3},{"not_picked":["bronze:ForLoop","bronze:Overload"],"picked":"bronze:Terminator","floor":4},{"not_picked":["bronze:DelayedGuard","bronze:OilSpill"],"picked":"bronze:ChosenStrike","floor":8},{"not_picked":["bronze:Virus","bronze:DelayedSlice"],"picked":"bronze:Branch","floor":9},{"not_picked":["bronze:Turbo","bronze:BronzeOrb"],"picked":"bronze:Branch","floor":10},{"not_picked":["bronze:Branch","bronze:ForceShield","bronze:Repulsor"],"picked":"SKIP","floor":12},{"not_picked":["bronze:Refactor","bronze:Constructor"],"picked":"bronze:Flail","floor":14},{"not_picked":["bronze:DelayedGuard","bronze:InfiniteBeams"],"picked":"bronze:Terminator","floor":15}],"player_experience":719329,"relics_obtained":[{"floor":8,"key":"Gremlin Horn"},{"floor":14,"key":"Tiny Chest"}],"event_choices":[{"damage_healed":0,"gold_gain":0,"player_choice":"Grow","damage_taken":0,"max_hp_gain":0,"max_hp_loss":0,"event_name":"Living Wall","floor":5,"gold_loss":0,"cards_upgraded":["bronze:DigitalCarnage"]}],"is_beta":false,"boss_relics":[],"items_purged_floors":[9],"is_endless":false,"potions_floor_spawned":[2,10,15],"killed_by":"SI_SHIV_ARCHETYPE","ascension_level":6}}