{"host":"bavx0eibpuvdy04q","time":1612258409,"event":{"mods":["BaseMod","BetterRewards","Friendly Minions","Hermit","Hubris","Infinite Spire","KinomotoSakuraMod(????)","Kiyohime????","Koishi","LagranYue(???·?)","Marisa????????","Minty Spire (QoL Compilation)","Prisma Mod","Remilia??????","Replay The Spire","StSLib","The Administrix","The Alterego","The Animator","The Construct","The Cursed","The Disciple","The Hierophant","The Mystic","The Necromancer","The Runesmith","The Senshi","The Servant 0.9.4","Yakumo Yukari mod","Yuri Mod"],"gold_per_floor":[118,132,3,22,37,37,52,87,87,99,99,125,125,145,145,250,250,260,271,282,282,282,282,295,295,295,295,306,306,319,340,340,436,436,451,11,27,39,57,57,88,108,108,138,238,238,288,299,299,299],"floor_reached":51,"language":"ENG","playtime":6590,"items_purged":["Koishi:BasicStrike"],"score":793,"play_id":"4b80d662-555a-48ad-a7b2-084bb3136bd2","local_time":"20210202023329","is_ascension_mode":false,"campfire_choices":[{"data":"Koishi:MassHysteria","floor":6.0,"key":"SMITH"},{"data":"Koishi:MassHysteria","floor":13.0,"key":"SMITH"},{"data":"Koishi:EmbersOfLove","floor":23.0,"key":"SMITH"},{"data":"Koishi:UnconsciousUrges","floor":25.0,"key":"SMITH"},{"data":"Koishi:ImGoingToCallYouNow","floor":29.0,"key":"SMITH"},{"data":"Koishi:HeartStoppingHorror","floor":32.0,"key":"SMITH"},{"data":"Koishi:Heartbroken","floor":40.0,"key":"SMITH"},{"data":"infinitespire:Oblivion","floor":49,"key":"SMITH"}],"circlet_count":1,"master_deck":["Koishi:BasicStrike","Koishi:BasicStrike","Koishi:BasicStrike","Koishi:BasicDefend","Koishi:BasicDefend+1","Koishi:BasicDefend","Koishi:BasicDefend","Koishi:Provoke","Koishi:HauntingSlash","Koishi:MassHysteria+1","Koishi:UnconsciousUrges+1","Koishi:TremblingHands","Koishi:EmbryosDream","Koishi:DreadfulBlow+1","Koishi:ImGoingToCallYouNow+1","Koishi:EmbersOfLove+1","Koishi:MassHysteria+1","Koishi:VengefulSpirit","Koishi:RollingInRichesHeart+1","Koishi:JumpScare+1","Koishi:DreadfulBlow+1","infinitespire:Starlight","Koishi:EmbryosDream+1","Koishi:HeartStoppingHorror+1","Koishi:SilentAndRestless","Koishi:SubconsciousSweep+1","Koishi:Heartbroken+1","Koishi:ParalyzingFear+1","Koishi:PredatoryInstincts","Koishi:ApparitionsStalkTheNight","Koishi:ParalyzingFear","infinitespire:Oblivion+1","Koishi:UnseenTerror+1","Koishi:SubterraneanRose+1"],"relics":["Koishi:ImaginaryFriend","LagranYue:RandomDrawCardRelic","NeowsBlessing","Replay:Rubber Ducky","Boot","Durian","ReplayTheSpireMod:Lightbulb","hubris:HollowSoul","MutagenicStrength","Ring of Peace","ReplayTheSpireMod:Ring of Collecting","ReplayTheSpireMod:Ring of Addiction","Mango","Chameleon Ring","hubris:EmptyBottle","MealTicket","Snecko Eye","Lantern","Gremlin Food","Ring of Hypnosis","War Paint","hubris:GlazedTorus","Pondfish Scales","Circlet","construct:RocketBooster"],"acts_visited":["Exordium","TheCity","TheBeyond"],"potions_floor_usage":[50,50],"damage_taken":[{"damage":0.0,"enemies":"Small Slimes","floor":1.0,"turns":1.0},{"damage":0.0,"enemies":"Jaw Worm","floor":2.0,"turns":1.0},{"damage":0.0,"enemies":"2 Louse","floor":4.0,"turns":1.0},{"damage":0.0,"enemies":"2 Fungi Beasts","floor":5.0,"turns":2.0},{"damage":5.0,"enemies":"Large Slime","floor":7.0,"turns":5.0},{"damage":0.0,"enemies":"Replay:BlueRogue","floor":8.0,"turns":6.0},{"damage":3.0,"enemies":"Exordium Wildlife","floor":10.0,"turns":7.0},{"damage":1.0,"enemies":"3 Sentries","floor":12.0,"turns":4.0},{"damage":4.0,"enemies":"Exordium Thugs","floor":14.0,"turns":5.0},{"damage":43.0,"enemies":"Hexaghost","floor":16.0,"turns":15.0},{"damage":0.0,"enemies":"Chosen","floor":18.0,"turns":6.0},{"damage":23.0,"enemies":"Shell Parasite","floor":19.0,"turns":8.0},{"damage":7.0,"enemies":"Sentry and Sphere","floor":20.0,"turns":3.0},{"damage":0.0,"enemies":"Chosen and Byrds","floor":24.0,"turns":5.0},{"damage":0.0,"enemies":"Centurion and Healer","floor":28.0,"turns":10.0},{"damage":15.0,"enemies":"Shelled Parasite and Fungi","floor":30.0,"turns":8.0},{"damage":13.0,"enemies":"Nightmare","floor":31.0,"turns":14.0},{"damage":26.0,"enemies":"Automaton","floor":33.0,"turns":11.0},{"damage":2.0,"enemies":"3 Darklings","floor":35.0,"turns":6.0},{"damage":0.0,"enemies":"3 Shapes","floor":37.0,"turns":5.0},{"damage":12.0,"enemies":"Jaw Worm Horde","floor":38.0,"turns":4.0},{"damage":0.0,"enemies":"Maw","floor":39.0,"turns":11.0},{"damage":94.0,"enemies":"Giant Head","floor":41.0,"turns":11.0},{"damage":0.0,"enemies":"3 Darklings","floor":42.0,"turns":4.0},{"damage":0.0,"enemies":"R_Hoarder","floor":44.0,"turns":10.0},{"damage":7.0,"enemies":"infinitespire:Three Voidlings","floor":45.0,"turns":4.0},{"damage":61.0,"enemies":"Nightmare_Alpha","floor":45.0,"turns":11.0},{"damage":33,"enemies":"2 Orb Walkers","floor":47,"turns":5},{"damage":0,"enemies":"Transient","floor":48,"turns":5},{"damage":25,"enemies":"hubris:GrandSnecko","floor":50,"turns":15}],"seed_played":"-2212611663618028154","potions_obtained":[{"floor":7.0,"key":"Swift Potion"},{"floor":8.0,"key":"Fire Potion"},{"floor":12.0,"key":"Adrenaline Potion"},{"floor":18.0,"key":"GamblersBrew"},{"floor":19.0,"key":"Dexterity Potion"},{"floor":24.0,"key":"SteroidPotion"},{"floor":26.0,"key":"FairyPotion"},{"floor":26.0,"key":"Weak Potion"},{"floor":30.0,"key":"PowerPotion"},{"floor":33.0,"key":"FearPotion"},{"floor":35.0,"key":"Energy Potion"},{"floor":39.0,"key":"Elixir"},{"floor":44.0,"key":"SpeedPotion"},{"floor":45,"key":"Death Potion"}],"is_trial":false,"path_per_floor":["M","M","$","M","M","R","M","E","T","M","?","E","R","M","R","B",null,"M","M","M","?","?","R","M","R","T","?","M","R","M","NM","R","B",null,"M","$","M","M","M","R","E","M","T","E","?","?","?","M","R","B",null],"character_chosen":"KOISHI","items_purchased":["Koishi:UnconsciousUrges","Block Potion","Koishi:Heartbroken","Lantern","BlessingOfTheForge"],"campfire_rested":0,"item_purchase_floors":[3,3,36,36,36],"current_hp_per_floor":[60,60,60,60,60,60,55,59,59,60,62,61,61,61,65,37,65,65,59,58,58,58,58,65,65,79,60,79,79,79,79,79,79,79,78,79,77,71,77,77,45,75,75,77,51,51,42,64,64,69],"gold":299,"neow_bonus":"THREE_ENEMY_KILL","is_daily":false,"chose_seed":false,"campfire_upgraded":8,"win_rate":0.0,"timestamp":1612258409,"path_taken":["M","M","$","M","M","R","M","E","T","M","?","E","R","M","R","BOSS","M","M","M","?","?","R","M","R","T","?","M","R","M","NM","R","BOSS","M","$","M","M","M","R","E","M","T","E","?","?","?","M","R","BOSS"],"items_purchased_type":["Card","Potion","Card","Relic","Potion"],"build_version":"2020-12-22","purchased_purges":1,"victory":true,"max_hp_per_floor":[60,60,60,60,60,60,60,60,60,60,65,65,65,65,65,65,65,65,65,65,65,65,65,65,65,79,79,79,79,79,79,79,79,79,79,79,77,77,77,77,77,77,77,77,75,71,71,71,69,69],"card_choices":[{"not_picked":["Koishi:StingingMind","Koishi:GhostParty"],"picked":"Koishi:MassHysteria","floor":1.0},{"not_picked":["Koishi:UnansweredLove","Koishi:StrangeCloudFist","Koishi:Whimsy"],"picked":"SKIP","floor":2.0},{"not_picked":["Koishi:UnansweredLove","Koishi:Prune"],"picked":"Koishi:TremblingHands","floor":4.0},{"not_picked":["Koishi:Prune","Koishi:SpiritedAway"],"picked":"Koishi:EmbryosDream","floor":5.0},{"not_picked":["Koishi:ParalyzingFear","Koishi:FleetingPhantom"],"picked":"Koishi:DreadfulBlow","floor":7.0},{"not_picked":["Koishi:FourthEye","Koishi:YoukaiPolygraph"],"picked":"Koishi:ImGoingToCallYouNow","floor":8.0},{"not_picked":["Koishi:Prune","Koishi:CatchAndRose"],"picked":"Koishi:EmbersOfLove","floor":10.0},{"not_picked":["Koishi:UnseenTerror","Koishi:JumpScare"],"picked":"Koishi:MassHysteria","floor":12.0},{"not_picked":["Koishi:PhilosophyOfTheDespised","Koishi:Untouchable"],"picked":"Koishi:VengefulSpirit","floor":14.0},{"not_picked":["Koishi:MentalBreakdown","Koishi:ImGoingToCallYouNow"],"picked":"Koishi:RollingInRichesHeart","floor":16.0},{"not_picked":["Koishi:SpiritedAway+1","Koishi:YoukaiPolygraph+1"],"picked":"Koishi:JumpScare+1","floor":18.0},{"not_picked":["Koishi:MassHysteria+1","Koishi:DNAsFlaw","Koishi:TraumaticStroke+1"],"picked":"SKIP","floor":19.0},{"not_picked":["Koishi:Prune+1","Koishi:ApparitionsStalkTheNight"],"picked":"Koishi:DreadfulBlow+1","floor":20.0},{"not_picked":["Koishi:GeneticsOfTheUnconscious","Koishi:Jaunt+1","Koishi:Prune+1"],"picked":"SKIP","floor":24.0},{"not_picked":["infinitespire:DeathsTouch","ReplayTheSpireMod:Black Plague"],"picked":"infinitespire:Starlight","floor":27.0},{"not_picked":["Koishi:PhantomStrike","Koishi:HeartAttack+1","Koishi:BloodcurdlingScream"],"picked":"SKIP","floor":28.0},{"not_picked":["Koishi:PhantomBarrier","Koishi:BramblyRoseGarden"],"picked":"Koishi:EmbryosDream+1","floor":30.0},{"not_picked":["Koishi:DreadfulBlow","Koishi:ImGoingToCallYouNow"],"picked":"Koishi:HeartStoppingHorror","floor":31.0},{"not_picked":["Koishi:FadingMemory","Koishi:RollingInRichesHeart"],"picked":"Koishi:SilentAndRestless","floor":33.0},{"not_picked":["Koishi:UnconsciousUprising","Koishi:UnansweredLove"],"picked":"Koishi:SubconsciousSweep+1","floor":35.0},{"not_picked":["Koishi:Bloodlust","Koishi:CatchAndRose"],"picked":"Koishi:ParalyzingFear+1","floor":37.0},{"not_picked":["Koishi:SpiritedAway+1","Koishi:Possession+1","Koishi:Whimsy+1"],"picked":"SKIP","floor":38.0},{"not_picked":["Koishi:VengefulSpirit","Koishi:SubconsciousSweep","Koishi:YoukaiPolygraph"],"picked":"SKIP","floor":39.0},{"not_picked":["Koishi:BloodcurdlingScream+1","Koishi:Vanish"],"picked":"Koishi:PredatoryInstincts","floor":41.0},{"not_picked":["Koishi:FidgetySnatcher","Koishi:ReleaseOfTheId"],"picked":"Koishi:ApparitionsStalkTheNight","floor":42.0},{"not_picked":["Koishi:RollingInRichesHeart","Koishi:ReleaseOfTheId+1"],"picked":"Koishi:ParalyzingFear","floor":44.0},{"not_picked":["infinitespire:SevenWalls","infinitespire:FutureSight"],"picked":"infinitespire:Oblivion","floor":45},{"not_picked":["Koishi:FourthEye","Koishi:CatchAndRose+1"],"picked":"Koishi:UnseenTerror+1","floor":45},{"not_picked":["Koishi:Whimsy+1","Koishi:ParalyzingFear+1"],"picked":"Koishi:SubterraneanRose+1","floor":48}],"player_experience":89765,"relics_obtained":[{"floor":8.0,"key":"Replay:Rubber Ducky"},{"floor":9.0,"key":"Boot"},{"floor":12.0,"key":"ReplayTheSpireMod:Lightbulb"},{"floor":22.0,"key":"Ring of Peace"},{"floor":22.0,"key":"ReplayTheSpireMod:Ring of Collecting"},{"floor":26.0,"key":"ReplayTheSpireMod:Ring of Addiction"},{"floor":26.0,"key":"Mango"},{"floor":26.0,"key":"Chameleon Ring"},{"floor":26.0,"key":"hubris:EmptyBottle"},{"floor":31.0,"key":"MealTicket"},{"floor":41.0,"key":"Gremlin Food"},{"floor":43.0,"key":"Ring of Hypnosis"},{"floor":43.0,"key":"War Paint"},{"floor":44.0,"key":"hubris:GlazedTorus"},{"floor":45,"key":"Pondfish Scales"},{"floor":47,"key":"construct:RocketBooster"}],"event_choices":[{"damage_healed":0.0,"max_hp_gain":0.0,"max_hp_loss":0.0,"gold_gain":0.0,"event_name":"Scrap Ooze","player_choice":"Success","floor":11.0,"gold_loss":0.0,"damage_taken":3.0,"relics_obtained":["Durian"]},{"damage_healed":0.0,"max_hp_gain":0.0,"max_hp_loss":0.0,"gold_gain":0.0,"event_name":"Drug Dealer","player_choice":"Inject Mutagens","floor":21.0,"gold_loss":0.0,"damage_taken":0.0,"relics_obtained":["MutagenicStrength"]},{"damage_healed":0,"gold_gain":0,"player_choice":"Inject Mutagens","damage_taken":0,"relics_obtained":["Circlet"],"max_hp_gain":0,"max_hp_loss":0,"event_name":"Drug Dealer","floor":45,"gold_loss":0},{"damage_healed":0,"gold_gain":0,"player_choice":"Max HP","damage_taken":0,"max_hp_gain":0,"max_hp_loss":4,"event_name":"Winding Halls","floor":46,"gold_loss":0},{"damage_healed":0,"gold_gain":0,"player_choice":"Fight","damage_taken":0,"max_hp_gain":0,"max_hp_loss":0,"event_name":"Mysterious Sphere","floor":47,"gold_loss":0}],"is_beta":false,"boss_relics":[{"not_picked":["LagranYue:SoulBurningRelic","construct:ClawGrip"],"picked":"hubris:HollowSoul"},{"not_picked":["hubris:Backtick","ReplayTheSpireMod:DimensionalGlitch"],"picked":"Snecko Eye"}],"items_purged_floors":[36],"is_endless":false,"potions_floor_spawned":[1,7,8,12,18,19,24,30,33,35,39,44,45,45],"ascension_level":0}}