{"host":"rspt8ghchagqewrq","time":1612303195,"event":{"mods":["AchievementEnabler","BaseMod","Colored Map","Colored Powertips","Minty Spire (QoL Compilation)","Quick Restart"],"gold_per_floor":[109,123,134,148,159,159,191,243,270,287,300,300,265,290,290,387,387,403,415,434,454,454,454,454,454,454,467,467,467,13,25,25,125,125,143,143,143],"floor_reached":38,"language":"FRA","playtime":1542,"items_purged":[],"score":638,"play_id":"89a765bb-f3bd-418c-b39b-9414e60c4606","local_time":"20210202225955","is_ascension_mode":false,"campfire_choices":[{"data":"Rampage","floor":6,"key":"SMITH"},{"data":"Cleave","floor":12,"key":"SMITH"},{"data":"Inflame","floor":15,"key":"SMITH"},{"data":"Immolate","floor":23,"key":"SMITH"},{"data":"Flex","floor":25,"key":"SMITH"},{"data":"Heavy Blade","floor":28,"key":"SMITH"},{"data":"Rage","floor":32,"key":"SMITH"}],"circlet_count":0,"master_deck":["Strike_R+1","Strike_R+1","Strike_R+1","Defend_R+1","Defend_R+1","Defend_R+1","Defend_R+1","Body Slam+1","Cleave+1","Pommel Strike","Rampage+1","Flex+1","Bludgeon","Inflame+1","Rage+1","Immolate+1","Heavy Blade+1","Power Through+1","Dropkick+1","Fire Breathing+1","Anger","Bloodletting+1","Spot Weakness+1","Heavy Blade+1","Impervious","Pommel Strike+1"],"relics":["Burning Blood","Self Forming Clay","Whetstone","Toy Ornithopter","Astrolabe","MutagenicStrength","Question Card","Calipers","Sling","Velvet Choker"],"acts_visited":["Exordium","TheCity","TheBeyond"],"potions_floor_usage":[10,14,16,21,21,33,37],"damage_taken":[{"damage":7,"enemies":"Cultist","floor":1,"turns":5},{"damage":6,"enemies":"Jaw Worm","floor":2,"turns":5},{"damage":0,"enemies":"Small Slimes","floor":3,"turns":3},{"damage":10,"enemies":"Looter","floor":4,"turns":4},{"damage":0,"enemies":"Exordium Wildlife","floor":5,"turns":3},{"damage":26,"enemies":"3 Sentries","floor":7,"turns":6},{"damage":2,"enemies":"Blue Slaver","floor":10,"turns":3},{"damage":6,"enemies":"2 Fungi Beasts","floor":11,"turns":3},{"damage":0,"enemies":"Gremlin Nob","floor":14,"turns":3},{"damage":49,"enemies":"Hexaghost","floor":16,"turns":9},{"damage":19,"enemies":"Shell Parasite","floor":18,"turns":6},{"damage":0,"enemies":"Chosen","floor":19,"turns":4},{"damage":28,"enemies":"Shelled Parasite and Fungi","floor":20,"turns":5},{"damage":5,"enemies":"Sentry and Sphere","floor":21,"turns":4},{"damage":3,"enemies":"Snecko","floor":27,"turns":4},{"damage":12,"enemies":"Centurion and Healer","floor":31,"turns":2},{"damage":38,"enemies":"Collector","floor":33,"turns":8},{"damage":10,"enemies":"Orb Walker","floor":35,"turns":3},{"damage":67,"enemies":"Donu and Deca","floor":37,"turns":7}],"seed_played":"-1682899962696053057","potions_obtained":[{"floor":2,"key":"ElixirPotion"},{"floor":4,"key":"AttackPotion"},{"floor":7,"key":"SkillPotion"},{"floor":10,"key":"DistilledChaos"},{"floor":14,"key":"Regen Potion"},{"floor":20,"key":"LiquidMemories"},{"floor":21,"key":"Energy Potion"},{"floor":33,"key":"DistilledChaos"}],"is_trial":false,"path_per_floor":["M","M","M","M","M","R","E","?","T","M","M","R","?","E","R","B",null,"M","M","M","M","?","R","?","R","T","M","R","?","$","M","R","B",null,"M","?","B",null],"character_chosen":"IRONCLAD","items_purchased":["Calipers","Sling"],"campfire_rested":0,"item_purchase_floors":[30,30],"current_hp_per_floor":[71,71,77,73,79,79,59,59,59,63,63,63,87,93,93,55,96,83,89,67,90,90,90,90,90,90,93,93,93,93,87,87,60,96,92,92,35],"gold":143,"neow_bonus":"TWENTY_PERCENT_HP_BONUS","is_daily":false,"chose_seed":false,"campfire_upgraded":7,"win_rate":0.0,"timestamp":1612303195,"path_taken":["M","M","?","M","M","R","E","?","T","M","M","R","?","E","R","BOSS","M","M","M","M","?","R","?","R","T","M","R","?","$","M","R","BOSS","M","?","BOSS"],"items_purchased_type":["Relic","Relic"],"build_version":"2020-12-22","purchased_purges":0,"victory":true,"max_hp_per_floor":[96,96,96,96,96,96,96,96,96,96,96,96,96,96,96,96,96,96,96,96,96,96,96,96,96,96,96,96,96,96,96,96,96,96,96,96,96],"card_choices":[{"not_picked":["Havoc","Rupture"],"picked":"Body Slam","floor":1},{"not_picked":["Wild Strike","Dropkick"],"picked":"Cleave","floor":2},{"not_picked":["Headbutt","Shrug It Off"],"picked":"Pommel Strike","floor":3},{"not_picked":["True Grit","Pommel Strike"],"picked":"Rampage","floor":4},{"not_picked":["Disarm","Shrug It Off"],"picked":"Flex","floor":5},{"not_picked":["Perfected Strike","Thunderclap"],"picked":"Bludgeon","floor":7},{"not_picked":["Iron Wave","Warcry","Body Slam"],"picked":"SKIP","floor":10},{"not_picked":["Shrug It Off","Havoc"],"picked":"Inflame","floor":11},{"not_picked":["Perfected Strike","Anger"],"picked":"Rage","floor":14},{"not_picked":["Brutality","Offering"],"picked":"Immolate","floor":16},{"not_picked":["Thunderclap+1","Cleave"],"picked":"Fire Breathing+1","floor":18},{"not_picked":["Body Slam","Twin Strike"],"picked":"Anger","floor":19},{"not_picked":["Clothesline","Pommel Strike"],"picked":"Bloodletting+1","floor":20},{"not_picked":["Berserk","Dual Wield"],"picked":"Spot Weakness+1","floor":21},{"not_picked":["Twin Strike+1","True Grit+1","Burning Pact+1"],"picked":"Heavy Blade","floor":27},{"not_picked":["True Grit","Metallicize","Combust+1","Body Slam"],"picked":"SKIP","floor":31},{"not_picked":["Corruption","Juggernaut","Offering"],"picked":"Impervious","floor":33},{"not_picked":["Shockwave","Cleave","Sword Boomerang"],"picked":"Pommel Strike+1","floor":35}],"player_experience":79416,"relics_obtained":[{"floor":7,"key":"Self Forming Clay"},{"floor":9,"key":"Whetstone"},{"floor":14,"key":"Toy Ornithopter"},{"floor":26,"key":"Question Card"}],"event_choices":[{"damage_healed":0,"gold_gain":52,"player_choice":"Gained Gold","damage_taken":0,"max_hp_gain":0,"max_hp_loss":0,"event_name":"Golden Wing","floor":8,"gold_loss":0},{"damage_healed":24,"gold_gain":0,"player_choice":"Healed","damage_taken":0,"max_hp_gain":0,"max_hp_loss":0,"event_name":"The Cleric","floor":13,"gold_loss":35},{"damage_healed":0,"gold_gain":0,"player_choice":"Inject Mutagens","damage_taken":0,"relics_obtained":["MutagenicStrength"],"max_hp_gain":0,"max_hp_loss":0,"event_name":"Drug Dealer","floor":22,"gold_loss":0},{"damage_healed":0,"gold_gain":0,"player_choice":"Ignored","damage_taken":0,"max_hp_gain":0,"max_hp_loss":0,"event_name":"Ghosts","floor":24,"gold_loss":0},{"damage_healed":0,"gold_gain":0,"player_choice":"Simplicity","damage_taken":0,"max_hp_gain":0,"max_hp_loss":0,"event_name":"Back to Basics","floor":29,"gold_loss":0,"cards_upgraded":["Strike_R","Strike_R","Defend_R","Defend_R","Defend_R","Defend_R"]},{"damage_healed":0,"gold_gain":0,"player_choice":"Took Portal","damage_taken":0,"max_hp_gain":0,"max_hp_loss":0,"event_name":"SecretPortal","floor":36,"gold_loss":0}],"is_beta":false,"boss_relics":[{"not_picked":["Cursed Key","Runic Pyramid"],"picked":"Astrolabe"},{"not_picked":["Runic Dome","Calling Bell"],"picked":"Velvet Choker"}],"items_purged_floors":[],"is_endless":false,"potions_floor_spawned":[2,4,7,10,14,20,21,33],"ascension_level":0}}