{"host":"erjc6dqs793djrmy","time":1612287813,"event":{"mods":["BaseMod","Minty Spire (QoL Compilation)","StSLib","The Animator"],"gold_per_floor":[26,42,42,52,52,98,127,153,153,197,197,229,244,257,257,362,362,378,408,4,4,16,16,16],"floor_reached":23,"language":"ENG","playtime":2667,"items_purged":[],"score":355,"play_id":"f5279539-e2a0-49c4-801f-a122f112aaac","local_time":"20210202124333","is_ascension_mode":true,"campfire_choices":[{"data":"animator:Darkness","floor":11,"key":"SMITH"},{"data":"animator:Aqua","floor":15,"key":"SMITH"}],"circlet_count":0,"master_deck":["AscendersBane","animator:Defend_Konosuba","animator:Defend","animator:Defend","animator:Defend","animator:Kazuma","animator:Aqua+1","animator:TanyaDegurechaff+1","animator:Megumin+13","animator:LeleiLaLalena","animator:Pride","animator:Vanir","animator:Darkness+1","animator:Alexander","animator:Verdia","animator:Mitsurugi","animator:LeleiLaLalena","animator:Wiz","animator:Hans","animator:Vanir+1","animator:MumenRider","animator:TanyaDegurechaff","animator:MumenRider","animator:CowGirl","Bite","Bite","Bite","Bite","Bite","animator:Chomusuke"],"relics":["animator:LivingPicture","animator:TheMissingPiece","Bottled Lightning","Odd Mushroom","Calipers","Shuriken","Mummified Hand","Empty Cage","Strange Spoon","animator:CursedGlyph"],"acts_visited":["Exordium","TheCity"],"potions_floor_usage":[6,6,12,12,16,16],"damage_taken":[{"damage":0,"enemies":"Small Slimes","floor":1,"turns":3},{"damage":4,"enemies":"Cultist","floor":2,"turns":5},{"damage":7,"enemies":"2 Louse","floor":4,"turns":3},{"damage":6,"enemies":"Lagavulin","floor":6,"turns":9},{"damage":3,"enemies":"The Mushroom Lair","floor":7,"turns":4},{"damage":11,"enemies":"3 Sentries","floor":8,"turns":6},{"damage":0,"enemies":"Large Slime","floor":10,"turns":7},{"damage":2,"enemies":"Gremlin Nob","floor":12,"turns":5},{"damage":0,"enemies":"Blue Slaver","floor":13,"turns":2},{"damage":0,"enemies":"3 Louse","floor":14,"turns":1},{"damage":7,"enemies":"Slime Boss","floor":16,"turns":9},{"damage":4,"enemies":"Chosen","floor":18,"turns":6},{"damage":12,"enemies":"Shell Parasite","floor":19,"turns":4},{"damage":23,"enemies":"Sentry and Sphere","floor":22,"turns":4},{"damage":36,"enemies":"Slavers","floor":23,"turns":2}],"seed_played":"9129622972057500955","potions_obtained":[{"floor":2,"key":"SkillPotion"},{"floor":4,"key":"animator:FalseLifePotion"},{"floor":8,"key":"animator:FalseLifePotion"},{"floor":10,"key":"DuplicationPotion"},{"floor":13,"key":"SteroidPotion"},{"floor":14,"key":"Block Potion"},{"floor":18,"key":"GamblersBrew"}],"is_trial":false,"path_per_floor":["M","M","?","M","?","E","?","E","T","M","R","E","M","M","R","B",null,"M","M","$","?","M","E"],"character_chosen":"THE_ANIMATOR","items_purchased":["animator:TanyaDegurechaff","Strange Spoon","animator:MumenRider","animator:CowGirl"],"campfire_rested":0,"item_purchase_floors":[20,20,20,20],"current_hp_per_floor":[61,59,59,55,55,51,50,42,42,44,44,44,46,48,48,44,64,63,54,54,49,32,0,0],"gold":16,"neow_bonus":"RANDOM_COLORLESS_2","is_daily":false,"chose_seed":false,"campfire_upgraded":2,"win_rate":0.0,"timestamp":1612287813,"path_taken":["M","M","?","?","?","E","?","E","T","M","R","E","M","M","R","BOSS","M","M","$","?","M","E"],"items_purchased_type":["Card","Relic","Card","Card"],"build_version":"2020-12-22","purchased_purges":0,"victory":false,"max_hp_per_floor":[66,66,66,67,67,67,67,68,68,68,68,68,70,70,70,70,70,70,70,70,49,45,45,45],"card_choices":[{"not_picked":["animator:Patchouli","animator:HarukoHaruhara"],"picked":"animator:TanyaDegurechaff","floor":0},{"not_picked":["animator:Millim","animator:Bozes"],"picked":"animator:Megumin","floor":1},{"not_picked":["animator:CowGirl","animator:DwarfShaman"],"picked":"animator:LeleiLaLalena","floor":2},{"not_picked":["animator:Spearman","animator:DwarfShaman"],"picked":"animator:Vanir","floor":4},{"not_picked":["animator:Megumin","animator:Mitsurugi"],"picked":"animator:Darkness","floor":6},{"not_picked":["animator:GazelDwargon","animator:Shion"],"picked":"animator:Alexander","floor":7},{"not_picked":["animator:Benimaru","animator:Genos"],"picked":"animator:Verdia","floor":8},{"not_picked":["animator:Archer","animator:Witch"],"picked":"animator:Mitsurugi","floor":10},{"not_picked":["animator:Millim","animator:Priestess"],"picked":"animator:LeleiLaLalena","floor":12},{"not_picked":["animator:Aqua","animator:Darkness"],"picked":"animator:Wiz","floor":13},{"not_picked":["animator:SilverFang","animator:ShinjiMatou","animator:Shion"],"picked":"SKIP","floor":14},{"not_picked":["animator:Greed","animator:Shizu"],"picked":"animator:Hans","floor":16},{"not_picked":["animator:GazelDwargon","animator:RoyMustang+1"],"picked":"animator:Vanir+1","floor":18},{"not_picked":["animator:Tatsumaki+1","animator:GuildGirl+1"],"picked":"animator:MumenRider","floor":19},{"not_picked":["animator:Vanir","animator:YunYun"],"picked":"animator:Chomusuke","floor":22}],"player_experience":376085,"relics_obtained":[{"floor":6,"key":"Bottled Lightning"},{"floor":7,"key":"Odd Mushroom"},{"floor":8,"key":"Calipers"},{"floor":9,"key":"Shuriken"},{"floor":12,"key":"Mummified Hand"},{"floor":22,"key":"animator:CursedGlyph"}],"event_choices":[{"damage_healed":0,"gold_gain":0,"player_choice":"1 cards matched","damage_taken":0,"max_hp_gain":0,"max_hp_loss":0,"event_name":"Match and Keep!","floor":3,"gold_loss":0,"cards_obtained":["animator:Pride"]},{"damage_healed":0,"gold_gain":0,"player_choice":"Grow","damage_taken":0,"max_hp_gain":0,"max_hp_loss":0,"event_name":"Living Wall","floor":5,"gold_loss":0,"cards_upgraded":["animator:TanyaDegurechaff"]},{"damage_healed":0,"gold_gain":0,"player_choice":"Fought Mushrooms","damage_taken":0,"max_hp_gain":0,"max_hp_loss":0,"event_name":"Mushrooms","floor":7,"gold_loss":0},{"damage_healed":0,"gold_gain":0,"player_choice":"Became a vampire","damage_taken":0,"max_hp_gain":0,"max_hp_loss":21,"event_name":"Vampires","floor":21,"gold_loss":0,"cards_obtained":["Bite","Bite","Bite","Bite","Bite"]}],"is_beta":false,"boss_relics":[{"not_picked":["Fusion Hammer","SacredBark"],"picked":"Empty Cage"}],"items_purged_floors":[],"is_endless":false,"potions_floor_spawned":[2,4,8,10,13,14,18],"killed_by":"Slavers","ascension_level":11}}