{"host":"yq2wmfr0u0wuvxc0","time":1612256040,"event":{"mods":["Act Like it!","Aspiration","BaseMod","Colored Powertips","Curses Come First","Defuse TimeMaze Blight","Downfall","Friendly Minions","Gensokyo","Gremlin Mod","Hallownest","Hubris","Infinite Spire","Koishi","Marisa????????","Minty Spire (QoL Compilation)","Pale of the Ancients","Quick Restart","Rare Cards Sparkle","Remilia??????","Shop Mod","Smile Girya","Spicy Shops","StSLib","The Jungle","The Servant 0.9.4","Wide Potions","Youmu??????"],"gold_per_floor":[99,99,99,99,249,249,249,249,149,149,149,149,126,89,99,99,99,99],"floor_reached":16,"language":"ZHS","playtime":528,"items_purged":[],"score":99,"play_id":"a27b3b0c-0955-4fee-995d-e9ed16fc63fa","local_time":"20210202005400","is_ascension_mode":true,"campfire_choices":[{"data":"champ:Execute","floor":1,"key":"SMITH"},{"data":"champ:PerfectedStrike","floor":9,"key":"SMITH"},{"data":"champ:Taunt","floor":11,"key":"SMITH"}],"circlet_count":0,"master_deck":["champ:Strike","champ:Strike","champ:Strike","champ:Strike","champ:Defend","champ:Defend","champ:Defend","champ:Defend","champ:Execute+1","champ:Taunt+1","champ:PerfectedStrike+1","downfall:Icky","champ:Endure","champ:StanceDance","champ:FanOfKnives+1","champ:EndlessRage"],"relics":["champ:ChampionCrown","downfall:HeartsMalice","hubris:Icosahedron","downfall:ShatteredFragment","Molten Egg 2","downfall:HeartBlessingBlue","Singing Bowl"],"acts_visited":["Exordium"],"potions_floor_usage":[16,16,16],"damage_taken":[{"damage":0,"enemies":"2 Louse","floor":2,"turns":1},{"damage":0,"enemies":"Small Slimes","floor":8,"turns":1},{"damage":0,"enemies":"Jaw Worm","floor":12,"turns":1},{"damage":23,"enemies":"3 Sentries","floor":13,"turns":7},{"damage":10,"enemies":"Exordium Thugs","floor":14,"turns":3},{"damage":31,"enemies":"3 Louse","floor":15,"turns":3},{"damage":89,"enemies":"SI_SHIV_ARCHETYPE","floor":16,"turns":8}],"seed_played":"-2249529355653082882","potions_obtained":[{"floor":14,"key":"Weak Potion"},{"floor":15,"key":"Fire Potion"}],"is_trial":false,"path_per_floor":["R","M","?","?","?","?","T","M","R","?","R","M","E","M","M","B"],"character_chosen":"THE_CHAMP","items_purchased":[],"campfire_rested":0,"item_purchase_floors":[],"current_hp_per_floor":[90,90,90,63,63,63,63,63,73,73,73,73,65,60,46,0,0,0],"gold":99,"neow_bonus":"THREE_ENEMY_KILL","is_daily":false,"chose_seed":false,"campfire_upgraded":3,"win_rate":0.0,"timestamp":1612256040,"path_taken":["R","M","?","?","?","?","T","M","R","?","R","?","E","M","M","BOSS"],"items_purchased_type":[],"build_version":"2020-12-22","purchased_purges":0,"victory":false,"max_hp_per_floor":[90,90,90,90,90,90,90,90,100,100,100,100,100,100,102,102,102,102],"card_choices":[{"not_picked":["champ:RapidStrikes","champ:Backstep"],"picked":"champ:PerfectedStrike","floor":2},{"not_picked":["champ:AdrenalArmor","champ:BringItOn"],"picked":"champ:Endure","floor":8},{"not_picked":["champ:GutPunch+1","champ:PreemptiveStrike+1"],"picked":"champ:StanceDance","floor":12},{"not_picked":["champ:IronFortress","champ:TornadoPunch+1"],"picked":"champ:FanOfKnives+1","floor":13},{"not_picked":["champ:EnGarde","champ:Backstep"],"picked":"champ:EndlessRage","floor":14},{"not_picked":["champ:EnGarde","champ:FocusedDefense","champ:BerserkersShout"],"picked":"Singing Bowl","floor":15}],"player_experience":314460,"relics_obtained":[{"floor":13,"key":"Singing Bowl"}],"event_choices":[{"cards_removed":["Injury"],"damage_healed":0,"gold_gain":0,"player_choice":"Card Removal","damage_taken":0,"max_hp_gain":0,"max_hp_loss":0,"event_name":"The Cleric","floor":10,"gold_loss":0}],"is_beta":false,"boss_relics":[],"items_purged_floors":[],"is_endless":false,"potions_floor_spawned":[14,15],"killed_by":"SI_SHIV_ARCHETYPE","ascension_level":1}}