{"host":"qyez2yslpe45fpbf","time":1612307816,"event":{"mods":["BaseMod","BetterRewards","Colored Map","Minty Spire (QoL Compilation)","Shop Mod","Spires And Sneckos","StSLib"],"gold_per_floor":[115,115,128,148,148,178,212,246,272,272,307,307,307,84,84,186,186,197,197,197,197,232,259,259,285,285,285,318,349,93,121,121,224,274,292,340,340,375,14,48,48,68,68,86,113,128,78,128,128,128],"floor_reached":51,"language":"ENG","playtime":2377,"items_purged":["Heavy Blade","Armaments+1","Ghostly Armor","Iron Wave"],"score":1396,"play_id":"2cbd78ef-e95f-40a9-b5c1-4131840fb8f0","local_time":"20210203001656","daily_mods":["SealedDeck","Heirloom","Time Dilation","Flight","DeadlyEvents","Elite Swarm"],"is_ascension_mode":false,"campfire_choices":[{"data":"Armaments","floor":10,"key":"SMITH"},{"data":"Limit Break","floor":13,"key":"SMITH"},{"data":"Inflame","floor":15,"key":"SMITH"},{"data":"Offering","floor":24,"key":"SMITH"},{"data":"Limit Break","floor":27,"key":"SMITH"},{"data":"Offering","floor":32,"key":"SMITH"},{"data":"Flex","floor":49,"key":"SMITH"}],"circlet_count":0,"master_deck":["Flex","Iron Wave","Pummel","Inflame+1","Flex+1","Shrug It Off+1","Battle Trance","Spot Weakness","Offering+1","Limit Break+1","Limit Break+1","Offering+1","Flash of Steel","Whirlwind+1"],"relics":["Burning Blood","FossilizedHelix","PreservedInsect","Tiny Chest","Blue Candle","Toy Ornithopter","Shovel","Bottled Tornado","Medical Kit","Philosopher\u0027s Stone","Self Forming Clay","InkBottle","Ancient Tea Set","Lizard Tail","Ornamental Fan","Dream Catcher","Regal Pillow","HandDrill","Magic Flower","Tiny House","Smiling Mask","StoneCalendar","Membership Card","MerchantsRug","Boot","Shuriken","Paper Frog","Unceasing Top"],"acts_visited":["Exordium","TheCity","TheBeyond"],"potions_floor_usage":[6,6,16,23,33,38,50,50],"damage_taken":[{"damage":0,"enemies":"2 Louse","floor":1,"turns":2},{"damage":0,"enemies":"Cultist","floor":3,"turns":2},{"damage":0,"enemies":"Small Slimes","floor":4,"turns":2},{"damage":0,"enemies":"Lagavulin","floor":6,"turns":3},{"damage":0,"enemies":"3 Sentries","floor":7,"turns":4},{"damage":0,"enemies":"Lagavulin","floor":8,"turns":4},{"damage":0,"enemies":"Gremlin Nob","floor":11,"turns":2},{"damage":0,"enemies":"Slime Boss","floor":16,"turns":3},{"damage":0,"enemies":"Spheric Guardian","floor":18,"turns":3},{"damage":0,"enemies":"Gremlin Leader","floor":22,"turns":2},{"damage":6,"enemies":"Slavers","floor":23,"turns":2},{"damage":0,"enemies":"Book of Stabbing","floor":25,"turns":2},{"damage":6,"enemies":"Gremlin Leader","floor":28,"turns":2},{"damage":3,"enemies":"Slavers","floor":29,"turns":2},{"damage":6,"enemies":"Book of Stabbing","floor":31,"turns":2},{"damage":6,"enemies":"Automaton","floor":33,"turns":1},{"damage":6,"enemies":"3 Shapes","floor":35,"turns":3},{"damage":31,"enemies":"Nemesis","floor":38,"turns":3},{"damage":6,"enemies":"Reptomancer","floor":40,"turns":1},{"damage":6,"enemies":"Orb Walker","floor":42,"turns":1},{"damage":6,"enemies":"Spire Growth","floor":44,"turns":1},{"damage":34,"enemies":"Nemesis","floor":45,"turns":3},{"damage":0,"enemies":"Sphere and 2 Shapes","floor":46,"turns":1},{"damage":6,"enemies":"Mind Bloom Boss Battle","floor":48,"turns":1},{"damage":12,"enemies":"Time Eater","floor":50,"turns":2}],"seed_played":"5508870116533781505","potions_obtained":[{"floor":1,"key":"BlessingOfTheForge"},{"floor":3,"key":"PowerPotion"},{"floor":6,"key":"LiquidBronze"},{"floor":8,"key":"SteroidPotion"},{"floor":18,"key":"PowerPotion"},{"floor":22,"key":"ColorlessPotion"},{"floor":28,"key":"BloodPotion"},{"floor":33,"key":"CultistPotion"},{"floor":34,"key":"CultistPotion"},{"floor":40,"key":"LiquidBronze"},{"floor":44,"key":"Strength Potion"}],"is_trial":true,"path_per_floor":["M","?","M","M","?","E","E","E","T","R","E","T","R","$","R","B",null,"M","?","?","T","E","E","R","E","T","R","E","E","$","E","R","B",null,"M","T","?","E","$","E","$","M","T","M","E","M","$","?","R","B",null],"character_chosen":"IRONCLAD","items_purchased":["Medical Kit","HandDrill","Flash of Steel","Membership Card","MerchantsRug"],"campfire_rested":0,"item_purchase_floors":[14,30,39,39,39],"current_hp_per_floor":[80,80,80,80,80,80,80,80,80,80,80,80,80,80,80,80,80,80,80,80,80,80,80,80,80,80,80,80,80,80,80,80,80,85,85,85,85,85,85,85,85,85,85,85,60,69,69,72,72,82],"gold":128,"neow_bonus":"","is_daily":false,"chose_seed":false,"campfire_upgraded":7,"win_rate":0.0,"timestamp":1612307816,"path_taken":["M","?","?","M","?","E","E","E","T","R","E","?","R","$","R","BOSS","M","?","?","?","?","E","R","E","T","R","E","E","?","?","R","BOSS","M","?","?","?","$","E","$","M","T","M","E","M","$","?","R","BOSS"],"items_purchased_type":["Relic","Relic","Card","Relic","Relic"],"build_version":"2020-12-22","purchased_purges":4,"victory":true,"max_hp_per_floor":[80,80,80,80,80,80,80,80,80,80,80,80,80,80,80,80,80,80,80,80,80,80,80,80,80,80,80,80,80,80,80,80,80,85,85,85,85,85,85,85,85,85,85,85,85,85,85,85,85,85],"card_choices":[{"not_picked":["Body Slam","Anger"],"picked":"Heavy Blade","floor":1},{"not_picked":["Clash","Sword Boomerang"],"picked":"Spot Weakness","floor":3},{"not_picked":["Anger","Body Slam","Warcry"],"picked":"SKIP","floor":4},{"not_picked":["Feed","Reaper"],"picked":"Offering","floor":6},{"not_picked":["Demon Form","Brutality"],"picked":"Limit Break","floor":7},{"not_picked":["Bludgeon","Impervious","Brutality"],"picked":"SKIP","floor":8},{"not_picked":["Fiend Fire","Double Tap","Demon Form"],"picked":"SKIP","floor":11},{"not_picked":["Sword Boomerang","Fire Breathing","Clothesline+1"],"picked":"SKIP","floor":18},{"not_picked":["Demon Form","Juggernaut","Corruption"],"picked":"SKIP","floor":22},{"not_picked":["Immolate","Double Tap"],"picked":"Limit Break","floor":23},{"not_picked":["Exhume","Limit Break"],"picked":"Offering","floor":25},{"not_picked":["Exhume","Corruption","Demon Form"],"picked":"SKIP","floor":28},{"not_picked":["Double Tap","Corruption","Reaper"],"picked":"SKIP","floor":29},{"not_picked":["Barricade","Impervious","Brutality"],"picked":"SKIP","floor":31},{"not_picked":["Bloodletting+1","Blood for Blood","Clash+1"],"picked":"SKIP","floor":35},{"not_picked":["Feed","Impervious","Exhume"],"picked":"SKIP","floor":38},{"not_picked":["Fiend Fire","Juggernaut","Double Tap"],"picked":"SKIP","floor":40},{"not_picked":["Perfected Strike","Shrug It Off","Dark Embrace+1"],"picked":"SKIP","floor":42},{"not_picked":["Sentinel+1","Body Slam"],"picked":"Whirlwind+1","floor":44},{"not_picked":["Berserk","Impervious","Brutality"],"picked":"SKIP","floor":45},{"not_picked":["Iron Wave","Perfected Strike+1","Intimidate+1"],"picked":"SKIP","floor":46}],"player_experience":13797,"relics_obtained":[{"floor":6,"key":"PreservedInsect"},{"floor":7,"key":"Tiny Chest"},{"floor":8,"key":"Blue Candle"},{"floor":9,"key":"Toy Ornithopter"},{"floor":11,"key":"Shovel"},{"floor":12,"key":"Bottled Tornado"},{"floor":21,"key":"Self Forming Clay"},{"floor":22,"key":"InkBottle"},{"floor":23,"key":"Ancient Tea Set"},{"floor":25,"key":"Lizard Tail"},{"floor":26,"key":"Ornamental Fan"},{"floor":28,"key":"Dream Catcher"},{"floor":29,"key":"Regal Pillow"},{"floor":31,"key":"Magic Flower"},{"floor":36,"key":"Smiling Mask"},{"floor":38,"key":"StoneCalendar"},{"floor":40,"key":"Boot"},{"floor":43,"key":"Shuriken"},{"floor":45,"key":"Paper Frog"},{"floor":48,"key":"Unceasing Top"}],"event_choices":[{"damage_healed":0,"gold_gain":0,"player_choice":"Ignored","damage_taken":0,"max_hp_gain":0,"max_hp_loss":0,"event_name":"Transmorgrifier","floor":2,"gold_loss":0},{"damage_healed":0,"gold_gain":0,"player_choice":"Leave","damage_taken":0,"max_hp_gain":0,"max_hp_loss":0,"event_name":"The Cleric","floor":5,"gold_loss":0},{"damage_healed":0,"gold_gain":0,"player_choice":"Ignored","damage_taken":0,"max_hp_gain":0,"max_hp_loss":0,"event_name":"Ghosts","floor":19,"gold_loss":0},{"damage_healed":0,"gold_gain":0,"player_choice":"Ignored","damage_taken":0,"max_hp_gain":0,"max_hp_loss":0,"event_name":"Cursed Tome","floor":20,"gold_loss":0},{"damage_healed":0,"gold_gain":0,"player_choice":"Ignored","damage_taken":0,"max_hp_gain":0,"max_hp_loss":0,"event_name":"Tomb of Lord Red Mask","floor":37,"gold_loss":0},{"damage_healed":0,"gold_gain":0,"player_choice":"Fight","damage_taken":0,"max_hp_gain":0,"max_hp_loss":0,"event_name":"MindBloom","floor":48,"gold_loss":0}],"is_beta":false,"boss_relics":[{"not_picked":["Empty Cage","Cursed Key"],"picked":"Philosopher\u0027s Stone"},{"not_picked":["Runic Cube","Busted Crown"],"picked":"Tiny House"}],"items_purged_floors":[14,30,39,47],"is_endless":false,"potions_floor_spawned":[1,3,6,8,18,22,28,33,40,44,45,48],"ascension_level":0}}