{"host":"c3lc60y5x60jlt1y","time":1612284228,"event":{"mods":["AchievementEnabler","BaseMod","Bestiary","Colored Map","Minty Spire (QoL Compilation)","Quick Restart","StSLib","ojb\u0027s Info Mod"],"gold_per_floor":[115,132,57,73,73,107,107,126,126,126,126],"floor_reached":10,"language":"ENG","playtime":302,"items_purged":[],"score":136,"play_id":"c4778c94-feb2-41c1-988b-2bbe7340e428","local_time":"20210202184348","is_ascension_mode":true,"campfire_choices":[{"floor":7,"key":"REST"}],"circlet_count":0,"master_deck":["AscendersBane","Strike_P","Strike_P","Strike_P","Defend_P","Defend_P","Defend_P","Defend_P","Eruption","Vigilance","CurseOfTheBell","LikeWater","Ragnarok","PathToVictory","Blasphemy","Sanctity"],"relics":["Calling Bell","Bag of Marbles","InkBottle","FossilizedHelix","Golden Idol","HornCleat","Mummified Hand"],"acts_visited":["Exordium"],"potions_floor_usage":[],"damage_taken":[{"damage":0.0,"enemies":"2 Louse","floor":1.0,"turns":3.0},{"damage":8.0,"enemies":"Small Slimes","floor":2.0,"turns":6.0},{"damage":0.0,"enemies":"Jaw Worm","floor":4.0,"turns":3.0},{"damage":40,"enemies":"Lagavulin","floor":6,"turns":6},{"damage":0,"enemies":"Looter","floor":8,"turns":3},{"damage":35,"enemies":"3 Sentries","floor":10,"turns":4}],"seed_played":"8255266011370908610","potions_obtained":[{"floor":2.0,"key":"SpeedPotion"},{"floor":8,"key":"BlessingOfTheForge"}],"is_trial":false,"path_per_floor":["M","M","?","M","?","E","R","M","T","E"],"character_chosen":"WATCHER","items_purchased":[],"campfire_rested":1,"item_purchase_floors":[],"current_hp_per_floor":[61,53,53,53,53,13,31,31,31,0,0],"gold":126,"neow_bonus":"BOSS_RELIC","is_daily":false,"chose_seed":false,"campfire_upgraded":0,"win_rate":0.0,"timestamp":1612284228,"path_taken":["M","M","?","M","?","E","R","M","T","E"],"items_purchased_type":[],"build_version":"2020-12-22","purchased_purges":0,"victory":false,"max_hp_per_floor":[68,68,68,68,62,62,62,62,62,62,62],"card_choices":[{"not_picked":["WindmillStrike","FollowUp"],"picked":"LikeWater","floor":1.0},{"not_picked":["Consecrate","FlurryOfBlows"],"picked":"Ragnarok","floor":2.0},{"not_picked":["Protect","EmptyBody"],"picked":"PathToVictory","floor":4.0},{"not_picked":["Prostrate","WheelKick"],"picked":"Blasphemy","floor":6},{"not_picked":["PathToVictory","EmptyBody"],"picked":"Sanctity","floor":8}],"player_experience":8928203,"relics_obtained":[{"floor":0.0,"key":"Bag of Marbles"},{"floor":0.0,"key":"InkBottle"},{"floor":0.0,"key":"FossilizedHelix"},{"floor":6,"key":"HornCleat"},{"floor":9,"key":"Mummified Hand"}],"event_choices":[{"cards_removed":["Strike_P"],"damage_healed":0.0,"max_hp_gain":0.0,"max_hp_loss":0.0,"gold_gain":0.0,"event_name":"The Cleric","player_choice":"Card Removal","floor":3.0,"gold_loss":75.0,"damage_taken":0.0},{"damage_healed":0.0,"max_hp_gain":0.0,"max_hp_loss":6.0,"gold_gain":0.0,"event_name":"Golden Idol","player_choice":"Lose Max HP","floor":5.0,"gold_loss":0.0,"damage_taken":0.0,"relics_obtained":["Golden Idol"]}],"is_beta":false,"boss_relics":[],"items_purged_floors":[],"is_endless":false,"potions_floor_spawned":[2,8],"killed_by":"3 Sentries","ascension_level":20}}