{"host":"bplbr8uekuotory4","time":1612262070,"event":{"mods":["Act Like it!","BaseMod","GungeonMod","Hermit","KinomotoSakuraMod(木之本樱)","Marisa（F雨　魔理沙）","Minty Spire (QoL Compilation)","Prisma Mod","Quick Restart","Reimu（博丽灵梦）","SOS（斯巴达之子）","Spicy Shops","StSLib","TestMod","The Blackbeard","The Cursed","The Mystic","The Poker Player","The Saiyan","The Senshi","The Servant 0.9.4","Yuri Mod","[IsaacMod]以撒尖塔"],"gold_per_floor":[118,46,446,509,509,509,537,537,537,572,572,572,584,601,601,703,703,715,747,763,813,825,856,856,881,881,952,967,984,717,747,747,847,847,864,929,948,948,948,980,980,980,1057,1072,1072,1102,1119,1139,1139,1139,1139,1139,1089,1114,1114],"floor_reached":56,"language":"ZHS","playtime":1457,"items_purged":["theSenshi:SailorBlock","theSenshi:SailorKick","theSenshi:SailorKick"],"score":1940,"play_id":"7fd40e1d-6e03-4818-9d75-bcd40d918a5e","local_time":"20210202183430","is_ascension_mode":true,"campfire_choices":[{"data":"theSenshi:RoseThrow","floor":6.0,"key":"SMITH"},{"data":"theSenshi:UranusStrength","floor":8.0,"key":"SMITH"},{"data":"theSenshi:SailorKick","floor":12.0,"key":"SMITH"},{"data":"theSenshi:LunasBite","floor":15.0,"key":"SMITH"},{"data":"theSenshi:MoonCrisisMakeUp","floor":32,"key":"SMITH"},{"data":"theSenshi:IWillPunishYou","floor":41,"key":"SMITH"},{"data":"theSenshi:MoonPrincessHalation","floor":45,"key":"SMITH"},{"floor":49,"key":"RECALL"},{"data":"theSenshi:SailorCosmosAssists","floor":52,"key":"SMITH"}],"circlet_count":0,"master_deck":["theSenshi:SailorKick","theSenshi:SailorKick+1","theSenshi:SailorBlock","theSenshi:SailorBlock","theSenshi:RoseThrow+1","theSenshi:MoonPrismPowerMakeUp+1","theSenshi:UranusStrength+1","theSenshi:LunasBite+1","theSenshi:IWillPunishYou+1","theSenshi:MoonPrincessHalation+1","theSenshi:MoonCrystalPowerMakeUp+1","theSenshi:MoonCrisisMakeUp+1","theSenshi:SailorCosmosAssists+1","theSenshi:KlutzyLuck+1","theSenshi:MoonCosmicPowerMakeUp+1"],"relics":["theSenshi:TransformationBroochRelic","testmod-TestBox","HushsDoor","MoneyPower","testmod-PortableAltar","NeowsBlessing","Toy Ornithopter","theSenshi:HolyGrailRelic","CrazyTorch:ReiMu","Akabeko","testmod-Prudence","GuppysTail","Red Mask","Dream Catcher","Bottled Tornado","Bronze Scales","DemoMod:JetPack","theSenshi:CrescentMoonWandRelic","Membership Card","Toolbox","Ancient Tea Set","testmod-CardMagician","Mango","Oddly Smooth Stone","Strawberry","theSenshi:TransformationPenRelic","Lantern","Nunchaku"],"acts_visited":["Exordium","TheCity","TheBeyond","TheEnding"],"potions_floor_usage":[33,55,55],"damage_taken":[{"damage":2.0,"enemies":"2 Louse","floor":1.0,"turns":2.0},{"damage":1.0,"enemies":"3 Sentries","floor":7.0,"turns":2.0},{"damage":0.0,"enemies":"Lagavulin","floor":10.0,"turns":1.0},{"damage":0.0,"enemies":"Jaw Worm","floor":13.0,"turns":1.0},{"damage":0.0,"enemies":"Cultist","floor":14.0,"turns":2.0},{"damage":2.0,"enemies":"The Guardian","floor":16.0,"turns":8.0},{"damage":0.0,"enemies":"3 Byrds","floor":18.0,"turns":3.0},{"damage":8.0,"enemies":"Masked Bandits","floor":19.0,"turns":3.0},{"damage":0.0,"enemies":"Chosen","floor":20.0,"turns":1.0},{"damage":4.0,"enemies":"Hiden Room Battle","floor":21.0,"turns":3.0},{"damage":0.0,"enemies":"Snake Plant","floor":22.0,"turns":1.0},{"damage":0.0,"enemies":"Gremlin Leader","floor":23.0,"turns":3.0},{"damage":0.0,"enemies":"Slavers","floor":25.0,"turns":3.0},{"damage":0,"enemies":"Shelled Parasite and Fungi","floor":28,"turns":1},{"damage":0,"enemies":"Snecko","floor":29,"turns":2},{"damage":0,"enemies":"Gremlin Leader","floor":31,"turns":3},{"damage":0,"enemies":"Collector","floor":33,"turns":3},{"damage":0,"enemies":"Orb Walker","floor":35,"turns":1},{"damage":0,"enemies":"2 Orb Walkers","floor":36,"turns":2},{"damage":0,"enemies":"3 Shapes","floor":37,"turns":2},{"damage":0,"enemies":"Reptomancer","floor":40,"turns":1},{"damage":0,"enemies":"Writhing Mass","floor":44,"turns":1},{"damage":0,"enemies":"Nemesis","floor":46,"turns":1},{"damage":0,"enemies":"Sphere and 2 Shapes","floor":47,"turns":2},{"damage":0,"enemies":"4 Shapes","floor":48,"turns":3},{"damage":0,"enemies":"Time Eater","floor":50,"turns":1},{"damage":0,"enemies":"Shield and Spear","floor":54,"turns":3},{"damage":28,"enemies":"The Heart","floor":55,"turns":5}],"seed_played":"-9197197879887690986","potions_obtained":[{"floor":1.0,"key":"SkillPotion"},{"floor":10.0,"key":"Swift Potion"},{"floor":16.0,"key":"SteroidPotion"},{"floor":20.0,"key":"Energy Potion"},{"floor":23.0,"key":"Explosive Potion"},{"floor":25.0,"key":"Fire Potion"},{"floor":28,"key":"PowerPotion"},{"floor":33,"key":"Dexterity Potion"}],"is_trial":false,"path_per_floor":["M","$","?","?","?","R","E","R","T","E","?","R","M","M","R","B",null,"M","?","M","?","M","E","?","E","T","T","M","M","$","E","R","B",null,"M","?","M","?","?","E","R","?","T","M","R","E","M","M","R","B",null,"R","$","E","B",null],"character_chosen":"THE_SENSHI","items_purchased":["Toy Ornithopter","GuppysTail","Membership Card","Toolbox"],"campfire_rested":0,"item_purchase_floors":[2,17,30,30],"current_hp_per_floor":[72,72,72,56,56,56,55,55,55,55,60,60,60,60,60,62,48,47,38,38,19,19,19,19,29,29,29,29,29,29,29,29,32,31,30,43,42,41,25,32,32,76,76,76,76,76,76,76,76,76,79,78,77,76,44],"gold":1114,"neow_bonus":"THREE_ENEMY_KILL","is_daily":false,"chose_seed":false,"campfire_upgraded":8,"win_rate":0.0,"timestamp":1612262070,"path_taken":["M","$","?","?","?","R","E","R","T","E","?","R","?","M","R","BOSS","M","?","M","?","?","E","?","E","T","?","?","M","?","E","R","BOSS","M","?","?","?","?","E","R","?","T","?","R","E","M","M","R","BOSS","R","$","E","BOSS"],"items_purchased_type":["Relic","Relic","Relic","Relic"],"build_version":"2020-12-22","purchased_purges":3,"victory":true,"max_hp_per_floor":[74,73,72,71,70,69,68,67,66,65,69,68,67,66,65,64,48,47,46,45,44,43,42,41,40,39,38,37,36,35,34,33,32,31,30,43,42,41,40,46,45,88,87,86,85,84,83,82,81,80,79,78,77,76,72],"card_choices":[{"not_picked":["theSenshi:TuxedoSmokingBomber","theSenshi:MoonlightKnight","theSenshi:YouCanTalk"],"picked":"SKIP","floor":1.0},{"not_picked":["theSenshi:MoonKick","theSenshi:MoonTwilightFlash"],"picked":"theSenshi:UranusStrength","floor":7.0},{"not_picked":["theSenshi:MoonHealingEscalation","theSenshi:DramaticEntrance","theSenshi:MoonTwilightFlash"],"picked":"SKIP","floor":10.0},{"not_picked":["theSenshi:SaturnsMystery","theSenshi:SailorV"],"picked":"theSenshi:LunasBite","floor":13.0},{"not_picked":["theSenshi:SailorPlanetPower","theSenshi:VenusGlamour","theSenshi:EncouragingSpeech"],"picked":"SKIP","floor":14.0},{"not_picked":["theSenshi:JupitersPower","theSenshi:LunaSensingAllies"],"picked":"theSenshi:IWillPunishYou","floor":16.0},{"not_picked":["theSenshi:SailorUranusAssists","theSenshi:KlutzyLuck","theSenshi:SupersonicWaves"],"picked":"SKIP","floor":18.0},{"not_picked":["theSenshi:SailorChibiMoonAssists","theSenshi:MoonsReflection","theSenshi:MoonPunch+1"],"picked":"SKIP","floor":20.0},{"not_picked":["theSenshi:InTheNameOfTheMoon","theSenshi:EncouragingSpeech"],"picked":"theSenshi:MoonPrincessHalation","floor":22.0},{"not_picked":["theSenshi:OdangoHead","theSenshi:SailorVenusAssists","theSenshi:SailorPlanetAttack"],"picked":"SKIP","floor":23.0},{"not_picked":["theSenshi:Sidestep","theSenshi:LateForSchool+1"],"picked":"theSenshi:MoonCrystalPowerMakeUp+1","floor":25.0},{"not_picked":["theSenshi:MoonTwilightFlash+1","theSenshi:SilverMoonCrystalPowerKiss","theSenshi:SupersonicWaves"],"picked":"SKIP","floor":28},{"not_picked":["theSenshi:SaturnsMystery","theSenshi:SailorPlanetPower+1"],"picked":"theSenshi:MoonCrisisMakeUp","floor":29},{"not_picked":["theSenshi:SailorUranusAssists","theSenshi:TuxedoMaskAssists+1","theSenshi:SailorPlanetAttack"],"picked":"SKIP","floor":31},{"not_picked":["theSenshi:FatedKiss","theSenshi:ChibiMoonsLove"],"picked":"theSenshi:SailorCosmosAssists","floor":33},{"not_picked":["theSenshi:SailorStarMakerAssists+1","theSenshi:CrisisMakeUp+1","theSenshi:MoonSpiralHeartAttack+1"],"picked":"SKIP","floor":35},{"not_picked":["theSenshi:TallSilhouette","theSenshi:SailorMercuryAssists"],"picked":"theSenshi:KlutzyLuck+1","floor":37},{"not_picked":["theSenshi:SailorCosmosAssists","theSenshi:Sidestep+1","theSenshi:SailorVenusAssists+1"],"picked":"SKIP","floor":40},{"not_picked":["theSenshi:EncouragingSpeech+1","theSenshi:KlutzyLuck+1","theSenshi:MoonKick"],"picked":"SKIP","floor":44},{"not_picked":["theSenshi:MoonlightKnight+1","theSenshi:KlutzyLuck","theSenshi:YouCanTalk"],"picked":"SKIP","floor":46},{"not_picked":["theSenshi:EncouragingSpeech+1","theSenshi:Sidestep"],"picked":"theSenshi:MoonCosmicPowerMakeUp+1","floor":47},{"not_picked":["theSenshi:MercurysCunning","theSenshi:MoonTwilightFlash+1","theSenshi:MoonKick"],"picked":"SKIP","floor":48},{"not_picked":["theSenshi:LateForSchool+1","theSenshi:NeptunesGrace+1","theSenshi:MoonPrincessHalation+1"],"picked":"SKIP","floor":54}],"player_experience":1104992,"relics_obtained":[{"floor":7.0,"key":"theSenshi:HolyGrailRelic"},{"floor":9.0,"key":"CrazyTorch:ReiMu"},{"floor":10.0,"key":"Akabeko"},{"floor":19.0,"key":"Red Mask"},{"floor":21.0,"key":"Dream Catcher"},{"floor":21.0,"key":"Bottled Tornado"},{"floor":23.0,"key":"Bronze Scales"},{"floor":25.0,"key":"DemoMod:JetPack"},{"floor":27,"key":"theSenshi:CrescentMoonWandRelic"},{"floor":31,"key":"Ancient Tea Set"},{"floor":36,"key":"Mango"},{"floor":40,"key":"Strawberry"},{"floor":43,"key":"theSenshi:TransformationPenRelic"},{"floor":46,"key":"Lantern"},{"floor":54,"key":"Nunchaku"}],"event_choices":[{"damage_healed":0.0,"max_hp_gain":0.0,"max_hp_loss":0.0,"gold_gain":400.0,"event_name":"恩洛斯的盘子","player_choice":"Sell","floor":3.0,"relics_lost":["DemoMod:GlassGuonStoneRelic"],"gold_loss":0.0,"damage_taken":0.0},{"damage_healed":0.0,"max_hp_gain":0.0,"max_hp_loss":0.0,"gold_gain":0.0,"event_name":"Upgrade Shrine","player_choice":"Upgraded","floor":5.0,"gold_loss":0.0,"damage_taken":0.0,"cards_upgraded":["theSenshi:MoonPrismPowerMakeUp"]},{"damage_healed":0.0,"max_hp_gain":5.0,"max_hp_loss":0.0,"gold_gain":0.0,"event_name":"Big Fish","player_choice":"Donut","floor":11.0,"gold_loss":0.0,"damage_taken":0.0},{"damage_healed":0.0,"max_hp_gain":0.0,"max_hp_loss":0.0,"gold_gain":0.0,"event_name":"Masked Bandits","player_choice":"Fought Bandits","floor":19.0,"gold_loss":0.0,"damage_taken":0.0},{"damage_healed":0.0,"max_hp_gain":0.0,"max_hp_loss":0.0,"gold_gain":0.0,"event_name":"HidenRoomEvent","player_choice":"Fight","floor":21.0,"gold_loss":0.0,"damage_taken":0.0},{"damage_healed":0.0,"max_hp_gain":0.0,"max_hp_loss":0.0,"gold_gain":0.0,"event_name":"Vampires","player_choice":"Ignored","floor":24.0,"gold_loss":0.0,"damage_taken":0.0},{"damage_healed":0,"gold_gain":0,"player_choice":"Fight","damage_taken":0,"max_hp_gain":0,"max_hp_loss":0,"event_name":"Mysterious Sphere","floor":36,"gold_loss":0},{"cards_removed":["theSenshi:SailorBlock"],"damage_healed":0,"gold_gain":0,"player_choice":"Removed Skill","damage_taken":0,"max_hp_gain":0,"max_hp_loss":0,"event_name":"Falling","floor":38,"gold_loss":0},{"damage_healed":0,"gold_gain":0,"player_choice":"Swap Relic","damage_taken":0,"relics_obtained":["testmod-HarvestTotem"],"max_hp_gain":0,"max_hp_loss":0,"event_name":"给自己的盒子","floor":42,"relics_lost":["testmod-HarvestTotem"],"gold_loss":0}],"is_beta":false,"boss_relics":[{"not_picked":["testmod-Temperance","Fusion Hammer"],"picked":"testmod-Prudence"},{"not_picked":[]},{"not_picked":["theSenshi:EternalSailorFukuRelic","Velvet Choker"],"picked":"testmod-CardMagician"},{"not_picked":[]}],"items_purged_floors":[17,30,53],"is_endless":false,"potions_floor_spawned":[1,10,16,20,23,25,28,33,35,40,46],"ascension_level":1}}