{"host":"n0aqkby80ppfgdru","time":1612298314,"event":{"mods":["BaseMod","Block Reminder","Minty Spire (QoL Compilation)","Permanent Neow","Quick Restart"],"gold_per_floor":[411,411,391,404,422,422,452,452,475,491,522,522,550,568,568,640,640,659,659,659,674,690,717,717,747,747,771,771,782,782,810,810,810,810],"floor_reached":33,"language":"ENG","playtime":1140,"items_purged":[],"score":653,"play_id":"6410fe0d-ce44-4fb8-91ef-d9996dc22251","local_time":"20210202153834","is_ascension_mode":true,"campfire_choices":[{"data":"Blade Dance","floor":6.0,"key":"SMITH"},{"floor":8.0,"key":"REST"},{"data":"Accuracy","floor":12.0,"key":"SMITH"},{"floor":15.0,"key":"REST"},{"data":"Caltrops","floor":24.0,"key":"SMITH"},{"data":"Strike_G+1","floor":28.0,"key":"PURGE"},{"floor":32,"key":"REST"}],"circlet_count":0,"master_deck":["AscendersBane","Strike_G+1","Strike_G+1","Strike_G+1","Strike_G+1","Defend_G+1","Defend_G+1","Defend_G+1","Defend_G+1","Defend_G+1","Survivor","Neutralize","CurseOfTheBell","Blade Dance+1","Blade Dance","Accuracy+1","Finisher","Well Laid Plans","PiercingWail","Caltrops+1","Adrenaline"],"relics":["Calling Bell","Vajra","Mummified Hand","Old Coin","Boot","Lantern","PreservedInsect","Ice Cream","WristBlade","Blood Vial","Peace Pipe","Paper Crane","Bag of Preparation","Toy Ornithopter"],"acts_visited":["TheCity"],"potions_floor_usage":[32],"damage_taken":[{"damage":7.0,"enemies":"Jaw Worm","floor":1.0,"turns":4.0},{"damage":0.0,"enemies":"Cultist","floor":4.0,"turns":5.0},{"damage":6.0,"enemies":"2 Louse","floor":5.0,"turns":4.0},{"damage":17.0,"enemies":"Lagavulin","floor":7.0,"turns":4.0},{"damage":3.0,"enemies":"Blue Slaver","floor":10.0,"turns":3.0},{"damage":0.0,"enemies":"Gremlin Nob","floor":11.0,"turns":2.0},{"damage":17.0,"enemies":"Lagavulin","floor":13.0,"turns":6.0},{"damage":0.0,"enemies":"Red Slaver","floor":14.0,"turns":1.0},{"damage":6.0,"enemies":"Hexaghost","floor":16.0,"turns":10.0},{"damage":0.0,"enemies":"3 Byrds","floor":18.0,"turns":3.0},{"damage":6.0,"enemies":"Shell Parasite","floor":21.0,"turns":3.0},{"damage":6.0,"enemies":"Centurion and Healer","floor":22.0,"turns":4.0},{"damage":0.0,"enemies":"Slavers","floor":23.0,"turns":4.0},{"damage":17.0,"enemies":"Gremlin Leader","floor":25.0,"turns":6.0},{"damage":18.0,"enemies":"Snecko","floor":29.0,"turns":4.0},{"damage":6.0,"enemies":"Slavers","floor":31.0,"turns":3.0},{"damage":50,"enemies":"Automaton","floor":33,"turns":6}],"seed_played":"-943528530735798592","potions_obtained":[{"floor":1.0,"key":"Strength Potion"},{"floor":3.0,"key":"Energy Potion"},{"floor":4.0,"key":"SpeedPotion"},{"floor":14.0,"key":"LiquidBronze"},{"floor":16.0,"key":"Block Potion"},{"floor":23.0,"key":"Fruit Juice"},{"floor":29.0,"key":"AttackPotion"}],"is_trial":false,"path_per_floor":["M","?","?","M","M","R","E","R","T","M","E","R","E","M","R","B",null,"M","?","?","M","M","E","R","E","T","T","R","M","?","E","R","B"],"character_chosen":"THE_SILENT","items_purchased":[],"campfire_rested":3,"item_purchase_floors":[],"current_hp_per_floor":[52,52,52,52,46,46,29,48,48,45,45,45,28,28,47,41,60,60,60,60,54,48,48,48,33,33,33,33,17,17,13,44,0,0],"gold":810,"neow_bonus":"BOSS_RELIC","is_daily":false,"chose_seed":false,"campfire_upgraded":3,"win_rate":0.0,"timestamp":1612298314,"path_taken":["M","?","?","M","M","R","E","R","T","?","E","R","E","M","R","BOSS","M","?","?","M","M","E","R","E","T","?","R","?","?","E","R","BOSS"],"items_purchased_type":[],"build_version":"2020-12-22","purchased_purges":0,"victory":false,"max_hp_per_floor":[66,66,66,66,66,66,66,66,66,66,66,66,66,66,66,66,66,66,66,66,66,66,66,66,66,66,66,66,66,66,66,71,71,71],"card_choices":[{"not_picked":["Outmaneuver","Bane","Dodge and Roll"],"picked":"SKIP","floor":1.0},{"not_picked":["Concentrate","Acrobatics"],"picked":"Blade Dance","floor":4.0},{"not_picked":["Bullet Time","Quick Slash"],"picked":"Blade Dance","floor":5.0},{"not_picked":["Dagger Throw","PiercingWail"],"picked":"Accuracy","floor":7.0},{"not_picked":["Acrobatics","Deflect"],"picked":"Finisher","floor":10.0},{"not_picked":["Concentrate","Quick Slash","Setup"],"picked":"SKIP","floor":11.0},{"not_picked":["Die Die Die","Poisoned Stab"],"picked":"Well Laid Plans","floor":13.0},{"not_picked":["Endless Agony","Choke"],"picked":"PiercingWail","floor":14.0},{"not_picked":["Dodge and Roll","Prepared","Acrobatics"],"picked":"SKIP","floor":18.0},{"not_picked":["PiercingWail","Deflect","Prepared"],"picked":"SKIP","floor":21.0},{"not_picked":["Quick Slash","Acrobatics","Outmaneuver"],"picked":"SKIP","floor":22.0},{"not_picked":["Well Laid Plans","Dagger Throw"],"picked":"Caltrops","floor":23.0},{"not_picked":["Flying Knee","Quick Slash","Catalyst"],"picked":"SKIP","floor":25.0},{"not_picked":["PiercingWail","Dagger Throw+1","Outmaneuver"],"picked":"SKIP","floor":29.0},{"not_picked":["Dash","Predator"],"picked":"Adrenaline","floor":31.0}],"player_experience":1279855,"relics_obtained":[{"floor":0.0,"key":"Vajra"},{"floor":0.0,"key":"Mummified Hand"},{"floor":0.0,"key":"Old Coin"},{"floor":7.0,"key":"Boot"},{"floor":9.0,"key":"Lantern"},{"floor":11.0,"key":"PreservedInsect"},{"floor":13.0,"key":"Ice Cream"},{"floor":23.0,"key":"Blood Vial"},{"floor":25.0,"key":"Peace Pipe"},{"floor":26.0,"key":"Paper Crane"},{"floor":27.0,"key":"Bag of Preparation"},{"floor":31.0,"key":"Toy Ornithopter"}],"event_choices":[{"damage_healed":0.0,"max_hp_gain":0.0,"max_hp_loss":0.0,"gold_gain":0.0,"event_name":"Liars Game","player_choice":"Ignored","floor":2.0,"gold_loss":0.0,"damage_taken":0.0},{"damage_healed":0.0,"max_hp_gain":0.0,"max_hp_loss":0.0,"gold_gain":0.0,"event_name":"The Woman in Blue","player_choice":"Bought 1 Potion","floor":3.0,"gold_loss":0.0,"damage_taken":0.0},{"damage_healed":0.0,"max_hp_gain":0.0,"max_hp_loss":0.0,"gold_gain":0.0,"event_name":"The Mausoleum","player_choice":"Ignored","floor":19.0,"gold_loss":0.0,"damage_taken":0.0},{"damage_healed":0.0,"max_hp_gain":0.0,"max_hp_loss":0.0,"gold_gain":0.0,"event_name":"Back to Basics","player_choice":"Simplicity","floor":20.0,"gold_loss":0.0,"damage_taken":0.0,"cards_upgraded":["Strike_G","Strike_G","Strike_G","Strike_G","Strike_G","Defend_G","Defend_G","Defend_G","Defend_G","Defend_G"]},{"damage_healed":0.0,"max_hp_gain":0.0,"max_hp_loss":0.0,"gold_gain":0.0,"event_name":"Cursed Tome","player_choice":"Ignored","floor":30.0,"gold_loss":0.0,"damage_taken":0.0}],"is_beta":false,"boss_relics":[{"not_picked":["Ectoplasm","Velvet Choker"],"picked":"WristBlade"}],"items_purged_floors":[],"is_endless":false,"potions_floor_spawned":[1,4,14,16,18,21,23,29],"killed_by":"Automaton","ascension_level":15}}