{"host":"dztixnx9b0gu6w9i","time":1612237284,"event":{"mods":["BaseMod","Bestiary","Minty Spire (QoL Compilation)","Relic Stats","Slay the Relics Exporter","SpireBot","ojb\u0027s Better Paths Mod","ojb\u0027s Info Mod"],"gold_per_floor":[112,112,129,204,221,221,252,263,263,295,295,295,323,342,342,420,420,439,439,439,450,120,120,155,167,167,179,194,221,146,146,146,225,225,261,1260,280,280,335,335,370,370,370,418,131,5,55,95,95,125,125,125,125,36,70,70,70],"floor_reached":56,"language":"ENG","playtime":7985,"items_purged":["Writhe","Normality","Normality"],"score":1966,"play_id":"5437bf99-2183-4039-9b0b-3db3339a5557","local_time":"20210201224124","is_ascension_mode":true,"campfire_choices":[{"data":"Eruption","floor":6.0,"key":"SMITH"},{"data":"BowlingBash","floor":11.0,"key":"SMITH"},{"data":"Meditate","floor":15.0,"key":"SMITH"},{"data":"Vault","floor":23.0,"key":"SMITH"},{"data":"MentalFortress","floor":32.0,"key":"SMITH"},{"data":"Wish","floor":40.0,"key":"SMITH"},{"data":"Violence","floor":42.0,"key":"SMITH"},{"floor":49.0,"key":"RECALL"},{"data":"Adaptation","floor":53.0,"key":"SMITH"}],"circlet_count":0,"master_deck":["AscendersBane","Strike_P+1","Strike_P+1","Strike_P+1","Defend_P","Defend_P+1","Defend_P+1","Eruption+1","Vigilance+1","CurseOfTheBell","BowlingBash+1","Meditate+1","FlyingSleeves","EmptyFist","Evaluate+1","BowlingBash","Vault+1","Crescendo","Ragnarok+1","CrushJoints+1","CutThroughFate+1","CutThroughFate+1","ThirdEye+1","MentalFortress+1","LessonLearned+1","Wish+1","Adaptation+1","MentalFortress+1","Halt+1","Violence+1","Weave+1","JustLucky+1","TalkToTheHand+1","Tantrum+1","Wireheading+1","EmptyBody","FearNoEvil+1","EmptyBody","Protect+1"],"relics":["Calling Bell","Akabeko","The Courier","Lizard Tail","Sundial","Meat on the Bone","Bag of Preparation","Orichalcum","Coffee Dripper","Molten Egg 2","Sling","TeardropLocket","Ornamental Fan","Yang","Runic Dome","HornCleat","DollysMirror","Vajra","Mummified Hand","InkBottle","Shuriken","Frozen Eye","Boot"],"acts_visited":["Exordium","TheCity","TheBeyond","TheEnding"],"potions_floor_usage":[56],"damage_taken":[{"damage":2.0,"enemies":"Small Slimes","floor":1.0,"turns":3.0},{"damage":0.0,"enemies":"2 Louse","floor":3.0,"turns":1.0},{"damage":0.0,"enemies":"Cultist","floor":5.0,"turns":2.0},{"damage":3.0,"enemies":"3 Sentries","floor":7.0,"turns":5.0},{"damage":11.0,"enemies":"Looter","floor":8.0,"turns":2.0},{"damage":40.0,"enemies":"Lagavulin","floor":10.0,"turns":5.0},{"damage":0.0,"enemies":"3 Sentries","floor":13.0,"turns":4.0},{"damage":5.0,"enemies":"Large Slime","floor":14.0,"turns":9.0},{"damage":16.0,"enemies":"The Guardian","floor":16.0,"turns":15.0},{"damage":2.0,"enemies":"Chosen","floor":18.0,"turns":4.0},{"damage":0.0,"enemies":"Spheric Guardian","floor":21.0,"turns":1.0},{"damage":8.0,"enemies":"Book of Stabbing","floor":24.0,"turns":2.0},{"damage":0.0,"enemies":"Centurion and Healer","floor":25.0,"turns":8.0},{"damage":0.0,"enemies":"Snecko","floor":27.0,"turns":2.0},{"damage":0.0,"enemies":"Sentry and Sphere","floor":28.0,"turns":3.0},{"damage":0.0,"enemies":"Slavers","floor":29.0,"turns":1.0},{"damage":26.0,"enemies":"Automaton","floor":33.0,"turns":5.0},{"damage":0.0,"enemies":"3 Darklings","floor":35.0,"turns":4.0},{"damage":2.0,"enemies":"Giant Head","floor":41.0,"turns":5.0},{"damage":4.0,"enemies":"3 Shapes","floor":44.0,"turns":8.0},{"damage":14.0,"enemies":"Writhing Mass","floor":47.0,"turns":3.0},{"damage":0.0,"enemies":"3 Darklings","floor":48.0,"turns":4.0},{"damage":2.0,"enemies":"Donu and Deca","floor":50.0,"turns":5.0},{"damage":4.0,"enemies":"Time Eater","floor":51.0,"turns":6.0},{"damage":7.0,"enemies":"Shield and Spear","floor":55.0,"turns":6.0},{"damage":51,"enemies":"The Heart","floor":56,"turns":3}],"seed_played":"7279975199741639165","potions_obtained":[{"floor":1.0,"key":"BlessingOfTheForge"},{"floor":3.0,"key":"EssenceOfSteel"},{"floor":8.0,"key":"DuplicationPotion"},{"floor":14.0,"key":"LiquidMemories"},{"floor":18.0,"key":"Ancient Potion"},{"floor":21.0,"key":"GamblersBrew"},{"floor":25.0,"key":"Ancient Potion"},{"floor":27.0,"key":"FearPotion"},{"floor":28.0,"key":"DuplicationPotion"},{"floor":48.0,"key":"Ancient Potion"}],"is_trial":false,"path_per_floor":["M","?","M","?","M","R","E","M","T","E","R","?","E","M","R","B",null,"M","?","?","M","$","R","E","M","T","M","M","E","?","?","R","B",null,"M","?","$","?","T","R","E","R","T","M","$","$","M","M","R","B","B",null,"R","$","E","B"],"character_chosen":"WATCHER","items_purchased":["Sling","Ragnarok+1","HornCleat","DollysMirror","Halt","Violence","Vajra","Mummified Hand","TalkToTheHand+1","Tantrum+1","Wireheading","Frozen Eye","FearNoEvil+1","EmptyBody"],"campfire_rested":0,"item_purchase_floors":[22,22,37,37,37,37,37,37,45,45,45,46,54,54],"current_hp_per_floor":[59,52,52,41,41,41,38,27,27,46,46,26,38,45,45,41,61,59,59,59,59,59,59,51,51,51,51,51,51,51,51,51,37,60,60,60,60,60,60,60,58,58,58,54,54,54,40,40,40,38,34,57,57,57,50,0,0],"gold":70,"neow_bonus":"BOSS_RELIC","is_daily":false,"chose_seed":false,"campfire_upgraded":8,"win_rate":0.0,"timestamp":1612237284,"path_taken":["M","?","M","?","M","R","E","M","T","E","R","?","E","M","R","BOSS","M","?","?","M","$","R","E","M","T","M","?","E","?","?","R","BOSS","M","?","$","?","?","R","E","R","T","M","?","$","?","?","R","BOSS","BOSS","R","$","E","BOSS"],"items_purchased_type":["Relic","Card","Relic","Relic","Card","Card","Relic","Relic","Card","Card","Card","Relic","Card","Card"],"build_version":"2020-12-22","purchased_purges":3,"victory":false,"max_hp_per_floor":[68,68,68,68,68,68,68,68,68,68,68,68,68,68,68,68,68,68,68,68,68,68,68,68,68,68,68,68,68,68,68,68,68,68,68,68,68,65,65,65,65,65,65,65,65,65,65,65,65,65,65,65,65,65,65,65,65],"relic_stats":{"counters":[26,116],"Yang":[136],"Bag of Preparation":[40],"Orichalcum":[90],"Boot":[0],"Lizard Tail":34,"Sundial":[14],"Ornamental Fan":[140],"Mummified Hand":[29],"Shuriken":[22],"obtain_stats":[{"Vajra":37,"Yang":29,"The Courier":0,"Bag of Preparation":10,"TeardropLocket":24,"Orichalcum":13,"Sling":22,"Boot":55,"Akabeko":0,"Calling Bell":0,"Runic Dome":34,"Frozen Eye":46,"Lizard Tail":0,"HornCleat":37,"Sundial":7,"Ornamental Fan":26,"DollysMirror":37,"Mummified Hand":37,"Shuriken":43,"Molten Egg 2":19,"Coffee Dripper":17,"PureWater":0,"InkBottle":41,"Meat on the Bone":9},{"Vajra":18,"Yang":16,"The Courier":0,"Bag of Preparation":6,"TeardropLocket":12,"Orichalcum":7,"Sling":11,"Boot":25,"Akabeko":0,"Calling Bell":0,"Runic Dome":17,"Frozen Eye":20,"Lizard Tail":0,"HornCleat":18,"Sundial":4,"Ornamental Fan":13,"DollysMirror":18,"Mummified Hand":18,"Shuriken":19,"Molten Egg 2":10,"Coffee Dripper":9,"PureWater":0,"InkBottle":19,"Meat on the Bone":5},{"Vajra":76,"Yang":67,"The Courier":0,"Bag of Preparation":18,"TeardropLocket":53,"Orichalcum":22,"Sling":51,"Boot":113,"Akabeko":0,"Calling Bell":0,"Runic Dome":72,"Frozen Eye":89,"Lizard Tail":0,"HornCleat":76,"Sundial":11,"Ornamental Fan":61,"DollysMirror":76,"Mummified Hand":76,"Shuriken":81,"Molten Egg 2":50,"Coffee Dripper":46,"PureWater":0,"InkBottle":81,"Meat on the Bone":13}],"InkBottle":[17],"Meat on the Bone":60},"card_choices":[{"not_picked":["PathToVictory","Halt"],"picked":"BowlingBash","floor":1.0},{"not_picked":["SashWhip","CrushJoints"],"picked":"Meditate","floor":3.0},{"not_picked":["Halt","InnerPeace"],"picked":"FlyingSleeves","floor":5.0},{"not_picked":["Omniscience","BowlingBash"],"picked":"EmptyFist","floor":7.0},{"not_picked":["WaveOfTheHand","PathToVictory","SignatureMove"],"picked":"SKIP","floor":8.0},{"not_picked":["ForeignInfluence","ConjureBlade"],"picked":"Evaluate","floor":10.0},{"not_picked":["EmptyFist","Collect"],"picked":"BowlingBash","floor":13.0},{"not_picked":["BattleHymn","PathToVictory","ThirdEye"],"picked":"SKIP","floor":14.0},{"not_picked":["MasterReality","DevaForm"],"picked":"Vault","floor":16.0},{"not_picked":["EmptyFist","Fasting2","Evaluate"],"picked":"SKIP","floor":18.0},{"not_picked":["FollowUp+1","ClearTheMind"],"picked":"Crescendo","floor":21.0},{"not_picked":["Fasting2","SashWhip+1"],"picked":"CrushJoints+1","floor":24.0},{"not_picked":["Evaluate","Judgement"],"picked":"CutThroughFate+1","floor":25.0},{"not_picked":["EmptyBody+1","FlyingSleeves+1"],"picked":"CutThroughFate+1","floor":27.0},{"not_picked":["WheelKick+1","EmptyBody"],"picked":"ThirdEye+1","floor":28.0},{"not_picked":["FollowUp+1","CutThroughFate+1"],"picked":"MentalFortress","floor":29.0},{"not_picked":["Blasphemy","MasterReality"],"picked":"Wish","floor":33.0},{"not_picked":["CutThroughFate+1","FollowUp+1"],"picked":"Adaptation","floor":35.0},{"not_picked":["SignatureMove+1","SashWhip+1"],"picked":"Weave+1","floor":41.0},{"not_picked":["Collect+1","ClearTheMind"],"picked":"JustLucky+1","floor":44.0},{"not_picked":["PathToVictory","Devotion"],"picked":"EmptyBody","floor":47.0},{"not_picked":["Conclude+1","Prostrate","ReachHeaven+1"],"picked":"SKIP","floor":48.0},{"not_picked":["Collect","Worship+1"],"picked":"Protect+1","floor":55.0}],"player_experience":8406832,"relics_obtained":[{"floor":0.0,"key":"Akabeko"},{"floor":0.0,"key":"The Courier"},{"floor":0.0,"key":"Lizard Tail"},{"floor":7.0,"key":"Sundial"},{"floor":9.0,"key":"Meat on the Bone"},{"floor":10.0,"key":"Bag of Preparation"},{"floor":13.0,"key":"Orichalcum"},{"floor":24.0,"key":"TeardropLocket"},{"floor":26.0,"key":"Ornamental Fan"},{"floor":29.0,"key":"Yang"},{"floor":41.0,"key":"InkBottle"},{"floor":43.0,"key":"Shuriken"},{"floor":55.0,"key":"Boot"}],"event_choices":[{"cards_removed":["Defend_P"],"damage_healed":0.0,"max_hp_gain":0.0,"max_hp_loss":0.0,"gold_gain":0.0,"event_name":"Golden Wing","player_choice":"Card Removal","floor":2.0,"gold_loss":0.0,"damage_taken":7.0},{"damage_healed":0.0,"max_hp_gain":0.0,"max_hp_loss":0.0,"gold_gain":75.0,"event_name":"World of Goop","player_choice":"Gather Gold","floor":4.0,"gold_loss":0.0,"damage_taken":11.0},{"damage_healed":0.0,"max_hp_gain":0.0,"max_hp_loss":0.0,"gold_gain":0.0,"event_name":"Shining Light","player_choice":"Entered Light","floor":12.0,"gold_loss":0.0,"damage_taken":20.0,"cards_upgraded":["Vigilance","Strike_P"]},{"damage_healed":0.0,"max_hp_gain":0.0,"max_hp_loss":0.0,"gold_gain":0.0,"event_name":"The Mausoleum","player_choice":"Opened","floor":19.0,"gold_loss":0.0,"damage_taken":0.0,"relics_obtained":["Molten Egg 2"],"cards_obtained":["Writhe"]},{"damage_healed":0.0,"max_hp_gain":0.0,"max_hp_loss":0.0,"gold_gain":0.0,"event_name":"N\u0027loth","player_choice":"Ignored","floor":20.0,"gold_loss":0.0,"damage_taken":0.0},{"cards_removed":["Strike_P"],"damage_healed":0.0,"max_hp_gain":0.0,"max_hp_loss":0.0,"gold_gain":0.0,"event_name":"Beggar","player_choice":"Gave Gold","floor":30.0,"gold_loss":75.0,"damage_taken":0.0},{"damage_healed":0.0,"max_hp_gain":0.0,"max_hp_loss":0.0,"gold_gain":0.0,"event_name":"The Library","player_choice":"Read","floor":31.0,"gold_loss":0.0,"damage_taken":0.0,"cards_obtained":["LessonLearned"]},{"damage_healed":0.0,"max_hp_gain":0.0,"max_hp_loss":0.0,"gold_gain":999.0,"event_name":"MindBloom","player_choice":"Gold","floor":36.0,"gold_loss":0.0,"damage_taken":0.0,"cards_obtained":["Normality","Normality"]},{"damage_healed":0.0,"max_hp_gain":0.0,"max_hp_loss":3.0,"gold_gain":0.0,"event_name":"Winding Halls","player_choice":"Max HP","floor":38.0,"gold_loss":0.0,"damage_taken":0.0}],"is_beta":false,"boss_relics":[{"not_picked":["Pandora\u0027s Box","SacredBark"],"picked":"Coffee Dripper"},{"not_picked":["Cursed Key","Tiny House"],"picked":"Runic Dome"}],"items_purged_floors":[22,37,45],"is_endless":false,"potions_floor_spawned":[1,3,8,14,18,21,25,27,28,44,48],"killed_by":"The Heart","ascension_level":20}}