{"host":"n91kx4xj3dn3811n","time":1612249044,"event":{"mods":["Act Like it!","BaseMod","Better Third Choice","CapriCore","Colored Powertips","Highlight Path","Marisa£¨ìFÓê¡¡Ä§ÀíÉ³£©","Minty Spire (QoL Compilation)","MostiFishMod","Quick Restart","Reimu£¨²©ÀöÁéÃÎ£©","Remilia£¨ÀÙÃ×ÀòÑÇ£©","Replay The Spire","RumiaBox-Â¶Ã×æ«µÄÉñÃØºÐ×Ó","Spicy Shops","StSLib","The Cursed","The Immortal","The Servant 0.9.4","Waifu the Spire","¡¾ÒÅÎï¿¨ÅÆ¡¿REMEMod","²ÐÁôÖ®Îï","óô»ðÖ¸ÄÏ"],"gold_per_floor":[111,111,130,52,62,87,104,104,104,134,134,149,177,212,212,350,350,427,463,663,715,795,795,866,1016,1062,1189,1304,1304,1368,1509,1431,1677,1677,1697,1311,1428,1153,966,966,1095,1020,1046,1208,974,1045,1045,1054,734,804,804,727,-1138,-1110,-806],"floor_reached":56,"language":"ZHS","playtime":3344,"items_purged":["Doubt","StarDustReverie+1","StarBarrage","Writhe"],"score":1616,"play_id":"4da6deb4-427d-4795-a004-a8133b406a07","local_time":"20210202145724","is_ascension_mode":true,"campfire_choices":[{"data":"Robbery","floor":8,"key":"SMITH"},{"floor":15,"key":"DIG"},{"floor":23,"key":"RECALL"},{"data":"DoubleSpark","floor":40,"key":"SMITH"}],"circlet_count":0,"master_deck":["Strike_MRS","Strike_MRS","Strike_MRS","Strike_MRS","Defend_MRS","Defend_MRS","Defend_MRS","MasterSpark","UpSweep","PropBag+1","PowerUp","Robbery+1","DoubleSpark+1","EscapeVelocity+1","PropBag+1","Robbery+1","FinalSpark+1"],"relics":["MiniHakkero","DaveBox","REME_ComplimentaryCards","FeatherPendant","SynthV:TestCard","BrkXgEgg","Mango","MagicDraw1","GodSword4","Bag of Preparation","Replay:Bronze Core","Singing Bowl","ZombieArmy","Bronze Scales","CeramicFish","Potion Belt","Philosopher\u0027s Stone","MetatronsCube","Membership Card","Strange Spoon","Onion Ring","Ccalipers","Dodecahedron","PlaceholderMod:DeVermisMysteriis","Sundial","ReplayTheSpireMod:Lightbulb","Toy Ornithopter","Bottled Flame","REME_OnlineShoppingPlatform","SynthV:C4","ReplayTheSpireMod:TigerMarble","Replay:Towering Pillar of Hats","Pantograph","Thread and Needle","SynthV:MejaisSoulstealer","PlaceholderMod:SoulofChaos"],"acts_visited":["Exordium","TheCity","TheBeyond","TheEnding"],"potions_floor_usage":[49,49,50],"damage_taken":[{"damage":0,"enemies":"Cultist","floor":1,"turns":1},{"damage":0,"enemies":"Jaw Worm","floor":3,"turns":1},{"damage":2,"enemies":"2 Louse","floor":5,"turns":2},{"damage":5,"enemies":"3 Sentries","floor":6,"turns":4},{"damage":3,"enemies":"Red Slaver","floor":7,"turns":2},{"damage":0,"enemies":"Gremlin Nob","floor":10,"turns":2},{"damage":7,"enemies":"Blue Slaver","floor":12,"turns":2},{"damage":8,"enemies":"Lagavulin","floor":13,"turns":3},{"damage":3,"enemies":"Lots of Slimes","floor":14,"turns":3},{"damage":26,"enemies":"Hexaghost","floor":16,"turns":3},{"damage":0,"enemies":"2 Thieves","floor":18,"turns":2},{"damage":0,"enemies":"3 Byrds","floor":19,"turns":3},{"damage":0,"enemies":"3 Cultists","floor":21,"turns":3},{"damage":0,"enemies":"Shelled Parasite and Fungi","floor":22,"turns":2},{"damage":0,"enemies":"Replay:Snechameleon","floor":24,"turns":2},{"damage":0,"enemies":"Chosen and Byrds","floor":25,"turns":3},{"damage":0,"enemies":"Sentry and Sphere","floor":27,"turns":3},{"damage":10,"enemies":"Book of Stabbing","floor":28,"turns":3},{"damage":4,"enemies":"Snake Plant","floor":30,"turns":2},{"damage":15,"enemies":"Gremlin Leader","floor":31,"turns":3},{"damage":4,"enemies":"Automaton","floor":33,"turns":5},{"damage":11,"enemies":"3 Shapes","floor":35,"turns":2},{"damage":0,"enemies":"Orb Walker","floor":37,"turns":2},{"damage":0,"enemies":"R_Hoarder","floor":41,"turns":3},{"damage":0,"enemies":"Spire Growth","floor":44,"turns":2},{"damage":24,"enemies":"Sphere and 2 Shapes","floor":46,"turns":2},{"damage":0,"enemies":"Awakened One","floor":50,"turns":3},{"damage":0,"enemies":"Shield and Spear","floor":54,"turns":1},{"damage":35,"enemies":"The Heart","floor":55,"turns":3}],"seed_played":"2592721984455584995","potions_obtained":[{"floor":1,"key":"SkillPotion"},{"floor":3,"key":"Strength Potion"},{"floor":13,"key":"SkillPotion"},{"floor":33,"key":"AttackPotion"},{"floor":35,"key":"Strength Potion"}],"is_trial":false,"path_per_floor":["M","?","M","$","M","E","M","R","T","E","?","M","E","M","R","B",null,"M","M","?","M","M","R","E","M","T","M","E","?","M","E","R","B",null,"M","$","M","$","$","R","E","R","T","M","R","M","T","?","R","B",null,"R","$","E","B",null],"character_chosen":"MARISA","items_purchased":["BrkXgEgg","Potion Belt","MetatronsCube","Membership Card","Strange Spoon","Onion Ring","Dodecahedron","Sundial","ReplayTheSpireMod:Lightbulb","Bottled Flame","REME_OnlineShoppingPlatform","SynthV:C4","ReplayTheSpireMod:TigerMarble","Replay:Towering Pillar of Hats","Pantograph","Thread and Needle","SynthV:MejaisSoulstealer"],"campfire_rested":0,"item_purchase_floors":[4,32,36,38,38,39,42,45,45,49,49,52,53,53,53,53,53],"current_hp_per_floor":[75,75,75,75,73,82,79,79,79,79,79,72,64,61,61,35,89,89,89,89,89,89,89,89,91,91,93,85,95,93,78,78,74,97,88,88,90,90,90,90,92,92,92,94,94,72,72,99,107,107,107,107,107,109,74],"gold":-806,"neow_bonus":"REMOVE_CARD","is_daily":false,"chose_seed":false,"campfire_upgraded":2,"win_rate":0.0,"timestamp":1612249044,"path_taken":["M","?","?","$","M","E","M","R","T","E","?","M","E","M","R","BOSS","M","M","?","M","M","R","E","?","T","M","E","?","M","E","R","BOSS","M","$","M","?","$","R","E","R","T","M","R","?","?","?","R","BOSS","R","$","E","BOSS"],"items_purchased_type":["Relic","Relic","Relic","Relic","Relic","Relic","Relic","Relic","Relic","Relic","Relic","Relic","Relic","Relic","Relic","Relic","Relic"],"build_version":"2020-12-22","purchased_purges":4,"victory":true,"max_hp_per_floor":[75,75,75,75,75,89,89,89,89,89,89,89,89,89,89,89,89,89,89,89,89,89,89,89,91,91,93,95,95,97,97,97,97,97,99,99,101,101,101,101,103,103,103,105,105,107,107,107,107,107,107,107,107,109,109],"card_choices":[{"not_picked":["OneTimeOff","WitchLeyline"],"picked":"PropBag","floor":1},{"not_picked":["SporeBomb","DoubleSpark","MilkyWay","SprinkleStarSeal"],"picked":"PowerUp","floor":3},{"not_picked":["LuminesStrike","MilkyWay","OpenUniverse","MysteriousBeam","ManaConvection"],"picked":"SKIP","floor":5},{"not_picked":["FinalSpark+1","WitchLeyline","ManaConvection","JA+1"],"picked":"Robbery","floor":6},{"not_picked":["AlicesGift","UnstableBomb","SprinkleStarSeal","DoubleSpark","PowerUp"],"picked":"SKIP","floor":7},{"not_picked":["Singularity","ChargeUpSpray","ShootingEcho","OpenUniverse","OrrerysSun"],"picked":"SKIP","floor":10},{"not_picked":["ManaConvection","Occultation","DC","ShootingEcho","SuperNova+1"],"picked":"SKIP","floor":12},{"not_picked":["MagicChant","DeepEcoloBomb","ChargeUpSpray","MilkyWay","Acceleration"],"picked":"SKIP","floor":13},{"not_picked":["MagicAbsorber","AlicesGift","ManaConvection","ChargeUpSpray"],"picked":"DoubleSpark","floor":14},{"not_picked":["CasketOfStar+1","JA+1","SatelliteIllusion+1","SuperNova+1"],"picked":"EscapeVelocity+1","floor":16},{"not_picked":["MagicChant+1","MysteriousBeam","MeteoricShower","MagicAbsorber","6A"],"picked":"SKIP","floor":18},{"not_picked":["BlazeAway","FairyDestructionRay","AsteroidBelt","MysteriousBeam"],"picked":"StarBarrage","floor":19},{"not_picked":["OpenUniverse","BlazingStar+1","NonDirectionalLaser","DC+1","GalacticHalo"],"picked":"SKIP","floor":21},{"not_picked":["GravityBeat","MysteriousBeam+1","ShootingEcho+1","AsteroidBelt"],"picked":"PropBag+1","floor":22},{"not_picked":["LuminesStrike","MagicChant+1","IllusionStar","PowerUp"],"picked":"Robbery+1","floor":24},{"not_picked":["ShootingEcho+1","Acceleration","OrrerysSun+1","MagicChant+1","GravityBeat"],"picked":"Singing Bowl","floor":25},{"not_picked":["ShootingEcho","BlazeAway","AsteroidBelt+1","MaximisePower+1","GalacticHalo"],"picked":"Singing Bowl","floor":27},{"not_picked":["UnstableBomb","WitchLeyline","GravityBeat","ChargingUp","NonDirectionalLaser"],"picked":"Singing Bowl","floor":28},{"not_picked":["GalacticHalo","OrrerysSun","DC+1","MilkyWay","MysteriousBeam"],"picked":"Singing Bowl","floor":30},{"not_picked":["Orbital","AsteroidBelt+1","DoubleSpark","PowerUp"],"picked":"StarDustReverie+1","floor":31},{"not_picked":["BinaryStars+1","SuperNova+1","UltimateShortwave+1","CasketOfStar+1"],"picked":"FinalSpark+1","floor":33},{"not_picked":["WitchLeyline","GrandCross","MilkyWay","OneTimeOff+1","Occultation"],"picked":"Singing Bowl","floor":35},{"not_picked":["DeepEcoloBomb","OneTimeOff","PowerUp+1","MysteriousBeam+1","NonDirectionalLaser"],"picked":"Singing Bowl","floor":37},{"not_picked":["SprinkleStarSeal+1","IllusionStar","PulseMagic","DarkMatter","FinalSpark+1"],"picked":"Singing Bowl","floor":41},{"not_picked":["GravityBeat+1","EnergyFlow","BlazeAway+1","OpenUniverse","6A+1"],"picked":"Singing Bowl","floor":44},{"not_picked":["MilkyWay+1","SporeBomb","GalacticHalo","SatelliteIllusion+1","LuminesStrike+1"],"picked":"Singing Bowl","floor":46},{"not_picked":["MagicChant+1","OneTimeOff","NonDirectionalLaser+1","DeepEcoloBomb+1","WitchLeyline+1"],"picked":"Singing Bowl","floor":54}],"player_experience":220634,"relics_obtained":[{"floor":1,"key":"SynthV:TestCard"},{"floor":6,"key":"Mango"},{"floor":10,"key":"MagicDraw1"},{"floor":13,"key":"GodSword4"},{"floor":15,"key":"Bag of Preparation"},{"floor":24,"key":"Singing Bowl"},{"floor":26,"key":"ZombieArmy"},{"floor":28,"key":"Bronze Scales"},{"floor":31,"key":"CeramicFish"},{"floor":41,"key":"Ccalipers"},{"floor":43,"key":"PlaceholderMod:DeVermisMysteriis"},{"floor":47,"key":"Toy Ornithopter"},{"floor":54,"key":"PlaceholderMod:SoulofChaos"}],"event_choices":[{"damage_healed":0,"gold_gain":0,"player_choice":"Upgraded","damage_taken":0,"max_hp_gain":0,"max_hp_loss":0,"event_name":"Upgrade Shrine","floor":2,"gold_loss":0,"cards_upgraded":["PropBag"]},{"damage_healed":0,"gold_gain":0,"player_choice":"Grow","damage_taken":0,"max_hp_gain":0,"max_hp_loss":0,"event_name":"Living Wall","floor":11,"gold_loss":0,"cards_upgraded":["RefractionSpark"]},{"damage_healed":0,"gold_gain":250,"player_choice":"Bet on Owner","damage_taken":0,"max_hp_gain":0,"max_hp_loss":0,"event_name":"The Joust","floor":20,"gold_loss":50},{"cards_removed":["RefractionSpark"],"damage_healed":10,"gold_gain":0,"player_choice":"Offered Uncommon","damage_taken":0,"max_hp_gain":0,"max_hp_loss":0,"event_name":"Bonfire Elementals","floor":29,"gold_loss":0},{"damage_healed":27,"gold_gain":0,"player_choice":"Writhe","damage_taken":0,"max_hp_gain":0,"max_hp_loss":0,"event_name":"Winding Halls","floor":48,"gold_loss":0,"cards_obtained":["Writhe"]}],"is_beta":false,"boss_relics":[{"not_picked":["Replay:Ancient Bell","Pandora\u0027s Box"],"picked":"Replay:Bronze Core"},{"not_picked":["Honey Jar","AddBug"],"picked":"Philosopher\u0027s Stone"}],"items_purged_floors":[36,38,39,49],"is_endless":false,"potions_floor_spawned":[1,3,13,18,21,25,28,31,33,35,37,54],"ascension_level":1}}