{"host":"zjc1tzo4ovig5lll","time":1612284690,"event":{"mods":["AchievementEnabler","Aspiration","BaseMod","Beaked The Cultist","Better Altar","Better Match","Better Note","Better Sensory Stone","Colored Map","Colored Powertips","Conspire","Energized Spire","Friendly Minions","GifTheSpireLib","Halation","Hermit","Hubris","Minty Spire (QoL Compilation)","Rare Cards Sparkle","Replay The Spire","StSLib","The Blue Laboratory","The Bug Knight","The Construct","The Jungle","everything is the same but u backflip on backflip"],"gold_per_floor":[116,128,128,142,38,53,83,83,83,13,13,13,40,40,40,137,137,77,77,77,77,77,109,109,69,69,69,104,124,124,136,136,239,239,259,186,186,186,205,205,219,219,219,234,234,234,245,265,265,265,265,265,138,171,171,171],"floor_reached":55,"language":"ENG","playtime":2164,"items_purged":["Survivor"],"score":871,"play_id":"fc30f482-5a6a-47cb-b41c-737e155b34ed","local_time":"20210202185130","is_ascension_mode":true,"campfire_choices":[{"floor":8.0,"key":"REST"},{"floor":11.0,"key":"REST"},{"data":"Specialist","floor":15.0,"key":"SMITH"},{"floor":27.0,"key":"RECALL"},{"floor":30.0,"key":"REST"},{"floor":32.0,"key":"REST"},{"data":"Fluid Movement","floor":40.0,"key":"SMITH"},{"floor":42.0,"key":"REST"},{"data":"Trip","floor":46.0,"key":"SMITH"},{"floor":49.0,"key":"REST"},{"data":"Caltrops","floor":52.0,"key":"SMITH"}],"circlet_count":0,"master_deck":["Strike_G+1","Strike_G+1","Strike_G+1","Strike_G+1","Strike_G+1","Defend_G+1","Defend_G+1","Defend_G+1","Defend_G+1","Defend_G+1","Neutralize","Specialist+1","Flying Knee","Deadly Poison","Noxious Fumes","Caltrops+1","Leg Sweep","Fluid Movement+1","Noxious Fumes+1","Caltrops+1","Envenom+1","Fluid Movement+1","ReplayTheSpireMod:Speed Training","Caltrops+1","Footwork+1","Backflip","After Image+1","Footwork+1","Sadistic Nature+1","Trip+1","Escape Plan+1"],"relics":["Ring of the Snake","Frozen Egg 2","hubris:TinFlute","construct:BoolHorns","hubris:FruitBowl","aspiration:KaomsHeart"],"acts_visited":["Exordium","TheCity","TheBeyond","TheEnding"],"potions_floor_usage":[54,55,55],"damage_taken":[{"damage":0.0,"enemies":"Small Slimes","floor":1.0,"turns":4.0},{"damage":2.0,"enemies":"Jaw Worm","floor":2.0,"turns":4.0},{"damage":0.0,"enemies":"Cultist","floor":4.0,"turns":3.0},{"damage":10.0,"enemies":"Exordium Wildlife","floor":6.0,"turns":4.0},{"damage":29.0,"enemies":"Gremlin Nob","floor":7.0,"turns":5.0},{"damage":22.0,"enemies":"3 Sentries","floor":13.0,"turns":5.0},{"damage":66.0,"enemies":"Slime Boss","floor":16.0,"turns":8.0},{"damage":12.0,"enemies":"2 Thieves","floor":18.0,"turns":4.0},{"damage":32.0,"enemies":"Book of Stabbing","floor":23.0,"turns":5.0},{"damage":78.0,"enemies":"Gremlin Leader","floor":28.0,"turns":10.0},{"damage":17.0,"enemies":"Shell Parasite","floor":29.0,"turns":5.0},{"damage":40.0,"enemies":"Shelled Parasite and Fungi","floor":31.0,"turns":6.0},{"damage":52.0,"enemies":"Champ","floor":33.0,"turns":14.0},{"damage":59.0,"enemies":"3 Shapes","floor":35.0,"turns":5.0},{"damage":14.0,"enemies":"Orb Walker","floor":39.0,"turns":6.0},{"damage":51.0,"enemies":"Spire Growth","floor":41.0,"turns":10.0},{"damage":11.0,"enemies":"Maw","floor":44.0,"turns":10.0},{"damage":26.0,"enemies":"Spire Growth","floor":47.0,"turns":7.0},{"damage":29.0,"enemies":"4 Shapes","floor":48.0,"turns":6.0},{"damage":156.0,"enemies":"Donu and Deca","floor":50.0,"turns":11.0},{"damage":101,"enemies":"Shield and Spear","floor":54,"turns":6},{"damage":130,"enemies":"The Heart","floor":55,"turns":5}],"seed_played":"3942958061166578653","potions_obtained":[{"floor":1.0,"key":"blueLaboratory:Virophage"},{"floor":7.0,"key":"blueLaboratory:BottledHope"},{"floor":31.0,"key":"blueLaboratory:LouseDecoction"}],"is_trial":false,"path_per_floor":["M","M","?","M","$","M","E","R","T","$","R","T","E","$","R","B",null,"M","$","?","?","?","E","$","$","T","R","E","M","R","M","R","B",null,"M","$","?","?","M","R","M","R","T","M","?","R","M","M","R","B",null,"R","$","E","B"],"character_chosen":"THE_SILENT","items_purchased":["Caltrops","Leg Sweep","Caltrops+1","hubris:FruitBowl","aspiration:KaomsHeart","Footwork+1","Footwork+1","ColorlessPotion"],"campfire_rested":6,"item_purchase_floors":[5,5,10,14,14,25,36,53],"current_hp_per_floor":[70,68,68,68,68,58,29,50,50,50,70,70,48,163,163,97,220,208,208,208,208,208,176,176,176,176,176,98,81,147,107,173,121,220,161,161,161,161,147,147,96,162,162,151,151,151,125,96,162,6,220,220,220,119,0,0],"gold":171,"neow_bonus":"RANDOM_COLORLESS","is_daily":false,"chose_seed":false,"campfire_upgraded":4,"win_rate":0.0,"timestamp":1612284690,"path_taken":["M","M","?","M","$","M","E","R","T","$","R","?","E","?","R","BOSS","M","$","?","?","?","E","?","$","T","R","E","M","R","M","R","BOSS","M","$","?","?","M","R","M","R","T","M","?","R","M","M","R","BOSS","R","$","E","BOSS"],"items_purchased_type":["Card","Card","Card","Relic","Relic","Card","Card","Potion"],"build_version":"2020-12-22","purchased_purges":1,"victory":false,"max_hp_per_floor":[70,70,70,70,70,70,70,70,70,70,70,70,70,220,220,220,220,220,220,220,220,220,220,220,220,220,220,220,220,220,220,220,220,220,220,220,220,220,220,220,220,220,220,220,220,220,220,220,220,220,220,220,220,220,220,220],"card_choices":[{"not_picked":["Trip","ReplayTheSpireMod:Trickstab"],"picked":"Specialist","floor":0.0},{"not_picked":["Blade Dance","Flechettes"],"picked":"Flying Knee","floor":1.0},{"not_picked":["Cloak And Dagger","Blade Dance"],"picked":"Deadly Poison","floor":2.0},{"not_picked":["Underhanded Strike","PiercingWail","Heel Hook"],"picked":"SKIP","floor":4.0},{"not_picked":["Backflip","Concentrate"],"picked":"Fluid Movement","floor":6.0},{"not_picked":["Slice","Deadly Poison"],"picked":"Noxious Fumes+1","floor":7.0},{"not_picked":["ReplayTheSpireMod:The Works","Underhanded Strike","conspire:PoisonWeapons"],"picked":"SKIP","floor":13.0},{"not_picked":["Malaise","aspiration:Lunge"],"picked":"Envenom+1","floor":16.0},{"not_picked":["Flechettes","Quick Slash"],"picked":"Fluid Movement+1","floor":18.0},{"not_picked":["Hidden Blade+1","hubris:TrickCloak+1"],"picked":"Caltrops+1","floor":23.0},{"not_picked":["Acrobatics","Poisoned Stab","Sucker Punch"],"picked":"SKIP","floor":28.0},{"not_picked":["Night Terror","Slice"],"picked":"Backflip","floor":29.0},{"not_picked":["Acrobatics","ReplayTheSpireMod:Exploit Weakness","Sucker Punch+1"],"picked":"SKIP","floor":31.0},{"not_picked":["Adrenaline","Venomology"],"picked":"After Image+1","floor":33.0},{"not_picked":["Dagger Spray","hubris:SlightOfHand+1","Expertise+1"],"picked":"SKIP","floor":35.0},{"not_picked":["Quick Slash","Prepared","Deadly Poison"],"picked":"SKIP","floor":39.0},{"not_picked":["Slice","Flying Knee","Sucker Punch"],"picked":"SKIP","floor":41.0},{"not_picked":["Endless Agony","Bane+1","Well Laid Plans+1"],"picked":"SKIP","floor":44.0},{"not_picked":["Bandage Up","Madness"],"picked":"Sadistic Nature+1","floor":45.0},{"not_picked":["Enlightenment","Mind Blast"],"picked":"Trip","floor":45.0},{"not_picked":["Infinite Blades+1","Bane+1","Hidden Blade+1"],"picked":"SKIP","floor":47.0},{"not_picked":["Expertise","Deflect","Bane"],"picked":"SKIP","floor":48.0},{"not_picked":["PiercingWail","Poisoned Stab"],"picked":"Escape Plan+1","floor":54}],"player_experience":670195,"relics_obtained":[{"floor":7.0,"key":"Frozen Egg 2"},{"floor":12.0,"key":"hubris:TinFlute"},{"floor":13.0,"key":"construct:BoolHorns"},{"floor":26.0,"key":"aspiration:KMNothing"}],"event_choices":[{"damage_healed":0.0,"max_hp_gain":0.0,"max_hp_loss":0.0,"gold_gain":0.0,"event_name":"The Library","player_choice":"Read","floor":20.0,"gold_loss":0.0,"damage_taken":0.0,"cards_obtained":["ReplayTheSpireMod:Speed Training"]},{"damage_healed":0.0,"max_hp_gain":0.0,"max_hp_loss":0.0,"gold_gain":0.0,"event_name":"Back to Basics","player_choice":"Simplicity","floor":22.0,"gold_loss":0.0,"damage_taken":0.0,"cards_upgraded":["Strike_G","Strike_G","Strike_G","Strike_G","Strike_G","Defend_G","Defend_G","Defend_G","Defend_G","Defend_G"]},{"damage_healed":0.0,"max_hp_gain":0.0,"max_hp_loss":0.0,"gold_gain":0.0,"event_name":"Mysterious Sphere","player_choice":"Ignored","floor":37.0,"gold_loss":0.0,"damage_taken":0.0},{"damage_healed":0.0,"max_hp_gain":0.0,"max_hp_loss":0.0,"gold_gain":3.0,"event_name":"betterStone:BetterStone","player_choice":"1","floor":45.0,"gold_loss":0.0,"damage_taken":0.0}],"is_beta":false,"boss_relics":[{"not_picked":["aspiration:KMNothing","aspiration:KMNothing"],"picked":"aspiration:KMNothing"},{"not_picked":["aspiration:KMNothing","aspiration:KMNothing","aspiration:KMNothing"]}],"items_purged_floors":[53],"is_endless":false,"potions_floor_spawned":[1,4,7,13,29,31,33,35,39,44],"killed_by":"The Heart","ascension_level":4}}