{"host":"3azvxbhvx7nk2p5g","time":1612264681,"event":{"mods":["BaseMod","Marisa£®ÏF”Í°°ƒß¿Ì…≥£©","Minty Spire (QoL Compilation)","StSLib"],"gold_per_floor":[369,382,253,278,308,333,333,408,408,68,113,93,93,133,133,260,260,304,304,127,169,444,444,488,488,541,580,580,617,661,498,498,498,498],"floor_reached":33,"language":"ZHS","playtime":1969,"items_purged":["Strike_MRS","Strike_MRS","Defend_MRS"],"score":274,"play_id":"b1f064e9-0f8a-4276-98a6-fd4b0b9c71b5","local_time":"20210202191801","is_ascension_mode":false,"campfire_choices":[{"data":"WitchOfGreed","floor":7.0,"key":"SMITH"},{"floor":13.0,"key":"REST"},{"data":"Strike_MRS","floor":15.0,"key":"PURGE"},{"data":"Regret","floor":23,"key":"PURGE"},{"data":"ManaRampage","floor":25,"key":"SMITH"},{"data":"Defend_MRS","floor":28,"key":"PURGE"},{"data":"BinaryStars","floor":32,"key":"SMITH"}],"circlet_count":0,"master_deck":["Defend_MRS","MasterSpark","UpSweep","EarthLightRay","SuperPerseids","WitchOfGreed+1","PulseMagic","ManaRampage+1","DeepEcoloBomb","GrandCross","BinaryStars+1","AlicesGift","SatelliteIllusion","EnergyRecoil","ChargeUpSpray","PulseMagic","OrrerysSun","MagicAbsorber","MagicAbsorber"],"relics":["MiniHakkero","Letter Opener","Eternal Feather","Membership Card","Peace Pipe","SacredBark","Medical Kit","Centennial Puzzle","PreservedInsect"],"acts_visited":["Exordium","TheCity"],"potions_floor_usage":[29,33,33,33],"damage_taken":[{"damage":1.0,"enemies":"Cultist","floor":1.0,"turns":3.0},{"damage":7.0,"enemies":"Small Slimes","floor":2.0,"turns":3.0},{"damage":6.0,"enemies":"Jaw Worm","floor":4.0,"turns":3.0},{"damage":15.0,"enemies":"Red Slaver","floor":5.0,"turns":4.0},{"damage":26.0,"enemies":"3 Sentries","floor":6.0,"turns":8.0},{"damage":10.0,"enemies":"2 Fungi Beasts","floor":11.0,"turns":3.0},{"damage":20.0,"enemies":"Exordium Thugs","floor":14.0,"turns":4.0},{"damage":53.0,"enemies":"The Guardian","floor":16.0,"turns":10.0},{"damage":30.0,"enemies":"3 Byrds","floor":18.0,"turns":5.0},{"damage":10.0,"enemies":"Chosen","floor":21.0,"turns":4.0},{"damage":21,"enemies":"Snake Plant","floor":24,"turns":3},{"damage":15,"enemies":"Chosen and Byrds","floor":27,"turns":4},{"damage":3,"enemies":"3 Cultists","floor":29,"turns":3},{"damage":15,"enemies":"Cultist and Chosen","floor":30,"turns":5},{"damage":46,"enemies":"Automaton","floor":33,"turns":6}],"seed_played":"7469407243428151397","potions_obtained":[{"floor":2.0,"key":"Explosive Potion"},{"floor":4.0,"key":"FairyPotion"},{"floor":5.0,"key":"ColorlessPotion"},{"floor":5.0,"key":"DistilledChaos"},{"floor":11.0,"key":"PowerPotion"},{"floor":16.0,"key":"DuplicationPotion"},{"floor":29,"key":"Fire Potion"}],"is_trial":false,"path_per_floor":["M","M","$","M","M","E","R","?","T","$","M","?","R","M","R","B",null,"M","?","$","M","?","R","M","R","T","M","R","M","M","$","R","B"],"character_chosen":"MARISA","items_purchased":["WitchOfGreed","Membership Card","Peace Pipe","Medical Kit","EnergyRecoil","MagicAbsorber","PreservedInsect","StarNLove"],"campfire_rested":1,"item_purchase_floors":[3,10,10,20,20,31,31,31],"current_hp_per_floor":[67,63,63,61,50,28,28,17,17,17,11,11,40,24,33,7,68,42,42,42,36,36,45,28,37,37,22,31,32,21,21,30,0,0],"gold":498,"neow_bonus":"TWO_FIFTY_GOLD","is_daily":false,"chose_seed":false,"campfire_upgraded":3,"win_rate":0.0,"timestamp":1612264681,"path_taken":["M","?","$","M","M","E","R","?","T","?","?","?","R","M","R","BOSS","M","?","$","M","?","R","M","R","T","M","R","M","?","$","R","BOSS"],"items_purchased_type":["Card","Relic","Relic","Relic","Card","Card","Relic","Potion"],"build_version":"2020-12-22","purchased_purges":3,"victory":false,"max_hp_per_floor":[68,68,68,68,68,68,68,68,68,68,68,68,68,68,68,68,68,68,68,68,68,68,68,68,68,68,68,68,68,68,68,68,68,68],"card_choices":[{"not_picked":["GalacticHalo","Acceleration"],"picked":"EarthLightRay","floor":1.0},{"not_picked":["IllusionStar","EarthLightRay"],"picked":"SuperPerseids","floor":2.0},{"not_picked":["MachineGunSpark","ShootingEcho"],"picked":"PulseMagic","floor":4.0},{"not_picked":["NonDirectionalLaser","LuminesStrike"],"picked":"ManaRampage","floor":5.0},{"not_picked":["GalacticHalo","DoubleSpark"],"picked":"DeepEcoloBomb","floor":6.0},{"not_picked":["DoubleSpark","LuminesStrike"],"picked":"GrandCross","floor":11.0},{"not_picked":["SporeBomb","Singularity","Occultation"],"picked":"SKIP","floor":14.0},{"not_picked":["CollectingQuirk","BlazingStar"],"picked":"BinaryStars","floor":16.0},{"not_picked":["GalacticHalo+1","Acceleration","WitchLeyline"],"picked":"SKIP","floor":18.0},{"not_picked":["IllusionStar","GrandCross"],"picked":"ChargeUpSpray","floor":21.0},{"not_picked":["WitchOfGreed","NonDirectionalLaser+1"],"picked":"PulseMagic","floor":24},{"not_picked":["WitchOfGreed","ChargingUp"],"picked":"OrrerysSun","floor":27},{"not_picked":["LuminesStrike","StarBarrage","Acceleration+1"],"picked":"SKIP","floor":29},{"not_picked":["ShootTheMoon","Singularity"],"picked":"MagicAbsorber","floor":30}],"player_experience":70070,"relics_obtained":[{"floor":6.0,"key":"Letter Opener"},{"floor":9.0,"key":"Eternal Feather"},{"floor":26,"key":"Centennial Puzzle"}],"event_choices":[{"damage_healed":0.0,"max_hp_gain":0.0,"max_hp_loss":0.0,"gold_gain":75.0,"event_name":"World of Goop","player_choice":"Gather Gold","floor":8.0,"gold_loss":0.0,"damage_taken":11.0},{"damage_healed":0.0,"max_hp_gain":0.0,"max_hp_loss":0.0,"gold_gain":0.0,"event_name":"The Woman in Blue","player_choice":"Bought 1 Potion","floor":12.0,"gold_loss":0.0,"damage_taken":0.0},{"damage_healed":0.0,"max_hp_gain":0.0,"max_hp_loss":0.0,"gold_gain":0.0,"cards_transformed":["Strike_MRS","Defend_MRS"],"event_name":"Drug Dealer","player_choice":"Became Test Subject","floor":19.0,"gold_loss":0.0,"damage_taken":0.0,"cards_obtained":["AlicesGift","SatelliteIllusion"]},{"damage_healed":0,"gold_gain":275,"player_choice":"Desecrate","damage_taken":0,"max_hp_gain":0,"max_hp_loss":0,"event_name":"Golden Shrine","floor":22,"gold_loss":0,"cards_obtained":["Regret"]}],"is_beta":false,"boss_relics":[{"not_picked":["Runic Dome","Runic Pyramid"],"picked":"SacredBark"}],"items_purged_floors":[3,10,20],"is_endless":false,"potions_floor_spawned":[2,5,6,11,24,30],"killed_by":"Automaton","ascension_level":0}}