{"host":"lly094a91h6n5nv5","time":1612263776,"event":{"mods":["AchievementEnabler","BaseMod","Block Reminder","Colored Map","Minty Spire (QoL Compilation)"],"gold_per_floor":[117,117,134,29,48,48,76,76,76,76,76,93,103,135,135,237,237,256,10,10,26,26,26,52,52,52,97,116,126,126,41,41,139,139,153,153,153,153,170,170,170,170,194,210,227,242,42,56,56,56],"floor_reached":51,"language":"ENG","playtime":2961,"items_purged":["Writhe"],"score":838,"play_id":"668ae984-f078-431e-afc8-410bedeb64c9","local_time":"20210202050256","is_ascension_mode":true,"campfire_choices":[{"data":"Seeing Red","floor":6.0,"key":"SMITH"},{"data":"Searing Blow","floor":8.0,"key":"SMITH"},{"data":"Searing Blow+1","floor":10.0,"key":"SMITH"},{"data":"Searing Blow+2","floor":15.0,"key":"SMITH"},{"data":"Searing Blow+3","floor":23.0,"key":"SMITH"},{"floor":25.0,"key":"REST"},{"data":"Searing Blow+4","floor":30.0,"key":"SMITH"},{"data":"Searing Blow+5","floor":32.0,"key":"SMITH"},{"data":"Searing Blow+6","floor":40,"key":"SMITH"},{"data":"Searing Blow+7","floor":42,"key":"SMITH"},{"data":"Searing Blow+8","floor":49,"key":"SMITH"}],"circlet_count":0,"master_deck":["Defend_R","Defend_R","Defend_R","Defend_R","Bash","Seeing Red+1","Spot Weakness","Inflame","Searing Blow+9","Cleave","Berserk","Headbutt+1","Spot Weakness+1","Power Through+1","Shockwave","Dual Wield","True Grit+1","Good Instincts","Fiend Fire","Trip","Parasite","Sentinel","Enlightenment"],"relics":["Runic Pyramid","Self Forming Clay","Happy Flower","Smiling Mask","Astrolabe","Bottled Flame","Regal Pillow","Orichalcum","PreservedInsect","Busted Crown","Toy Ornithopter","MealTicket"],"acts_visited":["Exordium","TheCity","TheBeyond"],"potions_floor_usage":[44,45,50,50,50],"damage_taken":[{"damage":8.0,"enemies":"Small Slimes","floor":1.0,"turns":5.0},{"damage":7.0,"enemies":"2 Louse","floor":3.0,"turns":4.0},{"damage":0.0,"enemies":"Cultist","floor":5.0,"turns":4.0},{"damage":20.0,"enemies":"Lagavulin","floor":7.0,"turns":7.0},{"damage":9.0,"enemies":"Looter","floor":12.0,"turns":3.0},{"damage":8.0,"enemies":"Blue Slaver","floor":13.0,"turns":3.0},{"damage":16.0,"enemies":"Gremlin Nob","floor":14.0,"turns":4.0},{"damage":3.0,"enemies":"Hexaghost","floor":16.0,"turns":8.0},{"damage":2.0,"enemies":"Shell Parasite","floor":18.0,"turns":3.0},{"damage":26.0,"enemies":"Spheric Guardian","floor":21.0,"turns":5.0},{"damage":58.0,"enemies":"Gremlin Leader","floor":24.0,"turns":5.0},{"damage":1.0,"enemies":"Snecko","floor":28.0,"turns":5.0},{"damage":20.0,"enemies":"Snake Plant","floor":29.0,"turns":4.0},{"damage":18.0,"enemies":"Champ","floor":33.0,"turns":7.0},{"damage":10,"enemies":"3 Darklings","floor":35,"turns":6},{"damage":4,"enemies":"Orb Walker","floor":39,"turns":3},{"damage":12,"enemies":"3 Darklings","floor":44,"turns":6},{"damage":3,"enemies":"Jaw Worm Horde","floor":45,"turns":5},{"damage":10,"enemies":"Writhing Mass","floor":46,"turns":3},{"damage":2,"enemies":"3 Darklings","floor":48,"turns":5},{"damage":75,"enemies":"Awakened One","floor":50,"turns":7}],"seed_played":"2647671833522622601","potions_obtained":[{"floor":1.0,"key":"Fruit Juice"},{"floor":12.0,"key":"Dexterity Potion"},{"floor":13.0,"key":"BlessingOfTheForge"},{"floor":16.0,"key":"FairyPotion"},{"floor":28.0,"key":"FearPotion"},{"floor":33.0,"key":"EssenceOfSteel"},{"floor":39,"key":"DistilledChaos"},{"floor":44,"key":"LiquidBronze"},{"floor":46,"key":"Strength Potion"}],"is_trial":false,"path_per_floor":["M","?","M","$","M","R","E","R","T","R","?","M","M","E","R","B",null,"M","$","?","M","?","R","E","R","T","T","M","M","R","$","R","B",null,"M","?","?","?","M","R","?","R","T","M","M","M","$","M","R","B",null],"character_chosen":"IRONCLAD","items_purchased":["Spot Weakness","Inflame","Bottled Flame","Good Instincts","Enlightenment","BloodPotion"],"campfire_rested":1,"item_purchase_floors":[4,4,19,31,47,47],"current_hp_per_floor":[72,65,58,58,58,58,38,38,38,38,38,29,21,5,5,7,66,64,64,64,38,38,38,5,45,45,45,44,24,24,24,24,6,65,55,55,55,76,72,72,72,72,72,65,67,57,72,70,70,27],"gold":56,"neow_bonus":"BOSS_RELIC","is_daily":false,"chose_seed":false,"campfire_upgraded":10,"win_rate":0.0,"timestamp":1612263776,"path_taken":["M","?","M","$","M","R","E","R","T","R","?","?","M","E","R","BOSS","M","$","?","M","?","R","E","R","T","?","?","M","R","$","R","BOSS","M","?","?","?","M","R","?","R","T","M","M","M","$","M","R","BOSS"],"items_purchased_type":["Card","Card","Relic","Card","Card","Potion"],"build_version":"2020-12-22","purchased_purges":1,"victory":true,"max_hp_per_floor":[80,80,80,80,80,80,80,80,80,80,80,80,80,80,80,85,85,85,85,85,85,85,85,85,85,85,85,85,85,85,85,85,85,85,85,85,85,85,85,85,85,85,85,85,85,85,85,85,85,85],"card_choices":[{"not_picked":["Anger","Hemokinesis"],"picked":"Feel No Pain","floor":1.0},{"not_picked":["Shrug It Off","Headbutt"],"picked":"Seeing Red","floor":3.0},{"not_picked":["Hemokinesis","Body Slam"],"picked":"Searing Blow","floor":5.0},{"not_picked":["Burning Pact","Exhume"],"picked":"Cleave","floor":7.0},{"not_picked":["Rampage","Pummel","Shrug It Off"],"picked":"SKIP","floor":12.0},{"not_picked":["Thunderclap","Power Through","Sword Boomerang"],"picked":"SKIP","floor":13.0},{"not_picked":["Thunderclap","Warcry","Twin Strike"],"picked":"SKIP","floor":14.0},{"not_picked":["Limit Break","Corruption"],"picked":"Berserk","floor":16.0},{"not_picked":["Pommel Strike","Inflame+1","Combust"],"picked":"SKIP","floor":18.0},{"not_picked":["Sever Soul","Headbutt","Metallicize"],"picked":"SKIP","floor":21.0},{"not_picked":["Clash+1","Havoc"],"picked":"Metallicize+1","floor":24.0},{"not_picked":["Shrug It Off","Corruption"],"picked":"True Grit+1","floor":28.0},{"not_picked":["Flex","Sever Soul","Havoc"],"picked":"SKIP","floor":29.0},{"not_picked":["Juggernaut","Exhume"],"picked":"Fiend Fire","floor":33.0},{"not_picked":["Shrug It Off"],"picked":"SKIP","floor":35},{"not_picked":[],"picked":"Trip","floor":36},{"not_picked":["Warcry"],"picked":"SKIP","floor":39},{"not_picked":["Clash"],"picked":"SKIP","floor":44},{"not_picked":["Pommel Strike+1"],"picked":"SKIP","floor":45},{"not_picked":[],"picked":"Sentinel","floor":46},{"not_picked":["Perfected Strike"],"picked":"SKIP","floor":48}],"player_experience":128028,"relics_obtained":[{"floor":7.0,"key":"Self Forming Clay"},{"floor":9.0,"key":"Happy Flower"},{"floor":14.0,"key":"Smiling Mask"},{"floor":24.0,"key":"Regal Pillow"},{"floor":26.0,"key":"Orichalcum"},{"floor":27.0,"key":"PreservedInsect"},{"floor":43,"key":"MealTicket"}],"event_choices":[{"cards_removed":["Strike_R"],"damage_healed":0.0,"max_hp_gain":0.0,"max_hp_loss":0.0,"gold_gain":0.0,"event_name":"Golden Wing","player_choice":"Card Removal","floor":2.0,"gold_loss":0.0,"damage_taken":7.0},{"damage_healed":0.0,"max_hp_gain":0.0,"max_hp_loss":0.0,"gold_gain":0.0,"event_name":"Match and Keep!","player_choice":"0 cards matched","floor":11.0,"gold_loss":0.0,"damage_taken":0.0,"cards_obtained":[]},{"damage_healed":0.0,"max_hp_gain":0.0,"max_hp_loss":0.0,"gold_gain":0.0,"cards_transformed":["Strike_R","Feel No Pain"],"event_name":"Drug Dealer","player_choice":"Became Test Subject","floor":22.0,"gold_loss":0.0,"damage_taken":0.0,"cards_obtained":["Shockwave","Dual Wield"]},{"damage_healed":0,"gold_gain":0,"player_choice":"Memory 1","damage_taken":0,"max_hp_gain":0,"max_hp_loss":0,"event_name":"SensoryStone","floor":36,"gold_loss":0},{"damage_healed":0,"gold_gain":0,"player_choice":"Ignored","damage_taken":0,"max_hp_gain":0,"max_hp_loss":0,"event_name":"Mysterious Sphere","floor":37,"gold_loss":0},{"damage_healed":21,"gold_gain":0,"player_choice":"Writhe","damage_taken":0,"max_hp_gain":0,"max_hp_loss":0,"event_name":"Winding Halls","floor":38,"gold_loss":0,"cards_obtained":["Writhe"]},{"cards_removed":["Metallicize"],"damage_healed":0,"gold_gain":0,"player_choice":"Gave Card","damage_taken":0,"relics_obtained":["Toy Ornithopter"],"max_hp_gain":0,"max_hp_loss":0,"event_name":"WeMeetAgain","floor":41,"gold_loss":0}],"is_beta":false,"boss_relics":[{"not_picked":["Runic Cube","Tiny House"],"picked":"Astrolabe"},{"not_picked":["Runic Dome","Calling Bell"],"picked":"Busted Crown"}],"items_purged_floors":[47],"is_endless":false,"potions_floor_spawned":[1,12,13,16,28,33,39,44,46],"ascension_level":5}}