{"host":"3498uni0c31c9bdm","time":1612285412,"event":{"mods":["BaseMod","Better Third Choice","Minty Spire (QoL Compilation)","Replay The Spire","StSLib"],"gold_per_floor":[113,113,113,128,23,23,40,54,54,72,90,90,90],"floor_reached":12,"language":"ENG","playtime":215,"items_purged":["Regret"],"score":112,"play_id":"233a43be-e2d6-409f-b1b8-dc99ac40d99e","local_time":"20210203040332","is_ascension_mode":true,"campfire_choices":[{"floor":6,"key":"RECALL"}],"circlet_count":0,"master_deck":["AscendersBane","Strike_B","Strike_B","Strike_B","Strike_B","Defend_B","Defend_B","Defend_B","Defend_B","Zap","Dualcast","Defragment","ReplayTheSpireMod:Speed Training","Gash","Writhe","Capacitor","Stack","Ball Lightning","Multi-Cast","Defragment"],"relics":["Cracked Core","NeowsBlessing","Pen Nib","Lantern","ReplayTheSpireMod:CursedCoin","Replay:Baseball","ReplayTheSpireMod:Shallot"],"acts_visited":["Exordium"],"potions_floor_usage":[12,12],"damage_taken":[{"damage":0,"enemies":"Small Slimes","floor":1,"turns":1},{"damage":0,"enemies":"Jaw Worm","floor":4,"turns":1},{"damage":0,"enemies":"2 Louse","floor":7,"turns":1},{"damage":9,"enemies":"Exordium Wildlife","floor":8,"turns":3},{"damage":5,"enemies":"Blue Slaver","floor":10,"turns":3},{"damage":36,"enemies":"Large Slime","floor":11,"turns":5},{"damage":4,"enemies":"Gremlin Nob","floor":12,"turns":2}],"seed_played":"2146355450446473401","potions_obtained":[{"floor":1,"key":"Strength Potion"},{"floor":8,"key":"SpeedPotion"}],"is_trial":false,"path_per_floor":["M","?","?","M","$","R","M","M","T","M","M","E"],"character_chosen":"DEFECT","items_purchased":["ReplayTheSpireMod:CursedCoin","Replay:Baseball","Capacitor"],"campfire_rested":0,"item_purchase_floors":[5,5,5],"current_hp_per_floor":[68,52,52,52,52,52,52,43,43,38,2,0,0],"gold":90,"neow_bonus":"THREE_ENEMY_KILL","is_daily":false,"chose_seed":false,"campfire_upgraded":0,"win_rate":0.0,"timestamp":1612285412,"path_taken":["M","?","?","M","$","R","M","M","T","M","M","E"],"items_purchased_type":["Relic","Relic","Card"],"build_version":"2020-12-22","purchased_purges":1,"victory":false,"max_hp_per_floor":[75,75,75,75,75,75,75,75,75,75,75,75,75],"card_choices":[{"not_picked":["FTL","Compile Driver"],"picked":"Defragment","floor":1},{"not_picked":["Darkness","Conserve Battery"],"picked":"Gash","floor":4},{"not_picked":["Conserve Battery","Go for the Eyes"],"picked":"Stack","floor":7},{"not_picked":["Redo","Hologram"],"picked":"Ball Lightning","floor":8},{"not_picked":["Stack","Reprogram"],"picked":"Multi-Cast","floor":10},{"not_picked":["Ball Lightning","Barrage"],"picked":"Defragment","floor":11}],"player_experience":817552,"relics_obtained":[{"floor":9,"key":"ReplayTheSpireMod:Shallot"}],"event_choices":[{"damage_healed":0,"gold_gain":0,"player_choice":"Box","damage_taken":0,"relics_obtained":["Lantern"],"max_hp_gain":0,"max_hp_loss":0,"event_name":"Big Fish","floor":3,"gold_loss":0,"cards_obtained":["Regret"]}],"is_beta":false,"boss_relics":[],"items_purged_floors":[5],"is_endless":false,"potions_floor_spawned":[1,8,10,11],"killed_by":"Gremlin Nob","ascension_level":11}}