{"host":"jw4qy1ihmjslahm8","time":1612224390,"event":{"mods":["2.2 Compatiblity","Act Like it!","BaseMod","BetterRewards","Colored Map","Downfall","Duelist Mod","GifTheSpireLib","Hallownest","HololiveMod","Hubris","Infinite Spire","KinomotoSakuraMod(ñÿîVñ{?)","Lobotomy","LobotomyExtend","Minty Spire (QoL Compilation)","Reliquary","Replay The Spire","StSLib","The Animator","WarShipGirlsR/??è≠èóR mod"],"gold_per_floor":[66,82,100,120,135,235,286,286,300,300,316,316,326,340,359,464,514,514,514,514],"floor_reached":19,"language":"ENG","playtime":1088,"items_purged":[],"score":213,"play_id":"4b64a17a-4aee-4ed3-9637-43b56b1b770c","local_time":"20210201160630","is_ascension_mode":false,"campfire_choices":[{"data":"Hololive_CallAiraniIofifteen","floor":1,"key":"SMITH"},{"data":"Hololive_CallShishiroBotan","floor":8,"key":"SMITH"},{"data":"Hololive_CallDoris","floor":10,"key":"SMITH"},{"data":"Hololive_CallYozoraMel","floor":18,"key":"SMITH"}],"circlet_count":0,"master_deck":["Hololive_Strike","Hololive_Strike+1","Hololive_Defend","Hololive_Defend","Hololive_Sequa","Hololive_CallAZKi","Hololive_CallYuzukiChoco","Hololive_CallAiraniIofifteen+1","Hololive_CallOzoraSubaru","Hololive_CallShishiroBotan+1","Hololive_CallRoboco","Hololive_Psychosis","Hololive_IdolExercise","Hololive_CallDoris+1","Hololive_HuntDinosaur","Hololive_CallYozoraMel+1","Hololive_LuckPotion","Hololive_FlyingPonyTail","Hololive_Thief","Hololive_CallCivia"],"relics":["Hololive_TheStar","LetterFromLob","Tiny House"],"acts_visited":["Exordium","TheCity"],"potions_floor_usage":[],"damage_taken":[{"damage":0,"enemies":"2 Louse","floor":2,"turns":3},{"damage":0,"enemies":"Cultist","floor":3,"turns":3},{"damage":0,"enemies":"Jaw Worm","floor":4,"turns":3},{"damage":6,"enemies":"Exordium Thugs","floor":5,"turns":6},{"damage":6,"enemies":"Exordium Wildlife","floor":9,"turns":4},{"damage":0,"enemies":"Blue Slaver","floor":11,"turns":3},{"damage":0,"enemies":"Large Slime","floor":13,"turns":5},{"damage":8,"enemies":"Exordium Thugs","floor":14,"turns":6},{"damage":3,"enemies":"Lots of Slimes","floor":15,"turns":5},{"damage":0,"enemies":"SI_SHIV_ARCHETYPE","floor":16,"turns":7}],"seed_played":"-5054948708940870617","potions_obtained":[{"floor":2,"key":"Weak Potion"},{"floor":4,"key":"Adrenaline Potion"},{"floor":5,"key":"Regen Potion"},{"floor":12,"key":"infinitespire:BlackPotion"},{"floor":12,"key":"DuplicationPotion"},{"floor":13,"key":"LiquidMemories"}],"is_trial":false,"path_per_floor":["R","M","M","M","M","?","T","R","M","R","M","?","M","M","M","B",null,"R","M"],"character_chosen":"Hololive_HololiveCharacter","items_purchased":[],"campfire_rested":0,"item_purchase_floors":[],"current_hp_per_floor":[38,38,38,38,32,32,32,32,26,26,26,26,26,18,15,15,43,43,0,0],"gold":514,"neow_bonus":"TEN_PERCENT_HP_BONUS","is_daily":false,"chose_seed":false,"campfire_upgraded":4,"win_rate":0.0,"timestamp":1612224390,"path_taken":["R","M","M","M","M","?","T","R","M","R","?","?","M","M","M","BOSS","R","M"],"items_purchased_type":[],"build_version":"2020-12-22","purchased_purges":0,"victory":false,"max_hp_per_floor":[38,38,38,38,38,38,38,38,38,38,38,38,38,38,38,38,43,43,43,43],"card_choices":[{"not_picked":["Hololive_Sequa","Hololive_LuckPotion","Hololive_Breathe"],"picked":"Hololive_CallShishiroBotan","floor":2},{"not_picked":["Hololive_FlyingPonyTail","Hololive_OvertimeWork","Hololive_CallSakuraMiko"],"picked":"Hololive_CallRoboco","floor":3},{"not_picked":["Hololive_Trident","Hololive_FlyingPonyTail","Hololive_Breathe"],"picked":"Hololive_Psychosis","floor":4},{"not_picked":["Hololive_Psychosis","Hololive_OvertimeWork","Hololive_HuntDinosaur"],"picked":"Hololive_IdolExercise","floor":5},{"not_picked":["Hololive_OvertimeWork","Hololive_CallRoboco","Hololive_StrengthChampion"],"picked":"Hololive_CallDoris","floor":9},{"not_picked":["Hololive_CallOkamiMio","Hololive_CallAZKi","Hololive_CallMoonaHoshinova"],"picked":"Hololive_HuntDinosaur","floor":11},{"not_picked":["Hololive_Sequa","Hololive_Watashimo","Hololive_Trident"],"picked":"Hololive_CallYozoraMel","floor":13},{"not_picked":["Hololive_CallNekomataOkayu","Hololive_Rebound","Hololive_CallShiroganeNoel"],"picked":"Hololive_LuckPotion","floor":14},{"not_picked":["Hololive_StrengthChampion","Hololive_CallNakiriAyame","Hololive_Trident"],"picked":"Hololive_FlyingPonyTail","floor":15},{"not_picked":["Hololive_HighAtkLowDef","Hololive_FlareMind","Hololive_ASMR"],"picked":"Hololive_Thief","floor":16},{"not_picked":["Hololive_Trident","Hololive_HuntDinosaur","Hololive_CallMinatoAqua"],"picked":"Hololive_CallCivia","floor":17}],"player_experience":66754,"relics_obtained":[{"floor":2,"key":"LetterFromLob"},{"floor":7,"key":"reliquary:RosewoodLute"}],"event_choices":[],"is_beta":false,"boss_relics":[{"not_picked":["hubris:ScarierMask","bronze:MakeshiftBattery"],"picked":"Tiny House"}],"items_purged_floors":[],"is_endless":false,"potions_floor_spawned":[2,4,5,13],"ascension_level":0}}