{"host":"skr63qsdfgeey3it","time":1612300519,"event":{"mods":["BaseMod","Colored Map","Hubris","Minty Spire (QoL Compilation)","Monster B Gone","Reliquary","Replay The Spire","Spicy Shops","StSLib"],"gold_per_floor":[113,113,38,50,50,78,78,113,113,130,72,72,107,134,134,207,207,222,31,49,49,67,67,67],"floor_reached":23,"language":"ENG","playtime":1032,"items_purged":["Strike_R"],"score":407,"play_id":"d0e88a15-4511-4cee-9748-96bdd4e7a90e","local_time":"20210202151519","is_ascension_mode":true,"campfire_choices":[{"data":"Spot Weakness","floor":12,"key":"SMITH"},{"data":"Armaments","floor":15,"key":"SMITH"}],"circlet_count":0,"master_deck":["AscendersBane","Defend_R","Defend_R","Defend_R","Defend_R","Bash","Battle Trance","Spot Weakness+1","Clothesline","Flex","Fire Breathing+1","Inflame","Evolve","Evolve","Combust","Armaments+1","Berserk","CurseOfTheBell","Rupture","Enlightenment","Heavy Blade","Bite","Bite","Bite","Bite","Bite","Combust"],"relics":["Burning Blood","NeowsBlessing","Iron Hammer","PreservedInsect","Replay:Rubber Ducky","Spirit Poop","reliquary:Aerogel","Torii","CaptainsWheel","Odd Mushroom","Calling Bell","Regal Pillow","Replay:Bottled Eggs","Replay:Multitool","BargainBundle"],"acts_visited":["Exordium","TheCity"],"potions_floor_usage":[13,14,20,22,23],"damage_taken":[{"damage":0,"enemies":"Cultist","floor":1,"turns":1},{"damage":0,"enemies":"2 Louse","floor":4,"turns":1},{"damage":2,"enemies":"3 Sentries","floor":6,"turns":2},{"damage":6,"enemies":"Gremlin Nob","floor":8,"turns":3},{"damage":1,"enemies":"Jaw Worm","floor":10,"turns":2},{"damage":19,"enemies":"3 Sentries","floor":13,"turns":4},{"damage":22,"enemies":"The Mushroom Lair","floor":14,"turns":5},{"damage":40,"enemies":"The Guardian","floor":16,"turns":12},{"damage":11,"enemies":"Chosen","floor":18,"turns":6},{"damage":10,"enemies":"3 Byrds","floor":20,"turns":5},{"damage":45,"enemies":"Cultist and Chosen","floor":22,"turns":6},{"damage":51,"enemies":"Slavers","floor":23,"turns":4}],"seed_played":"-5049080939032293321","potions_obtained":[{"floor":4,"key":"Weak Potion"},{"floor":6,"key":"Swift Potion"},{"floor":8,"key":"Regen Potion"},{"floor":14,"key":"FearPotion"},{"floor":20,"key":"BloodPotion"},{"floor":22,"key":"BloodPotion"}],"is_trial":false,"path_per_floor":["M","T","$","M","?","E","?","E","T","M","$","R","E","?","R","B",null,"M","$","M","?","M","E"],"character_chosen":"IRONCLAD","items_purchased":["Spot Weakness","Evolve","BargainBundle","Rupture","Enlightenment","Heavy Blade","LifebloodPotion"],"campfire_rested":0,"item_purchase_floors":[3,11,19,19,19,19,19],"current_hp_per_floor":[78,78,78,80,80,80,80,80,80,80,80,80,72,56,56,22,66,61,61,57,56,39,9,9],"gold":67,"neow_bonus":"THREE_ENEMY_KILL","is_daily":false,"chose_seed":false,"campfire_upgraded":2,"win_rate":0.0,"timestamp":1612300519,"path_taken":["M","?","$","?","?","E","?","E","T","?","$","R","E","?","R","BOSS","M","$","M","?","M","E"],"items_purchased_type":["Card","Card","Relic","Card","Card","Card","Potion"],"build_version":"2020-12-22","purchased_purges":1,"victory":false,"max_hp_per_floor":[80,80,80,80,80,80,80,80,80,80,80,80,80,80,80,80,80,80,80,80,56,56,56,56],"card_choices":[{"not_picked":["Clothesline","Iron Wave"],"picked":"Battle Trance","floor":1},{"not_picked":["ReplayTheSpireMod:Strike From Hell","Perfected Strike"],"picked":"Clothesline","floor":4},{"not_picked":["True Grit","Pommel Strike"],"picked":"Flex","floor":6},{"not_picked":["Twin Strike","Wild Strike"],"picked":"Fire Breathing","floor":8},{"not_picked":["Dropkick","Corruption"],"picked":"Inflame","floor":10},{"not_picked":["Battle Trance","ReplayTheSpireMod:Strike From Hell"],"picked":"Combust","floor":13},{"not_picked":["Warcry","Sentinel"],"picked":"Armaments","floor":14},{"not_picked":["Exhume","Fiend Fire"],"picked":"Berserk","floor":16},{"not_picked":["Cleave","Anger","ReplayTheSpireMod:Strike From Hell"],"picked":"SKIP","floor":18},{"not_picked":["hubris:ReadiedAction","Disarm","hubris:SharpeningStone"],"picked":"SKIP","floor":20},{"not_picked":["Seeing Red","Life Link"],"picked":"Combust","floor":22}],"player_experience":859664,"relics_obtained":[{"floor":2,"key":"Iron Hammer"},{"floor":6,"key":"Replay:Rubber Ducky"},{"floor":8,"key":"reliquary:Aerogel"},{"floor":9,"key":"Torii"},{"floor":13,"key":"CaptainsWheel"},{"floor":14,"key":"Odd Mushroom"},{"floor":17,"key":"Regal Pillow"},{"floor":17,"key":"Replay:Bottled Eggs"},{"floor":17,"key":"Replay:Multitool"}],"event_choices":[{"damage_healed":0,"gold_gain":0,"player_choice":"Box","damage_taken":0,"relics_obtained":["PreservedInsect"],"max_hp_gain":0,"max_hp_loss":0,"event_name":"Big Fish","floor":5,"gold_loss":0,"cards_obtained":["Regret"]},{"cards_removed":["Regret"],"damage_healed":0,"gold_gain":0,"player_choice":"Offered Curse","damage_taken":0,"relics_obtained":["Spirit Poop"],"max_hp_gain":0,"max_hp_loss":0,"event_name":"Bonfire Elementals","floor":7,"gold_loss":0},{"damage_healed":0,"gold_gain":0,"player_choice":"Fought Mushrooms","damage_taken":0,"max_hp_gain":0,"max_hp_loss":0,"event_name":"Mushrooms","floor":14,"gold_loss":0},{"damage_healed":0,"gold_gain":0,"player_choice":"Became a vampire","damage_taken":0,"max_hp_gain":0,"max_hp_loss":24,"event_name":"Vampires","floor":21,"gold_loss":0,"cards_obtained":["Bite","Bite","Bite","Bite","Bite"]}],"is_beta":false,"boss_relics":[{"not_picked":["hubris:HollowSoul","Ectoplasm"],"picked":"Calling Bell"}],"items_purged_floors":[19],"is_endless":false,"potions_floor_spawned":[4,6,8,14,20,22],"killed_by":"Slavers","ascension_level":13}}