{"host":"btk6hapgokl8j5e3","time":1612270262,"event":{"mods":["Act Like it!","BaseMod","BetterRewards","Colored Powertips","Downfall","Friendly Minions","GifTheSpireLib","Hallownest","Minty Spire (QoL Compilation)","StSLib","The Animator","The Bug Knight","The Necromancer"],"gold_per_floor":[99,109,109,121,141,159,182,182,237,253,264,105,5,0,18,116,116,116,126,11,27,41,41,41,71,82,82,112,124,24,41,53,150,150,50,68,68,87,87,87,87,87],"floor_reached":40,"language":"ENG","playtime":3818,"items_purged":["Hallownest:curseDreamersLament","downfall:Haunted"],"score":472,"play_id":"b10486fa-6175-4444-8d03-edbd7a4e2848","local_time":"20210202135102","is_ascension_mode":false,"campfire_choices":[{"data":"hexamod:Sear","floor":1,"key":"SMITH"},{"data":"hexamod:Float","floor":8,"key":"SMITH"},{"data":"hexamod:SearingWound","floor":13,"key":"SMITH"},{"floor":18,"key":"RECALL"},{"data":"hexamod:SkipABeat","floor":23,"key":"SMITH"},{"data":"hexamod:ExtraCrispy","floor":27,"key":"SMITH"},{"floor":30,"key":"REST"},{"data":"hexamod:VolcanoVisage","floor":35,"key":"SMITH"}],"circlet_count":0,"master_deck":["hexamod:Strike","hexamod:Strike","hexamod:Strike","hexamod:Strike","hexamod:Defend","hexamod:Defend","hexamod:Defend","hexamod:Defend","hexamod:Sear+1","hexamod:Float+1","hexamod:SpectersWail","hexamod:RadiantFlame","hexamod:HauntingEcho","hexamod:PhantomFireball","hexamod:SearingWound+1","hexamod:StepThrough","hexamod:SkipABeat+1","hexamod:VolcanoVisage+1","hexamod:RadiantFlame+1","hexamod:ExtraCrispy+1","hexamod:HauntingEcho","hexamod:BurningTouch+1","hexamod:HauntingEcho+1","hexamod:TimeWarp","hexamod:TurnItUp"],"relics":["hexamod:SpiritBrand","downfall:ExtraCursedKey","PreservedInsect","downfall:HeartBlessingBlue","Runic Pyramid","Regal Pillow","downfall:HeartBlessingRed","Philosopher\u0027s Stone","downfall:HeartBlessingGreen"],"acts_visited":["Exordium","TheCity","TheBeyond"],"potions_floor_usage":[9,12,21,22,26,28,29,33,33],"damage_taken":[{"damage":0,"enemies":"Small Slimes","floor":2,"turns":4},{"damage":0,"enemies":"2 Louse","floor":4,"turns":2},{"damage":1,"enemies":"Jaw Worm","floor":5,"turns":3},{"damage":2,"enemies":"Blue Slaver","floor":6,"turns":3},{"damage":27,"enemies":"Lagavulin Event","floor":9,"turns":6},{"damage":1,"enemies":"Gremlin Gang","floor":10,"turns":3},{"damage":2,"enemies":"Blue Slaver","floor":11,"turns":2},{"damage":10,"enemies":"downfall:FleeingMerchant","floor":12,"turns":4},{"damage":0,"enemies":"downfall:FleeingMerchant","floor":14,"turns":4},{"damage":1,"enemies":"Large Slime","floor":15,"turns":5},{"damage":23,"enemies":"WA_ARCHETYPE_RETAIN","floor":16,"turns":6},{"damage":6,"enemies":"Chosen","floor":19,"turns":5},{"damage":15,"enemies":"downfall:FleeingMerchant","floor":20,"turns":4},{"damage":16,"enemies":"Shelled Parasite and Fungi","floor":21,"turns":4},{"damage":2,"enemies":"Snecko","floor":22,"turns":5},{"damage":0,"enemies":"Gremlin Leader","floor":25,"turns":6},{"damage":11,"enemies":"Snake Plant","floor":26,"turns":3},{"damage":15,"enemies":"Book of Stabbing","floor":28,"turns":4},{"damage":7,"enemies":"3 Cultists","floor":29,"turns":5},{"damage":0,"enemies":"Cultist and Chosen","floor":31,"turns":4},{"damage":0,"enemies":"Centurion and Healer","floor":32,"turns":5},{"damage":40,"enemies":"IC_MUSHROOM_ARCHETYPE","floor":33,"turns":5},{"damage":5,"enemies":"3 Shapes","floor":36,"turns":2},{"damage":42,"enemies":"3 Darklings","floor":38,"turns":7},{"damage":40,"enemies":"4 Shapes","floor":40,"turns":2}],"seed_played":"6123857206092582449","potions_obtained":[{"floor":4,"key":"hexamod:DoubleChargePotion"},{"floor":6,"key":"SpeedPotion"},{"floor":9,"key":"sneckomod:MuddlingPotion"},{"floor":10,"key":"hexamod:InfernoChargePotion"},{"floor":15,"key":"bronze:BurnAndBuffPotion"},{"floor":21,"key":"BlessingOfTheForge"},{"floor":22,"key":"Explosive Potion"},{"floor":25,"key":"DuplicationPotion"},{"floor":29,"key":"champ:CounterPotion"},{"floor":32,"key":"Slimebound:ThreeZeroPotion"},{"floor":33,"key":"Strength Potion"}],"is_trial":false,"path_per_floor":["R","M","?","M","M","M","T","R","?","M","M","$","R","$","M","B",null,"R","M","$","M","M","R","T","E","M","R","E","M","R","M","M","B",null,"R","M","?","M","?","M"],"character_chosen":"THE_SPIRIT","items_purchased":["hexamod:StepThrough"],"campfire_rested":1,"item_purchase_floors":[12],"current_hp_per_floor":[77,77,77,77,76,74,74,74,47,46,44,34,44,44,43,20,87,87,81,66,50,48,48,48,48,37,37,22,15,56,56,56,16,87,87,82,82,40,40,0,0,0],"gold":87,"neow_bonus":"TEN_PERCENT_HP_BONUS","is_daily":false,"chose_seed":false,"campfire_upgraded":6,"win_rate":0.0,"timestamp":1612270262,"path_taken":["R","M","?","M","M","M","T","R","?","M","M","?","R","?","M","BOSS","R","M","$","M","M","R","T","E","?","R","E","M","R","M","M","BOSS","R","M","?","?","?","M"],"items_purchased_type":["Card"],"build_version":"2020-12-22","purchased_purges":2,"victory":false,"max_hp_per_floor":[77,77,77,77,77,77,77,77,77,77,77,77,87,87,87,87,87,87,87,87,87,87,87,87,87,87,87,87,87,87,87,87,87,87,87,87,87,87,87,87,87,87],"card_choices":[{"not_picked":["hexamod:GhostShield","hexamod:RainOfEmbers"],"picked":"hexamod:SpectersWail","floor":2},{"not_picked":["hexamod:AdvancingGuard","hexamod:SpectersWail"],"picked":"hexamod:RadiantFlame","floor":4},{"not_picked":["hexamod:EtherealExpedition","hexamod:SpectralAdrenaline"],"picked":"hexamod:HauntingEcho","floor":5},{"not_picked":["hexamod:GhostShield","hexamod:RetreatToShadows","hexamod:FirstSeal"],"picked":"SKIP","floor":6},{"not_picked":["hexamod:GhostLash","hexamod:Rewind"],"picked":"hexamod:PhantomFireball","floor":10},{"not_picked":["hexamod:AdvancingGuard","hexamod:Rewind"],"picked":"hexamod:SearingWound","floor":11},{"not_picked":["hexamod:NightmareStrike","hexamod:Rewind","hexamod:GhostOfSpireFuture"],"picked":"SKIP","floor":12},{"not_picked":["hexamod:EtherealExpedition","hexamod:HauntingEcho"],"picked":"hexamod:SkipABeat","floor":14},{"not_picked":["hexamod:GhostOfSpireFuture","hexamod:AdvancingGuard","hexamod:Haunt"],"picked":"SKIP","floor":15},{"not_picked":["hexamod:TimeOfNeed","hexamod:SearingWound"],"picked":"hexamod:VolcanoVisage","floor":16},{"not_picked":["hexamod:ThermalTransfer","hexamod:EtherealExpedition"],"picked":"hexamod:RadiantFlame+1","floor":19},{"not_picked":["hexamod:GhostLash+1","hexamod:GhostShield"],"picked":"hexamod:ExtraCrispy","floor":20},{"not_picked":["hexamod:EtherealExpedition","hexamod:BurningTouch","hexamod:Hexaguard"],"picked":"SKIP","floor":21},{"not_picked":["hexamod:SpectersWail","hexamod:ThermalTransfer","hexamod:GhostShield+1"],"picked":"SKIP","floor":22},{"not_picked":["hexamod:Hexaguard","hexamod:SearingWound"],"picked":"hexamod:HauntingEcho","floor":25},{"not_picked":["hexamod:PhantomCloak+1","hexamod:PhantomFireball"],"picked":"hexamod:BurningTouch+1","floor":26},{"not_picked":["hexamod:RetreatToShadows","hexamod:BurningTouch+1","hexamod:RainOfEmbers+1"],"picked":"SKIP","floor":28},{"not_picked":["hexamod:Firestarter","hexamod:HauntingEcho","hexamod:SkipABeat"],"picked":"SKIP","floor":29},{"not_picked":["hexamod:ChargedBarrage","hexamod:FastForward"],"picked":"hexamod:HauntingEcho+1","floor":31},{"not_picked":["hexamod:ShieldOfDarkness","hexamod:BacktrackSmack","hexamod:GhostShield"],"picked":"SKIP","floor":32},{"not_picked":["hexamod:FifthSeal","hexamod:HexaLevel"],"picked":"hexamod:TimeWarp","floor":33},{"not_picked":["hexamod:SwordOfDarkness","hexamod:Firestarter","hexamod:HauntingEcho"],"picked":"SKIP","floor":36},{"not_picked":["hexamod:GhostShield+1","hexamod:FastForward","hexamod:Firestarter"],"picked":"SKIP","floor":38}],"player_experience":460733,"relics_obtained":[{"floor":9,"key":"PreservedInsect"},{"floor":25,"key":"Regal Pillow"},{"floor":28,"key":"Matryoshka"}],"event_choices":[],"is_beta":false,"boss_relics":[{"not_picked":["Snecko Eye","Coffee Dripper"],"picked":"Runic Pyramid"},{"not_picked":["SlaversCollar","Pandora\u0027s Box"],"picked":"Philosopher\u0027s Stone"}],"items_purged_floors":[12,20],"is_endless":false,"potions_floor_spawned":[4,6,9,10,15,21,22,25,29,32,33],"killed_by":"4 Shapes","ascension_level":0}}