{"host":"spoxbmo2txwgdxt2","time":1612294614,"event":{"mods":["AchievementEnabler","Act Like it!","BaseMod","Colored Powertips","Lobotomy","LobotomyExtend","Marisa£®ÏF”Í°°ƒß¿Ì…≥£©","Minty Spire (QoL Compilation)","Quick Restart","Shop Mod","StSLib","The Hierophant"],"gold_per_floor":[114,189,189,201,201,35,81,97,173,213,213,213,213,87,87,205,205,240,269,311,311,311],"floor_reached":21,"language":"ZHS","playtime":2200,"items_purged":["Regret"],"score":275,"play_id":"191cbcf5-6fb5-4638-842b-4c52e387a07a","local_time":"20210203033654","is_ascension_mode":true,"campfire_choices":[{"data":"MaximisePower","floor":11.0,"key":"SMITH"},{"data":"StarDustReverie","floor":13.0,"key":"SMITH"},{"data":"EarthLightRay","floor":15.0,"key":"SMITH"}],"circlet_count":0,"master_deck":["Strike_MRS","Strike_MRS","Strike_MRS","Defend_MRS","Defend_MRS+1","Defend_MRS","MasterSpark","UpSweep","VoidDream","BlazeAway+1","ShyLook","EarthLightRay+1","ChargingUp","WitchOfGreed","StarDustReverie+1","BigBird","LaLuna","OpenUniverse","MaximisePower+1","PropBag","MysteriousBeam+1","MillisecondPulsars","CherryBlossoms","GalacticHalo+1","MillisecondPulsars","OSAHOGD","EnergyFlow+1"],"relics":["MiniHakkero","CogitoBucket","LetterFromLob","Strawberry","Pen Nib","War Paint","Eternal Feather","Molten Egg 2","Empty Cage","HellTrain","Blue Candle"],"acts_visited":["Exordium","TheCity"],"potions_floor_usage":[21,21],"damage_taken":[{"damage":3.0,"enemies":"Jaw Worm","floor":1.0,"turns":4.0},{"damage":0.0,"enemies":"Small Slimes","floor":4.0,"turns":3.0},{"damage":24.0,"enemies":"3 Sentries","floor":7.0,"turns":10.0},{"damage":2.0,"enemies":"2 Louse","floor":8.0,"turns":4.0},{"damage":36.0,"enemies":"Lagavulin","floor":10.0,"turns":6.0},{"damage":0.0,"enemies":"Slime Boss","floor":16.0,"turns":3.0},{"damage":27.0,"enemies":"Spheric Guardian","floor":18.0,"turns":5.0},{"damage":14.0,"enemies":"3 Byrds","floor":19.0,"turns":4.0},{"damage":12.0,"enemies":"Centurion and Healer","floor":20.0,"turns":6.0},{"damage":52,"enemies":"3 Cultists","floor":21,"turns":6}],"seed_played":"4545726905714711888","potions_obtained":[{"floor":1.0,"key":"Swift Potion"},{"floor":7.0,"key":"SpeedPotion"},{"floor":10.0,"key":"LiquidBronze"},{"floor":10.0,"key":"DistilledChaos"},{"floor":16.0,"key":"Block Potion"},{"floor":18.0,"key":"ShroomBrew"},{"floor":18.0,"key":"SteroidPotion"},{"floor":20.0,"key":"LiquidMemories"}],"is_trial":false,"path_per_floor":["M","?","?","M","?","$","E","M","T","E","R","?","R","$","R","B",null,"M","M","M","M"],"character_chosen":"MARISA","items_purchased":["ChargingUp","WitchOfGreed","PropBag","MysteriousBeam+1"],"campfire_rested":0,"item_purchase_floors":[6,6,14,14],"current_hp_per_floor":[72,61,65,65,65,65,45,47,47,15,27,39,51,51,63,63,82,61,53,47,1,1],"gold":311,"neow_bonus":"","is_daily":false,"chose_seed":false,"campfire_upgraded":3,"win_rate":0.0,"timestamp":1612294614,"path_taken":["M","?","?","?","?","$","E","M","T","E","R","?","R","?","R","BOSS","M","M","?","M"],"items_purchased_type":["Card","Card","Card","Card"],"build_version":"2020-12-22","purchased_purges":1,"victory":false,"max_hp_per_floor":[75,75,82,82,82,82,82,82,82,82,82,82,82,82,82,82,82,82,82,82,82,82],"card_choices":[{"not_picked":["BlackSwan","MHz"],"picked":"VoidDream","floor":1.0},{"not_picked":["SporeBomb","AsteroidBelt"],"picked":"BlazeAway","floor":1.0},{"not_picked":["MeatLantern","Bloodbath"],"picked":"ShyLook","floor":4.0},{"not_picked":["6A","GravityBeat"],"picked":"EarthLightRay","floor":4.0},{"not_picked":["6A","SporeBomb"],"picked":"StarDustReverie","floor":7.0},{"not_picked":["PunishingBird","Woodsman"],"picked":"BigBird","floor":7.0},{"not_picked":["MHz","BigBadWolf"],"picked":"LaLuna","floor":8.0},{"not_picked":["PropBag","WitchOfGreed"],"picked":"OpenUniverse","floor":8.0},{"not_picked":["EarthLightRay","UnstableBomb+1"],"picked":"MaximisePower","floor":10.0},{"not_picked":["SingingMachine","Bloodbath"],"picked":"CherryBlossoms","floor":10.0},{"not_picked":["StarDustReverie","EscapeVelocity"],"picked":"MillisecondPulsars","floor":16.0},{"not_picked":["Porccubus","LongBird"],"picked":"CherryBlossoms","floor":18.0},{"not_picked":["GravityBeat+1","AsteroidBelt+1"],"picked":"GalacticHalo+1","floor":18.0},{"not_picked":["Scorched","Alriune","NakedNest"],"picked":"Singing Bowl","floor":19.0},{"not_picked":["MysteriousBeam+1","WitchOfGreed"],"picked":"MillisecondPulsars","floor":19.0},{"not_picked":["PunishingBird","Variant"],"picked":"OSAHOGD","floor":20.0},{"not_picked":["GrandCross+1","MysteriousBeam+1"],"picked":"EnergyFlow+1","floor":20.0}],"player_experience":326027,"relics_obtained":[{"floor":1.0,"key":"LetterFromLob"},{"floor":7.0,"key":"War Paint"},{"floor":9.0,"key":"Eternal Feather"},{"floor":10.0,"key":"Molten Egg 2"}],"event_choices":[{"damage_healed":0.0,"max_hp_gain":0.0,"max_hp_loss":0.0,"gold_gain":75.0,"event_name":"World of Goop","player_choice":"Gather Gold","floor":2.0,"gold_loss":0.0,"damage_taken":11.0},{"damage_healed":0.0,"max_hp_gain":0.0,"max_hp_loss":0.0,"gold_gain":0.0,"event_name":"Scrap Ooze","player_choice":"Success","floor":3.0,"gold_loss":0.0,"damage_taken":3.0,"relics_obtained":["Strawberry"]},{"damage_healed":0.0,"max_hp_gain":0.0,"max_hp_loss":0.0,"gold_gain":0.0,"event_name":"Big Fish","player_choice":"Box","floor":5.0,"gold_loss":0.0,"damage_taken":0.0,"relics_obtained":["Pen Nib"],"cards_obtained":["Regret"]}],"is_beta":false,"boss_relics":[{"not_picked":["Ectoplasm","Velvet Choker"],"picked":"Empty Cage"}],"items_purged_floors":[6],"is_endless":false,"potions_floor_spawned":[1,10,16,18],"killed_by":"3 Cultists","ascension_level":1}}