{"host":"i9wanet4r0ff4t9y","time":1612271648,"event":{"mods":["2.2 Compatiblity","Act Like it!","BaseMod","Bestiary","Better Altar","Better Match","Better Note","Better Sensory Stone","Better Skull","Better Third Choice","Better Vampires","BetterRewards","CapriCore","Colored Map","Curses Come First","Downfall","Hubris","Minty Spire (QoL Compilation)","Quick Restart","READ ME - Guardian Mod","READ ME - Snecko Mod","Relic Stats","Reliquary","Say the Spire","Spicy Shops","StSLib","The Gatherer","Waifu the Spire"],"gold_per_floor":[112,123,123,137,177,177,189,203,203,203,168,185,0,0,0,74,74,85,85,96,11,11,11,11,11,36,62,75,1,1,13,13,13,13],"floor_reached":33,"language":"POL","playtime":778,"items_purged":[],"score":514,"play_id":"4686f6f9-36c5-4781-a2bf-37f63a90d63a","local_time":"20210202141408","is_ascension_mode":true,"campfire_choices":[{"floor":6,"key":"REST"},{"floor":10,"key":"REST"},{"floor":15,"key":"REST"},{"floor":23,"key":"REST"},{"floor":30,"key":"REST"},{"floor":32,"key":"REST"}],"circlet_count":0,"master_deck":["AscendersBane","Strike_G+1","Strike_G+1","Strike_G+1","Strike_G+1","Strike_G+1","Defend_G+1","Defend_G+1","Defend_G+1","Defend_G+1","Defend_G+1","Survivor","Neutralize","Magnetism+1","Jack Of All Trades","Heel Hook","Skewer","Distraction","Slice","Glass Knife","Outmaneuver","Blade Dance","Noxious Fumes","Enlightenment","After Image","Endless Agony","Blur","Distraction","Cloak And Dagger","Blade Dance","All Out Attack"],"relics":["Ring of the Snake","StoneCalendar","TheAbacus","Sling","Bronze Scales","hexamod:Sixitude","hubris:CrackedHourglass","betterThird:NestCultRelic","Bird Faced Urn","Pen Nib","CaptainsWheel"],"acts_visited":["Exordium","TheCity"],"potions_floor_usage":[5,12,16,20],"damage_taken":[{"damage":6,"enemies":"2 Louse","floor":1,"turns":3},{"damage":8,"enemies":"Cultist","floor":2,"turns":5},{"damage":3,"enemies":"Small Slimes","floor":4,"turns":4},{"damage":0,"enemies":"2 Fungi Beasts","floor":5,"turns":3},{"damage":11,"enemies":"Large Slime","floor":7,"turns":5},{"damage":8,"enemies":"Blue Slaver","floor":8,"turns":3},{"damage":0,"enemies":"Lots of Slimes","floor":12,"turns":2},{"damage":6,"enemies":"Slime Boss","floor":16,"turns":5},{"damage":16,"enemies":"Spheric Guardian","floor":18,"turns":4},{"damage":17,"enemies":"2 Thieves","floor":20,"turns":4},{"damage":60,"enemies":"Slavers","floor":27,"turns":4},{"damage":0,"enemies":"Sentry and Sphere","floor":28,"turns":5},{"damage":2,"enemies":"3 Cultists","floor":31,"turns":5},{"damage":66,"enemies":"hubris:MusketHawk","floor":33,"turns":6}],"seed_played":"8935687735441718307","potions_obtained":[{"floor":2,"key":"ColorlessPotion"},{"floor":7,"key":"SteroidPotion"},{"floor":12,"key":"sneckomod:MuddlingPotion"},{"floor":18,"key":"Swift Potion"},{"floor":28,"key":"SpeedPotion"}],"is_trial":false,"path_per_floor":["M","M","?","M","M","R","M","M","T","R","?","M","?","?","R","B",null,"M","?","M","?","?","R","$","?","T","E","M","$","R","M","R","B"],"character_chosen":"THE_SILENT","items_purchased":["StoneCalendar","Magnetism","TheAbacus","Sling","Bronze Scales","Jack Of All Trades","Heel Hook","Blade Dance"],"campfire_rested":6,"item_purchase_floors":[0,0,0,0,0,0,0,29],"current_hp_per_floor":[22,14,5,2,2,21,10,2,2,21,37,37,43,43,64,58,69,53,53,36,36,36,57,57,57,57,1,5,5,26,30,51,0,0],"gold":13,"neow_bonus":"","is_daily":false,"chose_seed":false,"campfire_upgraded":0,"win_rate":0.0,"timestamp":1612271648,"path_taken":["M","M","?","M","?","R","M","M","T","R","?","M","?","?","R","BOSS","M","?","M","?","?","R","$","?","T","E","?","?","R","M","R","BOSS"],"items_purchased_type":["Relic","Card","Relic","Relic","Relic","Card","Card","Card"],"build_version":"2020-12-22","purchased_purges":0,"victory":false,"max_hp_per_floor":[66,66,66,66,66,66,66,66,66,66,66,66,72,72,72,72,72,72,72,72,72,72,72,72,72,72,72,72,72,72,72,72,72,72],"relic_stats":{"TheAbacus":[24],"counters":[163,781],"Bronze Scales":[98],"Bird Faced Urn":[18],"StoneCalendar":[0],"Pen Nib":[4],"obtain_stats":[{"TwistedFunnel":11,"Spirit Poop":29,"Whetstone":0,"Bottled Tornado":19,"Boot":0,"Sling":11,"Blood Vial":0,"hubris:HerbalPaste":19,"Sundial":7,"MealTicket":0,"HandDrill":0,"Kunai":12,"hubris:TinFlute":10,"Pear":23,"Blue Candle":54,"Eternal Feather":26,"Pen Nib":26,"Paper Crane":40,"Akabeko":41,"hubris:BottledHeart":22,"Bird Faced Urn":25,"hubris:TenFootPole":11,"StrikeDummy":23,"Unceasing Top":28,"Regal Pillow":9,"Lantern":0,"hubris:Metronome":11,"Singing Bowl":0,"Torii":43,"StoneCalendar":0,"Bag of Preparation":27,"hubris:EmptyBottle":0,"Ancient Tea Set":11,"Cursed Key":34,"Matryoshka":6,"Shovel":19,"Ninja Scroll":11,"Toolbox":41,"Chemical X":11,"InkBottle":6,"Ring of the Snake":0,"Potion Belt":0,"The Specimen":0,"Golden Idol":2,"betterThird:NestCultRelic":28,"PreservedInsect":0,"The Courier":6,"Frozen Egg 2":41,"MawBank":27,"sneckomod:BabySnecko":22,"Ornamental Fan":20,"betterThird:SlimedRelic":5,"Orrery":0,"Bottled Lightning":7,"hexamod:BolsterEngine":42,"hubris:CrackedHourglass":17,"Toy Ornithopter":12,"CeramicFish":9,"Vajra":21,"HoveringKite":34,"hubris:VirtuousBlindfold":17,"Lizard Tail":17,"HornCleat":11,"Strawberry":0,"Philosopher\u0027s Stone":17,"Prayer Wheel":9,"Girya":0,"Happy Flower":10,"hubris:DuctTape":11,"Oddly Smooth Stone":53,"War Paint":0,"Question Card":9,"Shuriken":9,"Bronze Scales":9,"Nloth\u0027s Gift":20,"Black Star":17,"bronze:MakeshiftBattery":17,"Meat on the Bone":21,"Darkstone Periapt":0,"SacredBark":17,"Enchiridion":25,"Mango":30,"Snake Skull":9,"Juzu Bracelet":47,"Incense Burner":41,"Dream Catcher":17,"Nunchaku":26,"Tough Bandages":38,"hubris:Icosahedron":14,"TheAbacus":0,"Mummified Hand":13,"Tiny Chest":11,"hubris:DisguiseKit":19,"hexamod:Sixitude":9,"Orichalcum":0,"White Beast Statue":26,"Calling Bell":17,"Cauldron":21,"Strange Spoon":31,"Anchor":24,"CaptainsWheel":27,"hubris:BundleOfHerbs":26,"Bag of Marbles":0,"Membership Card":0},{"TwistedFunnel":126,"Spirit Poop":39,"Whetstone":99,"Bottled Tornado":143,"Boot":26,"Sling":30,"Blood Vial":88,"hubris:HerbalPaste":143,"Sundial":138,"MealTicket":119,"HandDrill":26,"Kunai":30,"hubris:TinFlute":126,"Pear":75,"Blue Candle":49,"Eternal Feather":16,"Pen Nib":159,"Paper Crane":45,"Akabeko":45,"hubris:BottledHeart":129,"Bird Faced Urn":62,"hubris:TenFootPole":126,"StrikeDummy":61,"Unceasing Top":77,"Regal Pillow":10,"Lantern":26,"hubris:Metronome":140,"Singing Bowl":50,"Torii":85,"StoneCalendar":149,"Bag of Preparation":38,"hubris:EmptyBottle":134,"Ancient Tea Set":24,"Cursed Key":80,"Matryoshka":6,"Shovel":97,"Ninja Scroll":54,"Toolbox":45,"Chemical X":94,"InkBottle":92,"Ring of the Snake":0,"Potion Belt":64,"The Specimen":26,"Golden Idol":27,"betterThird:NestCultRelic":16,"PreservedInsect":19,"The Courier":53,"Frozen Egg 2":45,"MawBank":116,"sneckomod:BabySnecko":16,"Ornamental Fan":97,"betterThird:SlimedRelic":109,"Orrery":64,"Bottled Lightning":10,"hexamod:BolsterEngine":85,"hubris:CrackedHourglass":157,"Toy Ornithopter":25,"CeramicFish":24,"Vajra":35,"HoveringKite":41,"hubris:VirtuousBlindfold":127,"Lizard Tail":71,"HornCleat":69,"Strawberry":50,"Philosopher\u0027s Stone":14,"Prayer Wheel":104,"Girya":50,"Happy Flower":11,"hubris:DuctTape":112,"Oddly Smooth Stone":48,"War Paint":88,"Question Card":6,"Shuriken":30,"Bronze Scales":6,"Nloth\u0027s Gift":59,"Black Star":96,"bronze:MakeshiftBattery":57,"Meat on the Bone":97,"Darkstone Periapt":26,"SacredBark":142,"Enchiridion":75,"Mango":63,"Snake Skull":111,"Juzu Bracelet":47,"Incense Burner":85,"Dream Catcher":71,"Nunchaku":75,"Tough Bandages":83,"hubris:Icosahedron":126,"TheAbacus":149,"Mummified Hand":112,"Tiny Chest":30,"hubris:DisguiseKit":128,"hexamod:Sixitude":155,"Orichalcum":7,"White Beast Statue":37,"Calling Bell":71,"Cauldron":16,"Strange Spoon":79,"Anchor":36,"CaptainsWheel":160,"hubris:BundleOfHerbs":116,"Bag of Marbles":50,"Membership Card":88},{"TwistedFunnel":597,"Spirit Poop":174,"Whetstone":458,"Bottled Tornado":690,"Boot":121,"Sling":135,"Blood Vial":411,"hubris:HerbalPaste":690,"Sundial":661,"MealTicket":569,"HandDrill":121,"Kunai":135,"hubris:TinFlute":597,"Pear":344,"Blue Candle":226,"Eternal Feather":72,"Pen Nib":761,"Paper Crane":206,"Akabeko":206,"hubris:BottledHeart":615,"Bird Faced Urn":284,"hubris:TenFootPole":597,"StrikeDummy":278,"Unceasing Top":352,"Regal Pillow":41,"Lantern":121,"hubris:Metronome":671,"Singing Bowl":235,"Torii":393,"StoneCalendar":723,"Bag of Preparation":171,"hubris:EmptyBottle":641,"Ancient Tea Set":102,"Cursed Key":369,"Matryoshka":24,"Shovel":450,"Ninja Scroll":245,"Toolbox":206,"Chemical X":433,"InkBottle":427,"Ring of the Snake":0,"Potion Belt":300,"The Specimen":121,"Golden Idol":124,"betterThird:NestCultRelic":72,"PreservedInsect":89,"The Courier":244,"Frozen Egg 2":206,"MawBank":551,"sneckomod:BabySnecko":72,"Ornamental Fan":450,"betterThird:SlimedRelic":507,"Orrery":300,"Bottled Lightning":41,"hexamod:BolsterEngine":393,"hubris:CrackedHourglass":753,"Toy Ornithopter":105,"CeramicFish":102,"Vajra":160,"HoveringKite":184,"hubris:VirtuousBlindfold":605,"Lizard Tail":324,"HornCleat":317,"Strawberry":235,"Philosopher\u0027s Stone":64,"Prayer Wheel":486,"Girya":235,"Happy Flower":49,"hubris:DuctTape":523,"Oddly Smooth Stone":221,"War Paint":411,"Question Card":24,"Shuriken":135,"Bronze Scales":24,"Nloth\u0027s Gift":266,"Black Star":446,"bronze:MakeshiftBattery":259,"Meat on the Bone":450,"Darkstone Periapt":121,"SacredBark":683,"Enchiridion":344,"Mango":288,"Snake Skull":516,"Juzu Bracelet":215,"Incense Burner":393,"Dream Catcher":324,"Nunchaku":344,"Tough Bandages":383,"hubris:Icosahedron":597,"TheAbacus":723,"Mummified Hand":523,"Tiny Chest":135,"hubris:DisguiseKit":609,"hexamod:Sixitude":746,"Orichalcum":28,"White Beast Statue":166,"Calling Bell":324,"Cauldron":72,"Strange Spoon":359,"Anchor":164,"CaptainsWheel":765,"hubris:BundleOfHerbs":551,"Bag of Marbles":235,"Membership Card":411}],"Ring of the Snake":[311]},"card_choices":[{"not_picked":["Deflect","Tactician"],"picked":"Skewer","floor":1},{"not_picked":["Deflect","All Out Attack"],"picked":"Distraction","floor":2},{"not_picked":["Endless Agony","Reflex"],"picked":"Slice","floor":4},{"not_picked":["Deflect","Masterful Stab"],"picked":"Glass Knife","floor":5},{"not_picked":["Acrobatics","Bane"],"picked":"Outmaneuver","floor":7},{"not_picked":["Flechettes","Skewer"],"picked":"Blade Dance","floor":8},{"not_picked":["Finisher","Reflex"],"picked":"Noxious Fumes","floor":12},{"not_picked":["Wraith Form v2","Unload"],"picked":"After Image","floor":16},{"not_picked":["Deadly Poison","Outmaneuver"],"picked":"Endless Agony","floor":18},{"not_picked":["Dodge and Roll","Skewer"],"picked":"Blur","floor":20},{"not_picked":["Well Laid Plans","Sucker Punch"],"picked":"Distraction","floor":27},{"not_picked":["Flying Knee","Bouncing Flask"],"picked":"Cloak And Dagger","floor":28},{"not_picked":["hubris:Sniper","PiercingWail+1"],"picked":"All Out Attack","floor":31}],"player_experience":457465,"relics_obtained":[{"floor":9,"key":"hexamod:Sixitude"},{"floor":26,"key":"Pen Nib"},{"floor":27,"key":"CaptainsWheel"}],"event_choices":[{"damage_healed":0,"gold_gain":0,"player_choice":"Damaged","damage_taken":9,"max_hp_gain":0,"max_hp_loss":0,"event_name":"Wheel of Change","floor":3,"gold_loss":0},{"damage_healed":16,"gold_gain":0,"player_choice":"Healed","damage_taken":0,"max_hp_gain":0,"max_hp_loss":0,"event_name":"The Cleric","floor":11,"gold_loss":35},{"damage_healed":0,"gold_gain":0,"player_choice":"RENOUNCE","damage_taken":185,"max_hp_gain":0,"max_hp_loss":0,"event_name":"betterThird:BetterSerpent","floor":13,"gold_loss":185,"cards_obtained":["Enlightenment"]},{"damage_healed":0,"gold_gain":0,"player_choice":"Grow","damage_taken":0,"max_hp_gain":0,"max_hp_loss":0,"event_name":"Living Wall","floor":14,"gold_loss":0,"cards_upgraded":["Magnetism"]},{"damage_healed":0,"gold_gain":0,"player_choice":"Madness","damage_taken":0,"relics_obtained":["betterThird:NestCultRelic"],"max_hp_gain":0,"max_hp_loss":0,"event_name":"betterThird:BetterNest","floor":19,"gold_loss":0},{"damage_healed":0,"gold_gain":0,"player_choice":"Obtained Relic","damage_taken":0,"relics_obtained":["Bird Faced Urn"],"max_hp_gain":0,"max_hp_loss":0,"event_name":"Addict","floor":21,"gold_loss":85},{"damage_healed":0,"gold_gain":0,"player_choice":"Simplicity","damage_taken":0,"max_hp_gain":0,"max_hp_loss":10,"event_name":"betterThird:BetterWriting","floor":25,"gold_loss":0}],"is_beta":false,"boss_relics":[{"not_picked":["Coffee Dripper","Snecko Eye"],"picked":"hubris:CrackedHourglass"}],"items_purged_floors":[],"is_endless":false,"potions_floor_spawned":[2,4,7,12,18,28,31],"killed_by":"hubris:MusketHawk","ascension_level":20}}