{"host":"rantoq7h0pygex6x","time":1612273289,"event":{"mods":["AchievementEnabler","BaseMod","BetterRewards","Minty Spire (QoL Compilation)"],"gold_per_floor":[115,115,130,30,30,30,30,30,30,46,96,96,122,138,138,209,209,221,201,218,37,56,56,87,87,87],"floor_reached":25,"language":"ENG","playtime":636,"items_purged":["Strike_B","Regret","Strike_B"],"score":638,"play_id":"15b1356d-e329-4a89-bfe4-674f1142191f","local_time":"20210202214129","is_ascension_mode":true,"campfire_choices":[{"floor":6.0,"key":"REST"},{"data":"Zap","floor":8.0,"key":"SMITH"},{"data":"Ball Lightning","floor":12.0,"key":"SMITH"},{"data":"Dualcast","floor":15.0,"key":"SMITH"},{"data":"Streamline","floor":23.0,"key":"SMITH"}],"circlet_count":0,"master_deck":["AscendersBane","Strike_B","Strike_B","Defend_B","Defend_B","Defend_B","Defend_B","Zap+1","Dualcast+1","Self Repair+1","Capacitor+1","Conserve Battery","Cold Snap","Ball Lightning+1","Echo Form","Capacitor","Hologram+1","Streamline+1","Hologram+1"],"relics":["Cracked Core","Runic Capacitor","CaptainsWheel","Toxic Egg 2","Nunchaku","Busted Crown","PreservedInsect"],"acts_visited":["Exordium","TheCity"],"potions_floor_usage":[25],"damage_taken":[{"damage":4.0,"enemies":"Jaw Worm","floor":1.0,"turns":5.0},{"damage":11.0,"enemies":"2 Louse","floor":3.0,"turns":3.0},{"damage":5.0,"enemies":"Small Slimes","floor":10.0,"turns":2.0},{"damage":16.0,"enemies":"3 Sentries","floor":13.0,"turns":6.0},{"damage":19.0,"enemies":"Red Slaver","floor":14.0,"turns":4.0},{"damage":37.0,"enemies":"The Guardian","floor":16.0,"turns":12.0},{"damage":27.0,"enemies":"3 Byrds","floor":18.0,"turns":6.0},{"damage":0.0,"enemies":"Spheric Guardian","floor":20.0,"turns":5.0},{"damage":21.0,"enemies":"3 Cultists","floor":22.0,"turns":5.0},{"damage":46.0,"enemies":"Gremlin Leader","floor":24.0,"turns":7.0},{"damage":24,"enemies":"Shelled Parasite and Fungi","floor":25,"turns":4}],"seed_played":"2480281246057117206","potions_obtained":[{"floor":3.0,"key":"Strength Potion"},{"floor":10.0,"key":"Energy Potion"},{"floor":18.0,"key":"Dexterity Potion"},{"floor":19.0,"key":"CultistPotion"}],"is_trial":false,"path_per_floor":["M","?","M","$","?","R","$","R","T","M","?","R","E","M","R","B",null,"M","?","M","$","M","R","E","M"],"character_chosen":"DEFECT","items_purchased":["Self Repair","Runic Capacitor","Capacitor","Coolheaded","Streamline"],"campfire_rested":1,"item_purchase_floors":[0,0,0,0,21],"current_hp_per_floor":[46,46,42,42,21,42,42,42,42,37,37,37,41,42,42,15,57,50,50,70,70,59,59,23,0,0],"gold":87,"neow_bonus":"","is_daily":false,"chose_seed":false,"campfire_upgraded":4,"win_rate":0.0,"timestamp":1612273289,"path_taken":["M","?","M","$","?","R","?","R","T","M","?","R","E","M","R","BOSS","M","?","M","$","?","R","E","M"],"items_purchased_type":["Card","Relic","Card","Card","Card"],"build_version":"2020-12-22","purchased_purges":3,"victory":false,"max_hp_per_floor":[71,71,71,71,71,71,71,71,71,71,71,71,71,71,71,71,71,71,71,71,71,71,71,71,71,71],"card_choices":[{"not_picked":["Coolheaded","Conserve Battery"],"picked":"Cold Snap","floor":1.0},{"not_picked":["Tempest","Beam Cell"],"picked":"Ball Lightning","floor":3.0},{"not_picked":["Cold Snap","Tempest+1"],"picked":"Echo Form","floor":10.0},{"not_picked":["Creative AI","Conserve Battery+1"],"picked":"Capacitor","floor":13.0},{"not_picked":["Conserve Battery+1","Rebound"],"picked":"Hologram+1","floor":14.0},{"not_picked":["Reinforced Body+1"],"picked":"SKIP","floor":18.0},{"not_picked":["Tempest+1"],"picked":"SKIP","floor":20.0},{"not_picked":["Hello World"],"picked":"SKIP","floor":22.0},{"not_picked":[],"picked":"Hologram+1","floor":24.0}],"player_experience":973028,"relics_obtained":[{"floor":9.0,"key":"Toxic Egg 2"},{"floor":13.0,"key":"Nunchaku"},{"floor":24.0,"key":"PreservedInsect"}],"event_choices":[{"damage_healed":0.0,"max_hp_gain":0.0,"max_hp_loss":0.0,"gold_gain":0.0,"event_name":"Big Fish","player_choice":"Box","floor":2.0,"gold_loss":0.0,"damage_taken":0.0,"relics_obtained":["CaptainsWheel"],"cards_obtained":["Regret"]},{"damage_healed":0.0,"max_hp_gain":0.0,"max_hp_loss":0.0,"gold_gain":0.0,"event_name":"Shining Light","player_choice":"Entered Light","floor":5.0,"gold_loss":0.0,"damage_taken":21.0,"cards_upgraded":["Capacitor","Self Repair"]},{"damage_healed":0.0,"max_hp_gain":0.0,"max_hp_loss":0.0,"gold_gain":50.0,"event_name":"Golden Shrine","player_choice":"Pray","floor":11.0,"gold_loss":0.0,"damage_taken":0.0},{"damage_healed":0.0,"max_hp_gain":0.0,"max_hp_loss":0.0,"gold_gain":0.0,"event_name":"The Woman in Blue","player_choice":"Bought 1 Potion","floor":19.0,"gold_loss":0.0,"damage_taken":0.0}],"is_beta":false,"boss_relics":[{"not_picked":["Black Star","Calling Bell"],"picked":"Busted Crown"}],"items_purged_floors":[0,4,21],"is_endless":false,"potions_floor_spawned":[3,10,18,20],"killed_by":"Shelled Parasite and Fungi","ascension_level":20}}