{"host":"w01zow3jg16g8jdh","time":1612269037,"event":{"mods":["AchievementEnabler","BaseMod","DeckTracker","Keyboard Shortcuts","Minty Spire (QoL Compilation)","Permanent Neow","StSLib","SuperFastMode"],"gold_per_floor":[367,367,367,377,394,394,419,419,419,455,138,157,26,26,26,114,114,143,154,154,69,19,61,61,11,11,11,23,23,60,76,76,148,148,168,168,186,236,186,186,211,161,161,193,143,176,198,218,218,218,218,218,218,4,34,34],"floor_reached":57,"language":"KOR","playtime":1272,"items_purged":["Defend_G","Strike_G","Strike_G","Defend_G","Strike_G","Defend_G","Strike_G","Defend_G"],"score":2993,"play_id":"394e944d-1b88-46ca-a0eb-b5f41e7e48c1","local_time":"20210202213037","is_ascension_mode":true,"campfire_choices":[{"floor":6,"key":"DIG"},{"floor":8,"key":"DIG"},{"data":"Deadly Poison","floor":15,"key":"SMITH"},{"data":"Tactician","floor":24,"key":"SMITH"},{"floor":32,"key":"DIG"},{"floor":40,"key":"DIG"},{"floor":49,"key":"RECALL"},{"data":"Cloak And Dagger","floor":53,"key":"SMITH"}],"circlet_count":0,"master_deck":["AscendersBane","Strike_G","Defend_G","Survivor","Neutralize","Crippling Poison+1","Deadly Poison+1","Well Laid Plans","Blade Dance","Backflip","Accuracy+1","Die Die Die","PiercingWail+1","Tactician+1","After Image","Cloak And Dagger+1","Cloak And Dagger+1","After Image"],"relics":["Ring of the Snake","Shovel","Pen Nib","Smiling Mask","Letter Opener","Kunai","CeramicFish","Pear","Coffee Dripper","Dream Catcher","Tingsha","Mercury Hourglass","Matryoshka","StrikeDummy","HoveringKite","Torii","Unceasing Top","Paper Crane","Meat on the Bone","PreservedInsect","Question Card","Bronze Scales"],"acts_visited":["Exordium","TheCity","TheBeyond","TheEnding"],"potions_floor_usage":[7,7,7,7,16,19,33,33,44,51,51,56,56],"damage_taken":[{"damage":0,"enemies":"Small Slimes","floor":1,"turns":6},{"damage":1,"enemies":"Jaw Worm","floor":4,"turns":4},{"damage":0,"enemies":"Cultist","floor":5,"turns":3},{"damage":28,"enemies":"3 Sentries","floor":7,"turns":11},{"damage":11,"enemies":"Lagavulin","floor":10,"turns":7},{"damage":3,"enemies":"2 Fungi Beasts","floor":12,"turns":3},{"damage":31,"enemies":"The Guardian","floor":16,"turns":10},{"damage":12,"enemies":"2 Thieves","floor":18,"turns":3},{"damage":11,"enemies":"Chosen","floor":19,"turns":5},{"damage":24,"enemies":"Book of Stabbing","floor":23,"turns":6},{"damage":0,"enemies":"Shelled Parasite and Fungi","floor":28,"turns":1},{"damage":0,"enemies":"Gremlin Leader","floor":30,"turns":4},{"damage":10,"enemies":"3 Cultists","floor":31,"turns":4},{"damage":3,"enemies":"Collector","floor":33,"turns":7},{"damage":32,"enemies":"Orb Walker","floor":35,"turns":4},{"damage":8,"enemies":"3 Darklings","floor":37,"turns":5},{"damage":0,"enemies":"2 Orb Walkers","floor":38,"turns":1},{"damage":0,"enemies":"Nemesis","floor":41,"turns":1},{"damage":0,"enemies":"Reptomancer","floor":44,"turns":2},{"damage":0,"enemies":"Giant Head","floor":46,"turns":7},{"damage":20,"enemies":"Jaw Worm Horde","floor":47,"turns":4},{"damage":6,"enemies":"4 Shapes","floor":48,"turns":4},{"damage":31,"enemies":"Time Eater","floor":50,"turns":6},{"damage":15,"enemies":"Awakened One","floor":51,"turns":14},{"damage":6,"enemies":"Shield and Spear","floor":55,"turns":2},{"damage":77,"enemies":"The Heart","floor":56,"turns":8}],"seed_played":"1573010015353732046","potions_obtained":[{"floor":1,"key":"EntropicBrew"},{"floor":4,"key":"Explosive Potion"},{"floor":12,"key":"EssenceOfSteel"},{"floor":18,"key":"Swift Potion"},{"floor":23,"key":"FearPotion"},{"floor":31,"key":"Block Potion"},{"floor":41,"key":"Explosive Potion"},{"floor":46,"key":"Fire Potion"},{"floor":48,"key":"Energy Potion"}],"is_trial":false,"path_per_floor":["M","?","?","M","M","R","E","R","T","E","$","M","$","?","R","B",null,"M","M","?","?","$","E","R","$","T","$","M","?","E","M","R","B",null,"M","?","M","?","$","R","E","$","T","E","$","E","M","M","R","B","B",null,"R","$","E","B",null],"character_chosen":"THE_SILENT","items_purchased":["Pear","Accuracy","CultistPotion","Strength Potion"],"campfire_rested":0,"item_purchase_floors":[11,13,54,54],"current_hp_per_floor":[59,48,48,47,47,47,19,19,19,8,18,15,15,15,15,34,61,49,38,38,38,38,14,14,14,14,14,14,14,14,4,4,1,53,21,21,13,13,13,13,13,13,13,25,25,37,29,35,35,16,13,56,56,56,50,56],"gold":34,"neow_bonus":"TWO_FIFTY_GOLD","is_daily":false,"chose_seed":false,"campfire_upgraded":3,"win_rate":0.0,"timestamp":1612269037,"path_taken":["M","?","?","?","M","R","E","R","T","E","$","M","$","?","R","BOSS","M","M","?","?","$","E","R","$","T","?","?","?","E","M","R","BOSS","M","?","M","?","?","R","E","$","T","E","$","E","M","?","R","BOSS","BOSS","R","$","E","BOSS"],"items_purchased_type":["Relic","Card","Potion","Potion"],"build_version":"2020-12-22","purchased_purges":8,"victory":true,"max_hp_per_floor":[60,60,60,60,60,60,60,60,60,60,70,70,70,70,70,70,70,70,70,70,70,70,70,70,70,70,70,70,70,70,70,70,70,70,70,70,70,70,70,70,70,70,70,70,70,70,70,70,70,70,70,70,70,70,70,70],"card_choices":[{"not_picked":["Backflip","Dagger Throw"],"picked":"Crippling Poison","floor":1},{"not_picked":["Infinite Blades","Prepared"],"picked":"Deadly Poison","floor":4},{"not_picked":["Cloak And Dagger","Deflect","Slice"],"picked":"SKIP","floor":5},{"not_picked":["PiercingWail","All Out Attack"],"picked":"Well Laid Plans","floor":7},{"not_picked":["Blur","Phantasmal Killer"],"picked":"Blade Dance","floor":10},{"not_picked":["Finisher","Terror"],"picked":"Backflip","floor":12},{"not_picked":["Malaise","Wraith Form v2"],"picked":"Die Die Die","floor":16},{"not_picked":["Outmaneuver","Dagger Throw"],"picked":"PiercingWail+1","floor":18},{"not_picked":["PiercingWail","Deflect+1","Slice"],"picked":"SKIP","floor":19},{"not_picked":["Prepared","Poisoned Stab+1"],"picked":"Tactician","floor":23},{"not_picked":["Deflect","Masterful Stab+1","Quick Slash"],"picked":"SKIP","floor":28},{"not_picked":["Poisoned Stab","Underhanded Strike"],"picked":"After Image","floor":30},{"not_picked":["Flying Knee","Poisoned Stab","Outmaneuver"],"picked":"SKIP","floor":31},{"not_picked":["Deflect","Dodge and Roll"],"picked":"Cloak And Dagger","floor":35},{"not_picked":["Dodge and Roll","Blade Dance","Deadly Poison"],"picked":"SKIP","floor":37},{"not_picked":["Sucker Punch","Outmaneuver","Bouncing Flask+1"],"picked":"SKIP","floor":41},{"not_picked":["A Thousand Cuts","Dodge and Roll","Prepared"],"picked":"SKIP","floor":44},{"not_picked":["Flying Knee","Infinite Blades","Riddle With Holes"],"picked":"SKIP","floor":46},{"not_picked":["PiercingWail","Acrobatics","Bane"],"picked":"Cloak And Dagger+1","floor":47},{"not_picked":["Setup","Finisher+1","Outmaneuver"],"picked":"After Image","floor":48},{"not_picked":["Quick Slash","All Out Attack","Leg Sweep","Storm of Steel"],"picked":"SKIP","floor":55}],"player_experience":348730,"relics_obtained":[{"floor":6,"key":"Pen Nib"},{"floor":7,"key":"Smiling Mask"},{"floor":8,"key":"Letter Opener"},{"floor":9,"key":"Kunai"},{"floor":10,"key":"CeramicFish"},{"floor":23,"key":"Tingsha"},{"floor":26,"key":"Mercury Hourglass"},{"floor":30,"key":"Matryoshka"},{"floor":32,"key":"StrikeDummy"},{"floor":38,"key":"Torii"},{"floor":40,"key":"Unceasing Top"},{"floor":41,"key":"Paper Crane"},{"floor":43,"key":"Meat on the Bone"},{"floor":44,"key":"PreservedInsect"},{"floor":46,"key":"Question Card"},{"floor":55,"key":"Bronze Scales"}],"event_choices":[{"damage_healed":0,"gold_gain":0,"player_choice":"Success","damage_taken":11,"relics_obtained":["Shovel"],"max_hp_gain":0,"max_hp_loss":0,"event_name":"Scrap Ooze","floor":2,"gold_loss":0},{"damage_healed":0,"gold_gain":0,"player_choice":"Upgraded","damage_taken":0,"max_hp_gain":0,"max_hp_loss":0,"event_name":"Upgrade Shrine","floor":3,"gold_loss":0,"cards_upgraded":["Crippling Poison"]},{"damage_healed":0,"gold_gain":0,"player_choice":"Ignored","damage_taken":0,"max_hp_gain":0,"max_hp_loss":0,"event_name":"Shining Light","floor":14,"gold_loss":0},{"damage_healed":0,"gold_gain":0,"player_choice":"Ignored","damage_taken":0,"max_hp_gain":0,"max_hp_loss":0,"event_name":"Ghosts","floor":20,"gold_loss":0},{"damage_healed":0,"gold_gain":0,"player_choice":"Obtained Relic","damage_taken":0,"relics_obtained":["Dream Catcher"],"max_hp_gain":0,"max_hp_loss":0,"event_name":"Addict","floor":21,"gold_loss":85},{"damage_healed":0,"gold_gain":0,"player_choice":"Upgraded","damage_taken":0,"max_hp_gain":0,"max_hp_loss":0,"event_name":"Upgrade Shrine","floor":29,"gold_loss":0,"cards_upgraded":["Accuracy"]},{"damage_healed":0,"gold_gain":0,"player_choice":"Ignored","damage_taken":0,"max_hp_gain":0,"max_hp_loss":0,"event_name":"Tomb of Lord Red Mask","floor":36,"gold_loss":0},{"damage_healed":0,"gold_gain":0,"player_choice":"Fight","damage_taken":0,"max_hp_gain":0,"max_hp_loss":0,"event_name":"Mysterious Sphere","floor":38,"gold_loss":0}],"is_beta":false,"boss_relics":[{"not_picked":["Tiny House","SacredBark"],"picked":"Coffee Dripper"},{"not_picked":["Busted Crown","Snecko Eye"],"picked":"HoveringKite"}],"items_purged_floors":[11,13,22,25,39,42,45,54],"is_endless":false,"potions_floor_spawned":[1,4,12,18,23,31,41,46,48],"ascension_level":20}}