{"host":"bq4pt811tk9yrmjl","time":1612269090,"event":{"mods":["AchievementEnabler","BaseMod","Colored Map","Colored Powertips","Defuse TimeMaze Blight","Hermit","Minty Spire (QoL Compilation)","Smile Girya","StSLib","SuperFastMode"],"gold_per_floor":[113,78,78,140,140,140,168,168,191,191,203,234,248,260,260,361,361,361],"floor_reached":17,"language":"ENG","playtime":290,"items_purged":[],"score":197,"play_id":"fb88ccf7-4dd8-4119-830e-52cef0689d8b","local_time":"20210202103130","is_ascension_mode":true,"campfire_choices":[{"data":"hermit:GhostlyPresence","floor":6,"key":"SMITH"},{"floor":8,"key":"RECALL"},{"data":"hermit:Snapshot","floor":10,"key":"SMITH"},{"data":"hermit:FlashPowder","floor":15,"key":"SMITH"}],"circlet_count":0,"master_deck":["hermit:Strike_Hermit","hermit:Strike_Hermit","hermit:Strike_Hermit","hermit:Strike_Hermit","hermit:Defend_Hermit","hermit:Defend_Hermit","hermit:Defend_Hermit","hermit:Defend_Hermit","hermit:Snapshot+1","hermit:Covet","hermit:GhostlyPresence+1","hermit:FlashPowder+1","hermit:HighNoon","hermit:Cheat+1","hermit:NoHoldsBarred+1","hermit:OverwhelmingPower+1"],"relics":["hermit:Momento","NeowsBlessing","Boot","Blood Vial","Astrolabe"],"acts_visited":["Exordium","TheCity"],"potions_floor_usage":[12,14,16,16],"damage_taken":[{"damage":0,"enemies":"2 Louse","floor":1,"turns":1},{"damage":0,"enemies":"Lagavulin","floor":7,"turns":1},{"damage":0,"enemies":"Small Slimes","floor":11,"turns":1},{"damage":23,"enemies":"Gremlin Nob","floor":12,"turns":4},{"damage":0,"enemies":"Jaw Worm","floor":13,"turns":3},{"damage":2,"enemies":"Exordium Thugs","floor":14,"turns":4},{"damage":28,"enemies":"The Guardian","floor":16,"turns":16}],"seed_played":"6863709454910971448","potions_obtained":[{"floor":1,"key":"DistilledChaos"},{"floor":12,"key":"FearPotion"},{"floor":13,"key":"Swift Potion"},{"floor":14,"key":"Regen Potion"}],"is_trial":false,"path_per_floor":["M","$","?","?","$","R","E","R","T","R","M","E","M","M","R","B",null],"character_chosen":"HERMIT","items_purchased":["hermit:GhostlyPresence"],"campfire_rested":0,"item_purchase_floors":[2],"current_hp_per_floor":[75,75,75,75,75,75,75,75,75,75,75,52,54,54,54,43,75,75],"gold":361,"neow_bonus":"THREE_ENEMY_KILL","is_daily":false,"chose_seed":false,"campfire_upgraded":3,"win_rate":0.0,"timestamp":1612269090,"path_taken":["M","$","?","?","?","R","E","R","T","R","?","E","M","M","R","BOSS"],"items_purchased_type":["Card"],"build_version":"2020-12-22","purchased_purges":0,"victory":false,"max_hp_per_floor":[75,75,75,75,75,75,75,75,75,75,75,75,75,75,75,75,75,75],"card_choices":[{"not_picked":["hermit:Virtue","hermit:Vantage"],"picked":"hermit:Showdown","floor":1},{"not_picked":["hermit:Roulette","hermit:WideOpen","hermit:Dissolve"],"picked":"SKIP","floor":7},{"not_picked":["hermit:LowProfile","hermit:Roulette","hermit:Manifest"],"picked":"SKIP","floor":11},{"not_picked":["hermit:Feint","hermit:CalledShot"],"picked":"hermit:Coalescence","floor":12},{"not_picked":["hermit:Dive","hermit:ItchyTrigger"],"picked":"hermit:FlashPowder","floor":13},{"not_picked":["hermit:CalledShot","hermit:Enervate"],"picked":"hermit:Shortfuse","floor":14},{"not_picked":["hermit:EternalForm","hermit:FromBeyond"],"picked":"hermit:HighNoon","floor":16}],"player_experience":295893,"relics_obtained":[{"floor":7,"key":"Boot"},{"floor":12,"key":"Blood Vial"}],"event_choices":[{"damage_healed":0,"gold_gain":0,"player_choice":"Leave","damage_taken":0,"max_hp_gain":0,"max_hp_loss":0,"event_name":"The Cleric","floor":3,"gold_loss":0},{"damage_healed":0,"gold_gain":62,"player_choice":"Gained Gold","damage_taken":0,"max_hp_gain":0,"max_hp_loss":0,"event_name":"Golden Wing","floor":4,"gold_loss":0}],"is_beta":false,"boss_relics":[{"not_picked":["Runic Pyramid","Coffee Dripper"],"picked":"Astrolabe"}],"items_purged_floors":[],"is_endless":false,"potions_floor_spawned":[1,12,13,14],"ascension_level":1}}