{"host":"kg61lsvem4dxoat8","time":1612283820,"event":{"mods":["AchievementEnabler","BaseMod","Better Altar","Better Match","Better Sensory Stone","Highlight Path","Minty Spire (QoL Compilation)","Quick Restart","Relic Sorter","Relic Stats","StSLib","Synergy Search","slay the spire mod where everything is the same but ironclad has a cowboy hat"],"gold_per_floor":[110,110,110,59,72,72,92,109,132,167,180,198,210,210,210,308,308,326,339,350,350,361,361,392,392,392,424,437,452,47,64,64,64,64],"floor_reached":33,"language":"ENG","playtime":1107,"items_purged":[],"score":462,"play_id":"9180b78e-daf4-4eaa-a15d-cb7cb806fadf","local_time":"20210203003700","is_ascension_mode":true,"campfire_choices":[{"data":"Mayhem","floor":6,"key":"SMITH"},{"data":"Metallicize","floor":15,"key":"SMITH"},{"floor":23,"key":"REST"},{"floor":25,"key":"REST"},{"floor":32,"key":"REST"}],"circlet_count":0,"master_deck":["AscendersBane","Strike_R","Strike_R","Strike_R","Strike_R","Defend_R","Defend_R","Defend_R","Defend_R","Bash","Flame Barrier","Mayhem+1","Cleave","Pommel Strike","Feel No Pain","Rampage","Metallicize+1","Shrug It Off","Feed","Carnage","Shrug It Off","Necronomicurse","Blood for Blood+1"],"relics":["Burning Blood","Odd Mushroom","PreservedInsect","Boot","Fusion Hammer","Necronomicon","Strawberry","Turnip","Happy Flower","Tiny Chest","Matryoshka"],"acts_visited":["Exordium","TheCity"],"potions_floor_usage":[7,19,22,24,33,33],"damage_taken":[{"damage":24,"enemies":"Jaw Worm","floor":1,"turns":5},{"damage":5,"enemies":"2 Louse","floor":5,"turns":3},{"damage":24,"enemies":"The Mushroom Lair","floor":7,"turns":5},{"damage":0,"enemies":"Small Slimes","floor":8,"turns":3},{"damage":16,"enemies":"Gremlin Nob","floor":10,"turns":4},{"damage":18,"enemies":"3 Louse","floor":11,"turns":3},{"damage":2,"enemies":"2 Fungi Beasts","floor":12,"turns":4},{"damage":3,"enemies":"Red Slaver","floor":13,"turns":4},{"damage":41,"enemies":"The Guardian","floor":16,"turns":13},{"damage":15,"enemies":"Spheric Guardian","floor":18,"turns":6},{"damage":10,"enemies":"2 Thieves","floor":19,"turns":3},{"damage":22,"enemies":"3 Cultists","floor":20,"turns":7},{"damage":27,"enemies":"Centurion and Healer","floor":22,"turns":7},{"damage":24,"enemies":"Slavers","floor":24,"turns":4},{"damage":10,"enemies":"Book of Stabbing","floor":27,"turns":3},{"damage":28,"enemies":"Shelled Parasite and Fungi","floor":28,"turns":4},{"damage":9,"enemies":"Chosen and Byrds","floor":29,"turns":4},{"damage":22,"enemies":"Snecko","floor":31,"turns":4},{"damage":91,"enemies":"Automaton","floor":33,"turns":12}],"seed_played":"2689850764503289270","potions_obtained":[{"floor":5,"key":"Energy Potion"},{"floor":12,"key":"Dexterity Potion"},{"floor":13,"key":"Fire Potion"},{"floor":16,"key":"PowerPotion"},{"floor":20,"key":"ColorlessPotion"},{"floor":28,"key":"Explosive Potion"},{"floor":29,"key":"ElixirPotion"}],"is_trial":false,"path_per_floor":["M","?","?","$","M","R","?","M","T","E","M","M","M","?","R","B",null,"M","M","M","?","M","R","E","R","T","E","M","M","$","M","R","B"],"character_chosen":"IRONCLAD","items_purchased":["Cleave","Tiny Chest","Matryoshka"],"campfire_rested":3,"item_purchase_floors":[4,30,30],"current_hp_per_floor":[62,55,55,55,56,56,38,44,44,34,22,26,29,88,88,53,79,70,69,53,37,16,43,35,65,65,61,42,39,39,23,54,0,0],"gold":64,"neow_bonus":"TEN_PERCENT_HP_BONUS","is_daily":false,"chose_seed":false,"campfire_upgraded":2,"win_rate":0.0,"timestamp":1612283820,"path_taken":["M","?","?","$","M","R","?","M","T","E","M","M","M","?","R","BOSS","M","M","M","?","M","R","E","R","T","E","M","M","$","M","R","BOSS"],"items_purchased_type":["Card","Relic","Relic"],"build_version":"2020-12-22","purchased_purges":0,"victory":false,"max_hp_per_floor":[88,88,88,88,88,88,88,88,88,88,88,88,88,88,88,88,88,88,91,91,91,91,91,101,101,101,101,104,104,104,104,104,104,104],"relic_stats":{"Happy Flower":[8],"counters":[19,98],"Tiny Chest":0,"PreservedInsect":107,"Turnip":[0],"Necronomicon":[20],"Boot":[11],"obtain_stats":[{"Matryoshka":30,"Happy Flower":27,"Strawberry":24,"Tiny Chest":30,"PreservedInsect":9,"Fusion Hammer":17,"Turnip":26,"Necronomicon":21,"Odd Mushroom":7,"Boot":10,"Burning Blood":0},{"Matryoshka":17,"Happy Flower":15,"Strawberry":14,"Tiny Chest":17,"PreservedInsect":4,"Fusion Hammer":9,"Turnip":14,"Necronomicon":12,"Odd Mushroom":3,"Boot":5,"Burning Blood":0},{"Matryoshka":82,"Happy Flower":74,"Strawberry":71,"Tiny Chest":82,"PreservedInsect":16,"Fusion Hammer":44,"Turnip":71,"Necronomicon":60,"Odd Mushroom":13,"Boot":20,"Burning Blood":0}],"Burning Blood":108},"card_choices":[{"not_picked":["Heavy Blade","Anger"],"picked":"Flame Barrier","floor":1},{"not_picked":["Master of Strategy","Secret Technique"],"picked":"Mayhem","floor":3},{"not_picked":["Heavy Blade","Reckless Charge"],"picked":"Pommel Strike","floor":5},{"not_picked":["Headbutt","Dark Embrace"],"picked":"Feel No Pain","floor":7},{"not_picked":["Armaments","Sentinel"],"picked":"Rampage","floor":8},{"not_picked":["Shrug It Off","Blood for Blood"],"picked":"Metallicize","floor":10},{"not_picked":["Sword Boomerang","Shockwave","Cleave"],"picked":"SKIP","floor":11},{"not_picked":["Intimidate","Hemokinesis"],"picked":"Shrug It Off","floor":12},{"not_picked":["Berserk","Heavy Blade","Feel No Pain"],"picked":"SKIP","floor":13},{"not_picked":["Exhume","Berserk"],"picked":"Feed","floor":16},{"not_picked":["Pommel Strike","Intimidate","Ghostly Armor"],"picked":"SKIP","floor":18},{"not_picked":["Shockwave","Clothesline"],"picked":"Carnage","floor":19},{"not_picked":["Power Through","Havoc+1"],"picked":"Shrug It Off","floor":20},{"not_picked":["Thunderclap","Hemokinesis+1","Bloodletting+1"],"picked":"SKIP","floor":22},{"not_picked":["Warcry","Pommel Strike"],"picked":"Blood for Blood+1","floor":24},{"not_picked":["Second Wind+1","Carnage","Body Slam"],"picked":"SKIP","floor":27},{"not_picked":["Flex","Limit Break","Headbutt"],"picked":"SKIP","floor":28},{"not_picked":["Anger+1","Dual Wield","Thunderclap"],"picked":"SKIP","floor":29},{"not_picked":["Second Wind","Rage","Feel No Pain"],"picked":"SKIP","floor":31}],"player_experience":1456237,"relics_obtained":[{"floor":7,"key":"Odd Mushroom"},{"floor":9,"key":"PreservedInsect"},{"floor":10,"key":"Boot"},{"floor":21,"key":"Necronomicon"},{"floor":24,"key":"Strawberry"},{"floor":26,"key":"Turnip"},{"floor":27,"key":"Happy Flower"}],"event_choices":[{"cards_removed":["Strike_R"],"damage_healed":0,"gold_gain":0,"player_choice":"Card Removal","damage_taken":7,"max_hp_gain":0,"max_hp_loss":0,"event_name":"Golden Wing","floor":2,"gold_loss":0},{"damage_healed":0,"gold_gain":1,"player_choice":"1","damage_taken":0,"max_hp_gain":0,"max_hp_loss":0,"event_name":"betterStone:BetterStone","floor":3,"gold_loss":0},{"damage_healed":0,"gold_gain":0,"player_choice":"Fought Mushrooms","damage_taken":0,"max_hp_gain":0,"max_hp_loss":0,"event_name":"Mushrooms","floor":7,"gold_loss":0},{"damage_healed":59,"gold_gain":0,"player_choice":"Full Heal","damage_taken":0,"max_hp_gain":0,"max_hp_loss":0,"event_name":"Wheel of Change","floor":14,"gold_loss":0},{"damage_healed":0,"gold_gain":0,"player_choice":"Obtained Book","damage_taken":16,"max_hp_gain":0,"max_hp_loss":0,"event_name":"Cursed Tome","floor":21,"gold_loss":0}],"is_beta":false,"boss_relics":[{"not_picked":["SlaversCollar","Runic Dome"],"picked":"Fusion Hammer"}],"items_purged_floors":[],"is_endless":false,"potions_floor_spawned":[5,12,13,16,18,20,28,29],"killed_by":"Automaton","ascension_level":10}}