{"host":"su878r6uzygfa166","time":1612233978,"event":{"mods":["BaseMod","MarisaÅiñ∂âJÅ@ñÇóùçπÅj","Minty Spire (QoL Compilation)","StSLib"],"gold_per_floor":[115,265,75,0,20,46,123,123,123],"floor_reached":8,"language":"ZHS","playtime":115,"items_purged":["Doubt"],"score":138,"play_id":"5b40c378-5fbb-422c-9f56-276a12cb1e68","local_time":"20210202104618","is_ascension_mode":true,"campfire_choices":[],"circlet_count":0,"master_deck":["AscendersBane","Strike_MRS","Strike_MRS","Strike_MRS","Defend_MRS","Defend_MRS","Defend_MRS","Defend_MRS","MasterSpark","UpSweep","MagicAbsorber","EarthLightRay","Acceleration","ShootTheMoon"],"relics":["MiniHakkero","NeowsBlessing","Pantograph","Letter Opener"],"acts_visited":["Exordium"],"potions_floor_usage":[],"damage_taken":[{"damage":0,"enemies":"Small Slimes","floor":1,"turns":1},{"damage":0,"enemies":"2 Louse","floor":5,"turns":1},{"damage":0,"enemies":"3 Sentries","floor":6,"turns":2},{"damage":29,"enemies":"Gremlin Nob","floor":8,"turns":5}],"seed_played":"4827304656849948675","potions_obtained":[{"floor":5,"key":"DuplicationPotion"}],"is_trial":false,"path_per_floor":["M","?","$","?","M","E","T","E"],"character_chosen":"MARISA","items_purchased":["MagicAbsorber","EarthLightRay"],"campfire_rested":0,"item_purchase_floors":[3,3],"current_hp_per_floor":[63,63,63,63,63,63,63,38,38],"gold":123,"neow_bonus":"THREE_ENEMY_KILL","is_daily":false,"chose_seed":false,"campfire_upgraded":0,"win_rate":0.0,"timestamp":1612233978,"path_taken":["M","?","$","?","M","E","?","E"],"items_purchased_type":["Card","Card"],"build_version":"2020-12-22","purchased_purges":1,"victory":false,"max_hp_per_floor":[70,70,70,70,70,70,70,70,70],"card_choices":[{"not_picked":["MysteriousBeam","DoubleSpark","OneTimeOff"],"picked":"SKIP","floor":1},{"not_picked":["RefractionSpark","GalacticHalo"],"picked":"Acceleration","floor":5},{"not_picked":["PowerUp","MagicChant"],"picked":"ShootTheMoon","floor":6}],"player_experience":383982,"relics_obtained":[{"floor":6,"key":"Pantograph"},{"floor":7,"key":"Letter Opener"}],"event_choices":[{"damage_healed":0,"gold_gain":150,"player_choice":"AGREE","damage_taken":0,"max_hp_gain":0,"max_hp_loss":0,"event_name":"Liars Game","floor":2,"gold_loss":0,"cards_obtained":["Doubt"]},{"cards_removed":["Strike_MRS"],"damage_healed":0,"gold_gain":0,"player_choice":"Card Removal","damage_taken":0,"max_hp_gain":0,"max_hp_loss":0,"event_name":"The Cleric","floor":4,"gold_loss":75}],"is_beta":false,"boss_relics":[],"items_purged_floors":[3],"is_endless":false,"potions_floor_spawned":[5],"killed_by":"Gremlin Nob","ascension_level":15}}