{"host":"1nniobf0g4s2td4e","time":1612299741,"event":{"mods":["2.2 Compatiblity","BaseMod","Minty Spire (QoL Compilation)","StSLib","SuperFastMode"],"gold_per_floor":[114,125,125,141,155,155,155,171,217,256,284,296,158,158,158,158,158],"floor_reached":16,"language":"ENG","playtime":8296,"items_purged":[],"score":102,"play_id":"127a58d5-bba9-4f37-823d-83ba2e3bba86","local_time":"20210202150221","is_ascension_mode":false,"campfire_choices":[{"floor":6,"key":"RECALL"},{"data":"Hologram","floor":12,"key":"SMITH"},{"data":"Beam Cell","floor":15,"key":"SMITH"}],"circlet_count":0,"master_deck":["Strike_B","Strike_B","Strike_B","Defend_B","Defend_B","Defend_B","Defend_B","Zap","Dualcast","Gash","Beam Cell+1","Beam Cell","Hologram+1"],"relics":["Sozu","MawBank","Pantograph","Membership Card","Orichalcum"],"acts_visited":["Exordium"],"potions_floor_usage":[],"damage_taken":[{"damage":3,"enemies":"Jaw Worm","floor":1,"turns":3},{"damage":0,"enemies":"Small Slimes","floor":2,"turns":4},{"damage":1,"enemies":"2 Louse","floor":4,"turns":2},{"damage":5,"enemies":"Looter","floor":5,"turns":2},{"damage":6,"enemies":"Lots of Slimes","floor":8,"turns":4},{"damage":30,"enemies":"Gremlin Nob","floor":10,"turns":5},{"damage":1,"enemies":"2 Fungi Beasts","floor":11,"turns":2},{"damage":27,"enemies":"The Guardian","floor":16,"turns":4}],"seed_played":"-2676369323541092809","potions_obtained":[],"is_trial":false,"path_per_floor":["M","M","?","M","M","R","?","M","T","E","M","R","$","?","R","B"],"character_chosen":"DEFECT","items_purchased":["Membership Card"],"campfire_rested":0,"item_purchase_floors":[13],"current_hp_per_floor":[72,72,72,71,66,66,59,53,53,23,22,22,22,15,15,13,13],"gold":158,"neow_bonus":"BOSS_RELIC","is_daily":false,"chose_seed":false,"campfire_upgraded":2,"win_rate":0.0,"timestamp":1612299741,"path_taken":["M","M","?","M","M","R","?","M","T","E","M","R","$","?","R","BOSS"],"items_purchased_type":["Relic"],"build_version":"2020-12-22","purchased_purges":0,"victory":false,"max_hp_per_floor":[75,75,75,75,75,75,75,75,75,75,75,75,75,75,75,75,75],"card_choices":[{"not_picked":["Hologram","Stack"],"picked":"Gash","floor":1},{"not_picked":["Turbo","Sweeping Beam"],"picked":"Beam Cell","floor":2},{"not_picked":["Compile Driver","Steam"],"picked":"Beam Cell","floor":4},{"not_picked":["Ball Lightning","Cold Snap","Hyperbeam"],"picked":"SKIP","floor":5},{"not_picked":["Cold Snap","Turbo","Ball Lightning"],"picked":"SKIP","floor":8},{"not_picked":["Recycle","Lockon","Loop"],"picked":"SKIP","floor":10},{"not_picked":["Undo","Melter"],"picked":"Hologram","floor":11}],"player_experience":739327,"relics_obtained":[{"floor":9,"key":"MawBank"},{"floor":10,"key":"Pantograph"}],"event_choices":[{"damage_healed":0,"gold_gain":0,"player_choice":"Ignored","damage_taken":0,"max_hp_gain":0,"max_hp_loss":0,"event_name":"Liars Game","floor":3,"gold_loss":0},{"cards_removed":["Strike_B"],"damage_healed":0,"gold_gain":0,"player_choice":"Card Removal","damage_taken":7,"max_hp_gain":0,"max_hp_loss":0,"event_name":"Golden Wing","floor":7,"gold_loss":0},{"damage_healed":0,"gold_gain":0,"player_choice":"Success","damage_taken":7,"relics_obtained":["Orichalcum"],"max_hp_gain":0,"max_hp_loss":0,"event_name":"Scrap Ooze","floor":14,"gold_loss":0}],"is_beta":false,"boss_relics":[],"items_purged_floors":[],"is_endless":false,"potions_floor_spawned":[5,8],"killed_by":"The Guardian","ascension_level":0}}