{"host":"va54hb6vb0xjmjwj","time":1612282798,"event":{"mods":["BaseMod","Highlight Path","Minty Spire (QoL Compilation)","Replay The Spire","StSLib"],"gold_per_floor":[116,164,184,184,184,210,230,263,263,263,99,72,92,92,92,187,187,199,211,231,251,251,281,300,300,300,300,300,334,344,344,344,443,443,455,455,187,73,73,104,123,133,158,158,181,181,181,14,14,14,14,14,14,39,39,39],"floor_reached":55,"language":"ENG","playtime":5761,"items_purged":["Strike_P","Strike_P+1"],"score":791,"play_id":"5bfb385b-a5cf-4381-b854-3edb6a84a15d","local_time":"20210202111958","is_ascension_mode":false,"campfire_choices":[{"data":"BattleHymn","floor":10,"key":"SMITH"},{"floor":15,"key":"REST"},{"floor":25,"key":"REST"},{"data":"Establishment","floor":28,"key":"SMITH"},{"floor":32,"key":"REST"},{"floor":47,"key":"RECALL"},{"data":"WindmillStrike","floor":49,"key":"SMITH"}],"circlet_count":0,"master_deck":["Strike_P+1","Strike_P+1","Defend_P+1","Defend_P+1","Defend_P+1","Defend_P+1","Eruption+1","Vigilance+1","BattleHymn+1","Sanctity+1","MentalFortress+1","CarveReality+1","Establishment+1","Replay:BluntJabs+1","MasterReality+1","Judgement+1","Prostrate+1","Wallop+1","Protect+1","SashWhip+1","EmptyFist+1","PathToVictory+1","PathToVictory+1","Replay:ManipulateFuture+1","LikeWater+1","Devotion+1","Crescendo+1","Fasting2+1","Fasting2+1","DeusExMachina+1","DeusExMachina+1","PanicButton+1","SandsOfTime+1","Consecrate+1","Wireheading+1","WindmillStrike+1","BattleHymn+1"],"relics":["PureWater","NeowsBlessing","White Beast Statue","Mirror","CaptainsWheel","FossilizedHelix","Meat on the Bone","Replay:Bronze Core","Chameleon Ring","Ice Cream","Replay:Grab Bag","Velvet Choker","Philosopher\u0027s Stone","Runic Pyramid","Juzu Bracelet","Snack Pack","Bronze Scales","Dream Catcher","Mark of the Bloom","Mummified Hand"],"acts_visited":["Exordium","TheCity","TheBeyond","TheEnding"],"potions_floor_usage":[16,19,21,23,23,29,33,33,40,50,54,54,55],"damage_taken":[{"damage":0,"enemies":"Jaw Worm","floor":1,"turns":1},{"damage":0,"enemies":"Small Slimes","floor":3,"turns":1},{"damage":0,"enemies":"Lagavulin","floor":6,"turns":1},{"damage":0,"enemies":"2 Louse","floor":7,"turns":4},{"damage":29,"enemies":"3 Sentries","floor":8,"turns":7},{"damage":0,"enemies":"2 Fungi Beasts","floor":13,"turns":2},{"damage":7,"enemies":"The Guardian","floor":16,"turns":9},{"damage":5,"enemies":"Chosen","floor":18,"turns":3},{"damage":0,"enemies":"Spheric Guardian","floor":19,"turns":3},{"damage":20,"enemies":"Shelled Parasite and Fungi","floor":20,"turns":5},{"damage":18,"enemies":"Centurion and Healer","floor":21,"turns":9},{"damage":29,"enemies":"Gremlin Leader","floor":23,"turns":6},{"damage":0,"enemies":"3 Cultists","floor":24,"turns":6},{"damage":29,"enemies":"Slavers","floor":29,"turns":6},{"damage":0,"enemies":"Chosen and Byrds","floor":30,"turns":6},{"damage":1,"enemies":"Champ","floor":33,"turns":8},{"damage":54,"enemies":"3 Darklings","floor":35,"turns":5},{"damage":0,"enemies":"Giant Head","floor":40,"turns":9},{"damage":0,"enemies":"Orb Walker","floor":41,"turns":2},{"damage":0,"enemies":"Transient","floor":42,"turns":5},{"damage":35,"enemies":"Time Eater","floor":50,"turns":8},{"damage":33,"enemies":"Shield and Spear","floor":54,"turns":5},{"damage":15,"enemies":"The Heart","floor":55,"turns":2}],"seed_played":"5159454211381077342","potions_obtained":[{"floor":3,"key":"Swift Potion"},{"floor":6,"key":"Languid Potion"},{"floor":7,"key":"Strength Potion"},{"floor":8,"key":"SteroidPotion"},{"floor":16,"key":"SkillPotion"},{"floor":19,"key":"Milkshake"},{"floor":21,"key":"BlessingOfTheForge"},{"floor":23,"key":"Weak Potion"},{"floor":24,"key":"Dexterity Potion"},{"floor":29,"key":"StancePotion"},{"floor":30,"key":"BlessingOfTheForge"},{"floor":33,"key":"Swift Potion"},{"floor":35,"key":"CultistPotion"},{"floor":40,"key":"Dexterity Potion"},{"floor":41,"key":"Adrenaline Potion"},{"floor":42,"key":"Adrenaline Potion"},{"floor":52,"key":"Reflective Coating"},{"floor":52,"key":"Doom Potion"},{"floor":54,"key":"Adrenaline Potion"}],"is_trial":false,"path_per_floor":["M","?","M","?","?","E","M","E","T","R","$","$","M","T","R","B",null,"M","M","M","M","?","E","M","R","T","?","R","E","M","?","R","B",null,"M","?","$","$","?","E","M","M","T","?","T","?","R","$","R","B",null,"R","$","E","B"],"character_chosen":"WATCHER","items_purchased":["Judgement","Prostrate","Fasting2","Juzu Bracelet","DeusExMachina","WindmillStrike"],"campfire_rested":3,"item_purchase_floors":[11,12,37,37,38,48],"current_hp_per_floor":[72,72,72,65,65,65,65,36,36,36,36,36,36,36,57,50,72,67,67,47,41,41,24,36,57,57,72,72,43,43,43,64,63,72,30,82,82,82,72,72,74,82,82,82,82,82,82,82,82,47,47,47,47,14,0,0],"gold":39,"neow_bonus":"THREE_ENEMY_KILL","is_daily":false,"chose_seed":false,"campfire_upgraded":3,"win_rate":0.0,"timestamp":1612282798,"path_taken":["M","?","M","?","?","E","M","E","T","R","?","$","M","?","R","BOSS","M","M","?","M","?","E","M","R","T","?","R","E","?","?","R","BOSS","M","?","?","$","?","E","M","M","T","?","?","?","R","$","R","BOSS","R","$","E","BOSS"],"items_purchased_type":["Card","Card","Card","Relic","Card","Card"],"build_version":"2020-12-22","purchased_purges":2,"victory":false,"max_hp_per_floor":[72,72,72,72,72,72,72,72,72,72,72,72,72,72,72,72,72,72,72,72,72,72,72,72,72,72,72,72,72,72,72,72,72,72,72,82,82,82,82,82,82,82,82,82,82,82,82,82,82,82,82,82,82,82,82,82],"card_choices":[{"not_picked":["EmptyFist","LikeWater"],"picked":"BattleHymn","floor":1},{"not_picked":["ThirdEye","WaveOfTheHand"],"picked":"Sanctity","floor":2},{"not_picked":["EmptyMind","Replay:AtTheReady"],"picked":"MentalFortress","floor":2},{"not_picked":["PathToVictory","JustLucky"],"picked":"CarveReality","floor":3},{"not_picked":["InnerPeace","Replay:ManipulateFuture"],"picked":"Establishment","floor":6},{"not_picked":["LikeWater","Worship"],"picked":"Replay:BluntJabs","floor":7},{"not_picked":["ForeignInfluence","PathToVictory"],"picked":"MasterReality","floor":8},{"not_picked":["Adaptation","FlurryOfBlows"],"picked":"Wallop","floor":13},{"not_picked":["Brilliance","Wish"],"picked":"Ragnarok","floor":16},{"not_picked":["ForeignInfluence","FollowUp+1"],"picked":"Protect","floor":18},{"not_picked":["EmptyMind","EmptyFist"],"picked":"SashWhip","floor":19},{"not_picked":["ThirdEye","PathToVictory+1"],"picked":"EmptyFist","floor":20},{"not_picked":["LessonLearned","Evaluate"],"picked":"PathToVictory","floor":21},{"not_picked":["Replay:Hum","Weave+1"],"picked":"PathToVictory","floor":23},{"not_picked":["EmptyMind","BowlingBash"],"picked":"Replay:ManipulateFuture+1","floor":24},{"not_picked":["Replay:ManipulateFuture+1","EmptyFist","SashWhip"],"picked":"SKIP","floor":29},{"not_picked":["LessonLearned","JustLucky"],"picked":"LikeWater","floor":30},{"not_picked":["Scrawl","Establishment"],"picked":"Devotion","floor":33},{"not_picked":["ThirdEye","CrushJoints"],"picked":"Crescendo+1","floor":35},{"not_picked":["Replay:BasicMightCard","Poisoned Strike"],"picked":"PanicButton","floor":39},{"not_picked":["Worship+1","SashWhip"],"picked":"SandsOfTime","floor":40},{"not_picked":["Conclude+1","EmptyBody"],"picked":"Consecrate+1","floor":41},{"not_picked":["Sanctity","WheelKick"],"picked":"Wireheading+1","floor":42},{"not_picked":["Adaptation","Meditate"],"picked":"BattleHymn+1","floor":54}],"player_experience":207214,"relics_obtained":[{"floor":2,"key":"White Beast Statue"},{"floor":6,"key":"Mirror"},{"floor":8,"key":"CaptainsWheel"},{"floor":9,"key":"FossilizedHelix"},{"floor":14,"key":"Meat on the Bone"},{"floor":23,"key":"Chameleon Ring"},{"floor":29,"key":"Ice Cream"},{"floor":40,"key":"Snack Pack"},{"floor":43,"key":"Bronze Scales"},{"floor":45,"key":"Dream Catcher"},{"floor":54,"key":"Mummified Hand"}],"event_choices":[{"cards_removed":["ReplayTheSpireMod:Splinters"],"damage_healed":0,"gold_gain":0,"player_choice":"Card Removal","damage_taken":7,"max_hp_gain":0,"max_hp_loss":0,"event_name":"Golden Wing","floor":4,"gold_loss":0},{"damage_healed":0,"gold_gain":0,"player_choice":"Ignored","damage_taken":0,"max_hp_gain":0,"max_hp_loss":0,"event_name":"Shining Light","floor":5,"gold_loss":0},{"damage_healed":0,"gold_gain":0,"player_choice":"Ignored","damage_taken":0,"max_hp_gain":0,"max_hp_loss":0,"event_name":"Cursed Tome","floor":22,"gold_loss":0},{"damage_healed":15,"gold_gain":0,"player_choice":"Full Heal","damage_taken":0,"max_hp_gain":0,"max_hp_loss":0,"event_name":"Wheel of Change","floor":27,"gold_loss":0},{"cards_removed":["Ragnarok"],"damage_healed":42,"gold_gain":0,"player_choice":"Offered Rare","damage_taken":0,"max_hp_gain":10,"max_hp_loss":0,"event_name":"Bonfire Elementals","floor":36,"gold_loss":0},{"damage_healed":0,"gold_gain":0,"player_choice":"Memory 3","damage_taken":10,"max_hp_gain":0,"max_hp_loss":0,"event_name":"SensoryStone","floor":39,"gold_loss":0},{"damage_healed":0,"gold_gain":0,"player_choice":"Upgrade","damage_taken":0,"relics_obtained":["Mark of the Bloom"],"max_hp_gain":0,"max_hp_loss":0,"event_name":"MindBloom","floor":46,"gold_loss":0,"cards_upgraded":["Strike_P","Strike_P","Strike_P","Defend_P","Defend_P","Defend_P","Defend_P","Eruption","Vigilance","Sanctity","MentalFortress","CarveReality","Replay:BluntJabs","MasterReality","Judgement","Prostrate","Wallop","Protect","SashWhip","EmptyFist","PathToVictory","PathToVictory","LikeWater","Devotion","Fasting2","Fasting2","DeusExMachina","DeusExMachina","PanicButton","SandsOfTime"]}],"is_beta":false,"boss_relics":[{"not_picked":["SlaversCollar","Astrolabe"],"picked":"Replay:Bronze Core"},{"not_picked":["Tiny House","Ring of Chaos"],"picked":"Replay:Grab Bag"},{"not_picked":["Sozu","Coffee Dripper"],"picked":"Velvet Choker"},{"not_picked":["Painkiller Herb","ReplayTheSpireMod:Onyx Gauntlets"],"picked":"Philosopher\u0027s Stone"},{"not_picked":["Black Star","Calling Bell"],"picked":"Runic Pyramid"}],"items_purged_floors":[37,48],"is_endless":false,"potions_floor_spawned":[3,6,7,8,13,16,18,19,20,21,23,24,29,30,33,35,40,41,42,54],"killed_by":"The Heart","ascension_level":0}}