{"host":"rz8ryyppw1rffr47","time":1612259932,"event":{"mods":["BaseMod","BetterRewards","Downfall","Googly Eyes","Minty Spire (QoL Compilation)","Quick Restart","Replay The Spire","StSLib","everything is the same but u backflip on backflip","slay the spire mod where everything is the same but ironclad has a cowboy hat"],"gold_per_floor":[118,118,64,64,80,80,92,122,148,167,167,240,254,316,316,411,411,428,446,496,496,506,540,540,557,580,598,612,630,658,675,675,779,779,798,810,822,262,262,293,293,306,306,331,331,351,362,388,388,388],"floor_reached":51,"language":"ENG","playtime":2608,"items_purged":["Strike_R","Strike_R"],"score":858,"play_id":"09a6932b-9cc7-459a-b502-eb90c1a685ba","local_time":"20210202095852","is_ascension_mode":false,"campfire_choices":[{"floor":6,"key":"REST"},{"data":"Limit Break","floor":11,"key":"SMITH"},{"floor":15,"key":"DIG"},{"data":"Seeing Red","floor":32,"key":"SMITH"},{"floor":45,"key":"DIG"},{"data":"Demon Form","floor":49,"key":"SMITH"},{"data":"Offering","floor":49,"key":"SMITH"}],"circlet_count":0,"master_deck":["Strike_R","Strike_R","Defend_R","Defend_R","Defend_R","Defend_R","Bash","Offering+1","Impervious","Sword Boomerang","Thunderclap","Spot Weakness","Flex","Limit Break+1","ReplayTheSpireMod:Limb From Limb+1","Disarm","Feed","Sword Boomerang+1","Pummel","Disarm","Replay:Undeath\u0027s Touch","Disarm","Seeing Red+1","Heavy Blade","Ghostly Armor+1","Twin Strike+1","Fiend Fire","Defy Death","Offering","Burning Pact","Abandon","Shrug It Off","Headbutt","Infernal Blade+1","ReplayTheSpireMod:Muscle Training","Infernal Blade+1","Demon Form+1","Bloodletting"],"relics":["Burning Blood","TungstenRod","Toy Ornithopter","Replay:Multitool","Boot","Bottled Lightning","Replay:Wax Seal","ReplayFunnel","Eternal Feather","Honey Jar","Onion Ring","Peace Pipe","Lantern","Question Card","Busted Crown","Replay:Arrowhead","Regal Pillow","King of Hearts","Durian","Happy Flower","ReplayTheSpireMod:Spearhead","Anchor"],"acts_visited":["Exordium","TheCity","TheBeyond"],"potions_floor_usage":[16,27,30,40,42,46,50,50,50],"damage_taken":[{"damage":11,"enemies":"Jaw Worm","floor":1,"turns":4},{"damage":0,"enemies":"2 Louse","floor":5,"turns":2},{"damage":0,"enemies":"Small Slimes","floor":7,"turns":3},{"damage":15,"enemies":"3 Sentries","floor":8,"turns":5},{"damage":14,"enemies":"Looter","floor":10,"turns":2},{"damage":5,"enemies":"3 Louse","floor":13,"turns":2},{"damage":24,"enemies":"Gremlin Nob","floor":14,"turns":4},{"damage":23,"enemies":"The Guardian","floor":16,"turns":8},{"damage":20,"enemies":"Shell Parasite","floor":18,"turns":5},{"damage":5,"enemies":"3 Byrds","floor":19,"turns":3},{"damage":15,"enemies":"Snecko","floor":22,"turns":4},{"damage":8,"enemies":"Replay:Snechameleon","floor":23,"turns":5},{"damage":35,"enemies":"3 Cultists","floor":25,"turns":5},{"damage":7,"enemies":"Centurion and Healer","floor":27,"turns":3},{"damage":0,"enemies":"Snake Plant","floor":28,"turns":2},{"damage":5,"enemies":"Snecko","floor":29,"turns":2},{"damage":21,"enemies":"Book of Stabbing","floor":30,"turns":4},{"damage":5,"enemies":"Shelled Parasite and Fungi","floor":31,"turns":3},{"damage":15,"enemies":"Automaton","floor":33,"turns":8},{"damage":5,"enemies":"Orb Walker","floor":35,"turns":1},{"damage":15,"enemies":"3 Darklings","floor":36,"turns":4},{"damage":0,"enemies":"Jaw Worm Horde","floor":37,"turns":3},{"damage":10,"enemies":"Reptomancer","floor":40,"turns":3},{"damage":24,"enemies":"Maw","floor":42,"turns":3},{"damage":17,"enemies":"Giant Head","floor":44,"turns":5},{"damage":19,"enemies":"3 Darklings","floor":46,"turns":3},{"damage":6,"enemies":"Sphere and 2 Shapes","floor":47,"turns":3},{"damage":17,"enemies":"R_Hoarder","floor":48,"turns":6},{"damage":13,"enemies":"Replay:Hell Engine","floor":50,"turns":5}],"seed_played":"3625715688915882818","potions_obtained":[{"floor":1,"key":"EssenceOfSteel"},{"floor":14,"key":"PowerPotion"},{"floor":18,"key":"Explosive Potion"},{"floor":22,"key":"Regen Potion"},{"floor":28,"key":"sneckomod:MuddlingPotion"},{"floor":29,"key":"hexamod:SoulburnPotion"},{"floor":30,"key":"Strength Potion"},{"floor":31,"key":"sneckomod:MuddlingPotion"},{"floor":33,"key":"sneckomod:MuddlingPotion"},{"floor":37,"key":"GamblersBrew"},{"floor":40,"key":"Ancient Potion"},{"floor":44,"key":"Explosive Potion"}],"is_trial":false,"path_per_floor":["M","?","$","?","M","R","M","E","T","M","R","?","M","?","R","B",null,"M","M","?","?","M","E","R","M","T","M","M","M","E","M","R","B",null,"M","M","M","$","?","E","?","M","T","E","R","M","M","E","R","B",null],"character_chosen":"IRONCLAD","items_purchased":["TungstenRod","Toy Ornithopter","Offering","Thunderclap","Replay:Arrowhead","Regal Pillow"],"campfire_rested":1,"item_purchase_floors":[0,0,0,3,38,38],"current_hp_per_floor":[36,31,31,31,37,61,67,58,58,50,50,50,51,33,33,21,80,66,70,51,83,77,78,89,63,63,70,76,77,70,71,86,77,98,98,92,98,98,98,99,96,78,83,72,93,85,85,77,98,104],"gold":388,"neow_bonus":"","is_daily":false,"chose_seed":false,"campfire_upgraded":4,"win_rate":0.0,"timestamp":1612259932,"path_taken":["M","?","$","?","M","R","M","E","T","M","R","?","M","?","R","BOSS","M","M","?","?","M","E","R","M","T","M","?","M","E","M","R","BOSS","M","M","?","?","?","E","?","M","T","E","R","M","M","E","R","BOSS"],"items_purchased_type":["Relic","Relic","Card","Card","Relic","Relic"],"build_version":"2020-12-22","purchased_purges":2,"victory":true,"max_hp_per_floor":[80,80,80,80,80,80,80,80,80,80,80,80,80,80,80,80,80,80,83,83,83,86,89,89,92,92,95,95,95,98,98,98,98,98,98,101,101,101,101,101,96,96,101,101,101,101,101,104,104,104],"card_choices":[{"not_picked":["Bloodletting","Reckless Charge"],"picked":"Sword Boomerang","floor":1},{"not_picked":["Headbutt","Iron Wave"],"picked":"Spot Weakness","floor":5},{"not_picked":["ReplayTheSpireMod:Strike From Hell","Ghostly Armor"],"picked":"Flex","floor":7},{"not_picked":["Anger","Clothesline"],"picked":"Limit Break","floor":8},{"not_picked":["Headbutt","Anger"],"picked":"ReplayTheSpireMod:Limb From Limb","floor":10},{"not_picked":["Dropkick","Iron Wave","Armaments"],"picked":"SKIP","floor":13},{"not_picked":["Iron Wave","Havoc"],"picked":"Disarm","floor":14},{"not_picked":["Bludgeon","Offering"],"picked":"Feed","floor":16},{"not_picked":["Dropkick","Anger+1","True Grit"],"picked":"Sword Boomerang+1","floor":18},{"not_picked":["Armaments","Second Wind+1","ReplayTheSpireMod:Corrosion Curse"],"picked":"Abandon+1","floor":19},{"not_picked":["Dark Embrace+1","Fire Breathing","Iron Wave"],"picked":"Pummel","floor":20},{"not_picked":["Wild Strike","Perfected Strike+1","Dropkick"],"picked":"Disarm","floor":20},{"not_picked":["Headbutt","Uppercut","Defy Death+1"],"picked":"Replay:Undeath\u0027s Touch","floor":22},{"not_picked":["Perfected Strike+1","Sword Boomerang","Pommel Strike"],"picked":"Disarm","floor":23},{"not_picked":["Disarm+1","Clothesline","Cleave"],"picked":"Seeing Red","floor":25},{"not_picked":["Uppercut","Impervious","Second Wind+1"],"picked":"Heavy Blade","floor":27},{"not_picked":["Iron Wave","Searing Blow","Combust"],"picked":"Ghostly Armor+1","floor":28},{"not_picked":["Run Through+1","Pommel Strike","Anger"],"picked":"Twin Strike+1","floor":29},{"not_picked":["Rage","Shockwave","Replay:Undeath\u0027s Touch+1"],"picked":"Fiend Fire","floor":30},{"not_picked":["Flex","Carnage","Spot Weakness","ReplayTheSpireMod:Strike From Hell"],"picked":"Defy Death","floor":31},{"not_picked":["Double Tap","Replay:Many Hands","Hemogenesis","Immolate"],"picked":"Offering","floor":33},{"not_picked":["Iron Wave","Dual Wield+1"],"picked":"Burning Pact","floor":35},{"not_picked":["Rage","Shrug It Off+1"],"picked":"Abandon","floor":36},{"not_picked":["Body Slam","Carnage"],"picked":"Shrug It Off","floor":37},{"not_picked":["Abandon+1","ReplayTheSpireMod:Limb From Limb+1"],"picked":"Headbutt","floor":40},{"not_picked":["Havoc","Seeing Red"],"picked":"Infernal Blade+1","floor":42},{"not_picked":["Run Through+1","ReplayTheSpireMod:Strike From Hell"],"picked":"ReplayTheSpireMod:Muscle Training","floor":44},{"not_picked":["Havoc","Clash"],"picked":"Infernal Blade+1","floor":46},{"not_picked":["Abandon+1","Clash+1"],"picked":"Demon Form","floor":47},{"not_picked":["Clash+1","Replay:Undeath\u0027s Touch+1"],"picked":"Bloodletting","floor":48}],"player_experience":399002,"relics_obtained":[{"floor":8,"key":"Bottled Lightning"},{"floor":9,"key":"Replay:Wax Seal"},{"floor":14,"key":"ReplayFunnel"},{"floor":15,"key":"Eternal Feather"},{"floor":20,"key":"Onion Ring"},{"floor":23,"key":"Peace Pipe"},{"floor":26,"key":"Lantern"},{"floor":30,"key":"Question Card"},{"floor":40,"key":"King of Hearts"},{"floor":43,"key":"Durian"},{"floor":44,"key":"Happy Flower"},{"floor":45,"key":"ReplayTheSpireMod:Spearhead"},{"floor":48,"key":"Anchor"}],"event_choices":[{"damage_healed":0,"gold_gain":0,"player_choice":"Success","damage_taken":7,"relics_obtained":["Boot"],"max_hp_gain":0,"max_hp_loss":0,"event_name":"Scrap Ooze","floor":2,"gold_loss":0},{"damage_healed":0,"gold_gain":73,"player_choice":"Gained Gold","damage_taken":0,"max_hp_gain":0,"max_hp_loss":0,"event_name":"Golden Wing","floor":12,"gold_loss":0},{"damage_healed":0,"gold_gain":0,"player_choice":"Searched \u00271\u0027 times","damage_taken":0,"max_hp_gain":0,"max_hp_loss":0,"event_name":"Dead Adventurer","floor":14,"gold_loss":0},{"cards_removed":["Abandon"],"damage_healed":32,"gold_gain":0,"player_choice":"Offered Uncommon","damage_taken":0,"max_hp_gain":0,"max_hp_loss":0,"event_name":"Bonfire Elementals","floor":21,"gold_loss":0},{"damage_healed":0,"gold_gain":0,"player_choice":"Ignored","damage_taken":0,"max_hp_gain":0,"max_hp_loss":0,"event_name":"Tomb of Lord Red Mask","floor":39,"gold_loss":0},{"damage_healed":0,"gold_gain":0,"player_choice":"Max HP","damage_taken":0,"max_hp_gain":0,"max_hp_loss":5,"event_name":"Winding Halls","floor":41,"gold_loss":0}],"is_beta":false,"boss_relics":[{"not_picked":["Coffee Dripper","Velvet Choker"],"picked":"Honey Jar"},{"not_picked":["Calling Bell","ReplayTheSpireMod:DimensionalGlitch"],"picked":"Busted Crown"}],"items_purged_floors":[0,38],"is_endless":false,"potions_floor_spawned":[1,14,18,22,28,29,30,31,33,37,40,44],"ascension_level":0}}