{"host":"voggrb23g0exkywg","time":1612300157,"event":{"mods":["AchievementEnabler","BaseMod","Colored Map","Downfall","Highlight Path","Minty Spire (QoL Compilation)","Quick Restart","StSLib"],"gold_per_floor":[99,99,109,30000,28931,28941,28941,28003,28018,28028,28044,28057,28086,28086,28099,28204,28204,28004,28015,27050,26900,26920,26870,26870,26898,26898,26917,26929,26940,26790,26805,26823,26920,26920,26820,26833,26853,26867,25929,25929,25929,25929,25596,25596,25626,25444,25444,25444,25462,25462,25462,25496,24656,24656,24656,24656],"floor_reached":57,"language":"ENG","playtime":6075,"items_purged":["Slimebound:Strike_Slimebound","Slimebound:Strike_Slimebound","Slimebound:Defend_Slimebound","Slimebound:Defend_Slimebound"],"score":1308,"play_id":"85e069f4-cf28-489d-aa91-e337f9a61a46","local_time":"20210202210917","is_ascension_mode":false,"campfire_choices":[{"floor":1,"key":"RECALL"},{"data":"Slimebound:MassRepurpose","floor":18,"key":"SMITH"},{"data":"Slimebound:RainOfGoop","floor":35,"key":"SMITH"},{"data":"expansioncontent:DashGenerateEvil","floor":42,"key":"SMITH"},{"floor":47,"key":"REST"},{"data":"Slimebound:SplitAcid","floor":54,"key":"SMITH"}],"circlet_count":0,"master_deck":["Slimebound:Tackle+1","Slimebound:Split+1","Slimebound:CorrosiveSpit+1","Iron Wave+1","Slimebound:SlimeSpikes+1","Slimebound:ItLooksTasty+1","Slimebound:GoopSpray+1","Slimebound:PressTheAttack+1","Slimebound:MassFeed+1","Slimebound:SlimeSpikes+1","Slimebound:FormOfPuddle+1","Slimebound:Gluttony+1","Slimebound:LeechEnergy+1","Slimebound:Prepare+1","Slimebound:PressTheAttack+1","Slimebound:Prepare+1","Dark Shackles+1","Slimebound:SplitLeeching+1","Slimebound:LeechingTouch+1","Slimebound:SlimeBarrage+1","Slimebound:SplitLeeching+1","Slimebound:SplitBruiser+1","Slimebound:LevelUp+1","Slimebound:MassRepurpose+1","Slimebound:SplitMire+1","Slimebound:SlimeSpikes+1","Slimebound:PrepareCrush+1","Mind Blast+1","Slimebound:OneTwoCombo+1","Ghostly+1","Slimebound:SelfFormingGoo+1","Slimebound:RainOfGoop+1","Slimebound:OneTwoCombo+1","Slimebound:FlameTackle+1","Slimebound:MegaLick+1","expansioncontent:DashGenerateEvil+1","Slimebound:AcidTongue+1","Slimebound:RainOfGoop+1","Slimebound:SplitAcid+1"],"relics":["Slimebound:AbsorbEndCombatUpgraded","Calipers","Boot","TheAbacus","Anchor","War Paint","Toolbox","Orichalcum","Empty Cage","Vajra","Ancient Tea Set","Slimebound:SelfDamagePreventRelic","Bottled Tornado","Pantograph","Happy Flower","FossilizedHelix","Sling","InkBottle","Bag of Marbles","Bag of Preparation","Question Card","DollysMirror","Slimebound:MaxSlimesRelic","Strawberry","Thread and Needle","Pocketwatch","Orrery"],"acts_visited":["Exordium","TheCity","TheBeyond","TheEnding"],"potions_floor_usage":[50,50,50,55,56],"damage_taken":[{"damage":13,"enemies":"2 Louse","floor":3,"turns":3},{"damage":6,"enemies":"Cultist","floor":4,"turns":4},{"damage":1,"enemies":"downfall:FleeingMerchant","floor":5,"turns":4},{"damage":0,"enemies":"Small Slimes","floor":6,"turns":3},{"damage":3,"enemies":"downfall:FleeingMerchant","floor":8,"turns":4},{"damage":6,"enemies":"3 Louse","floor":9,"turns":3},{"damage":0,"enemies":"Exordium Wildlife","floor":10,"turns":4},{"damage":9,"enemies":"Exordium Thugs","floor":11,"turns":4},{"damage":28,"enemies":"Gremlin Gang","floor":12,"turns":4},{"damage":11,"enemies":"3 Sentries","floor":13,"turns":6},{"damage":0,"enemies":"3 Louse","floor":15,"turns":2},{"damage":13,"enemies":"SI_SHIV_ARCHETYPE","floor":16,"turns":8},{"damage":14,"enemies":"Spheric Guardian","floor":19,"turns":4},{"damage":2,"enemies":"downfall:FleeingMerchant","floor":20,"turns":4},{"damage":2,"enemies":"Shell Parasite","floor":22,"turns":5},{"damage":30,"enemies":"Gremlin Leader","floor":25,"turns":9},{"damage":9,"enemies":"Snecko","floor":27,"turns":4},{"damage":11,"enemies":"Chosen and Byrds","floor":28,"turns":5},{"damage":16,"enemies":"Centurion and Healer","floor":29,"turns":6},{"damage":2,"enemies":"Snecko","floor":31,"turns":3},{"damage":34,"enemies":"3 Cultists","floor":32,"turns":5},{"damage":87,"enemies":"DF_ARCHETYPE_CLAW","floor":33,"turns":10},{"damage":4,"enemies":"3 Shapes","floor":36,"turns":5},{"damage":36,"enemies":"3 Darklings","floor":37,"turns":4},{"damage":1,"enemies":"Writhing Mass","floor":38,"turns":6},{"damage":3,"enemies":"downfall:FleeingMerchant","floor":39,"turns":4},{"damage":0,"enemies":"Nemesis","floor":45,"turns":3},{"damage":0,"enemies":"downfall:FleeingMerchant","floor":46,"turns":1},{"damage":0,"enemies":"Maw","floor":49,"turns":6},{"damage":48,"enemies":"IC_BLOCK_ARCHETYPE","floor":50,"turns":10},{"damage":67,"enemies":"downfall:CharBossMerchant","floor":52,"turns":10},{"damage":163,"enemies":"downfall:NeowBoss","floor":55,"turns":21},{"damage":151,"enemies":"downfall:NeowBossFinal","floor":56,"turns":12}],"seed_played":"6250638881357706652","potions_obtained":[{"floor":4,"key":"SteroidPotion"},{"floor":6,"key":"DistilledChaos"},{"floor":10,"key":"champ:CounterPotion"},{"floor":12,"key":"Regen Potion"},{"floor":29,"key":"Slimebound:SlimedPotion"},{"floor":33,"key":"Slimebound:SlimyTonguePotion"},{"floor":52,"key":"hexamod:SoulburnPotion"}],"is_trial":false,"path_per_floor":["R","?","M","M","$","M","T","$","M","M","M","M","E","?","M","B",null,"R","M","$","?","M","?","T","E","?","M","M","M","?","M","M","B",null,"R","M","M","M","$","?","T","R","?","?","E","$","R","T","M","B",null,"E","$","R","B","B",null],"character_chosen":"SLIMEBOUND","items_purchased":["Calipers","Boot","TheAbacus","Slimebound:PressTheAttack","Slimebound:MassFeed","Slimebound:SlimeSpikes","Slimebound:FormOfPuddle","Slimebound:Gluttony","Anchor","War Paint","Toolbox","Slimebound:PressTheAttack","Slimebound:Prepare","expansioncontent:StudyTheSpire","Dark Shackles","Vajra","Ancient Tea Set","Slimebound:SelfDamagePreventRelic","Slimebound:PrepareCrush","Mind Blast","Slimebound:OneTwoCombo","Happy Flower","FossilizedHelix","Sling","expansioncontent:DashGenerateEvil","Bag of Preparation","Question Card","DollysMirror","Thread and Needle","Pocketwatch","Orrery","Block Potion","champ:CounterPotion"],"campfire_rested":1,"item_purchase_floors":[5,5,5,5,5,5,5,5,8,8,8,8,8,8,8,20,20,20,20,20,20,39,39,39,39,46,46,46,53,53,53,53,53],"current_hp_per_floor":[71,71,60,58,63,71,71,71,69,71,65,41,32,56,56,51,74,84,72,74,74,74,84,84,54,54,49,40,32,94,94,68,14,94,94,90,63,77,80,80,80,80,106,96,96,96,96,96,96,65,96,46,46,46,102,107],"gold":24656,"neow_bonus":"TEN_PERCENT_HP_BONUS","is_daily":false,"chose_seed":false,"campfire_upgraded":4,"win_rate":0.0,"timestamp":1612300157,"path_taken":["R","?","M","M","$","?","T","$","M","M","M","M","E","?","M","BOSS","R","M","$","?","M","?","T","E","?","M","?","M","?","M","M","BOSS","R","M","?","M","$","?","T","R","?","?","E","$","R","?","M","BOSS","E","$","R","BOSS","BOSS"],"items_purchased_type":["Relic","Relic","Relic","Card","Card","Card","Card","Card","Relic","Relic","Relic","Card","Card","Card","Card","Relic","Relic","Relic","Card","Card","Card","Relic","Relic","Relic","Card","Relic","Relic","Relic","Relic","Relic","Relic","Potion","Potion"],"build_version":"2020-12-22","purchased_purges":4,"victory":true,"max_hp_per_floor":[71,71,71,71,71,71,71,71,71,71,74,74,74,74,74,74,74,84,84,84,84,84,84,84,84,84,84,84,84,94,94,94,94,94,94,94,94,94,94,94,94,94,106,96,96,96,96,96,96,96,96,103,103,103,103,107],"card_choices":[{"not_picked":["Slimebound:TongueLash","Slimebound:SamplingLick"],"picked":"Slimebound:SlimeSpikes","floor":3},{"not_picked":["Slimebound:GoopSpray","Slimebound:SlimeSpikes"],"picked":"Slimebound:ItLooksTasty","floor":4},{"not_picked":["Slimebound:TongueLash","Slimebound:RejuvenatingLick"],"picked":"Slimebound:GoopSpray","floor":5},{"not_picked":["Slimebound:SlimeTap","Slimebound:LivingWall"],"picked":"Slimebound:LeechEnergy","floor":6},{"not_picked":["Slimebound:Dissolve","Slimebound:RollThrough"],"picked":"Slimebound:Prepare","floor":8},{"not_picked":["Slimebound:HauntingLick","Slimebound:Replication"],"picked":"Slimebound:SplitLeeching","floor":9},{"not_picked":["Slimebound:SplitLeeching","Slimebound:SamplingLick"],"picked":"Slimebound:LeechingTouch","floor":10},{"not_picked":["Slimebound:GoopTackle","Slimebound:Schlurp"],"picked":"Slimebound:SlimeBarrage","floor":11},{"not_picked":["Slimebound:LivingWall","Slimebound:Nibble"],"picked":"Slimebound:SplitLeeching","floor":12},{"not_picked":["Slimebound:SelfFormingGoo","Slimebound:AcidTongue"],"picked":"Slimebound:SplitBruiser","floor":13},{"not_picked":["Slimebound:SplitLeeching","Slimebound:SplitAcid"],"picked":"Slimebound:LevelUp","floor":15},{"not_picked":["Slimebound:OneTwoCombo","Slimebound:RallyTheTroops"],"picked":"Slimebound:MassRepurpose","floor":16},{"not_picked":["Slimebound:GrowthPunch","Slimebound:BestDefense"],"picked":"Slimebound:SplitMire","floor":19},{"not_picked":["Slimebound:SlimeTap+1","Slimebound:SplitBruiser"],"picked":"Slimebound:SlimeSpikes+1","floor":20},{"not_picked":["Slimebound:Chomp","Slimebound:LivingWall","Slimebound:SplitBruiser"],"picked":"SKIP","floor":22},{"not_picked":["Slimebound:GoopTackle","Slimebound:SplitMire"],"picked":"Slimebound:SelfFormingGoo","floor":25},{"not_picked":["Slimebound:FormOfPuddle","Slimebound:SplitBruiser"],"picked":"Slimebound:RainOfGoop","floor":27},{"not_picked":["Slimebound:HauntingLick","Slimebound:SlimeTap","Slimebound:LeechEnergy+1"],"picked":"SKIP","floor":28},{"not_picked":["Slimebound:TongueLash","Slimebound:SplitBruiser","Slimebound:Schlurp"],"picked":"SKIP","floor":29},{"not_picked":["Slimebound:LeechEnergy","Slimebound:Gluttony+1","Slimebound:FinishingTackle"],"picked":"SKIP","floor":31},{"not_picked":["Slimebound:GoopSpray","Slimebound:Prepare+1","Slimebound:ProtectTheBoss+1"],"picked":"SKIP","floor":32},{"not_picked":["Slimebound:MassRepurpose","Slimebound:SelfFormingGoo"],"picked":"Slimebound:OneTwoCombo","floor":33},{"not_picked":["Slimebound:Chomp+1","Slimebound:SplitBruiser+1"],"picked":"Slimebound:FlameTackle+1","floor":36},{"not_picked":["Slimebound:SplitMire+1","Slimebound:PressTheAttack","Slimebound:RollThrough"],"picked":"SKIP","floor":37},{"not_picked":["Slimebound:OneTwoCombo","Slimebound:Nibble+1","Slimebound:SplitMire"],"picked":"SKIP","floor":38},{"not_picked":["Slimebound:RainOfGoop","Slimebound:Grow+1"],"picked":"Slimebound:MegaLick+1","floor":39},{"not_picked":["Slimebound:RejuvenatingLick","Slimebound:LeechEnergy","Slimebound:GoopSpray+1"],"picked":"SKIP","floor":45},{"not_picked":["Slimebound:Equalize","Slimebound:Prepare"],"picked":"Slimebound:AcidTongue+1","floor":46},{"not_picked":["Slimebound:RollThrough+1","Slimebound:Grow","Slimebound:LivingWall+1","Slimebound:FormOfPuddle+1"],"picked":"SKIP","floor":49},{"not_picked":["Slimebound:FinishingTackle+1","Slimebound:ItLooksTasty+1","Slimebound:MinionMaster"],"picked":"Slimebound:SplitAcid","floor":52}],"player_experience":137129,"relics_obtained":[{"floor":13,"key":"Orichalcum"},{"floor":24,"key":"Bottled Tornado"},{"floor":25,"key":"Pantograph"},{"floor":41,"key":"InkBottle"},{"floor":45,"key":"Bag of Marbles"},{"floor":48,"key":"Slimebound:MaxSlimesRelic"},{"floor":52,"key":"Strawberry"}],"event_choices":[{"cards_removed":["Slimebound:Defend_Slimebound"],"damage_healed":0,"gold_gain":0,"player_choice":"Took Card","damage_taken":0,"max_hp_gain":0,"max_hp_loss":0,"event_name":"NoteForYourself","floor":2,"gold_loss":0,"cards_obtained":["Iron Wave"]},{"damage_healed":24,"gold_gain":0,"player_choice":"Banana","damage_taken":0,"max_hp_gain":0,"max_hp_loss":0,"event_name":"Big Fish","floor":14,"gold_loss":0},{"cards_removed":["expansioncontent:StudyTheSpire"],"damage_healed":0,"gold_gain":0,"player_choice":"Removed Power","damage_taken":0,"max_hp_gain":0,"max_hp_loss":0,"event_name":"Falling","floor":40,"gold_loss":0}],"is_beta":false,"boss_relics":[{"not_picked":["Velvet Choker","Busted Crown"],"picked":"Empty Cage"},{"not_picked":["Runic Pyramid","Slimebound:TarBlob"],"picked":"Slimebound:AbsorbEndCombatUpgraded"}],"items_purged_floors":[5,8,20,39],"is_endless":false,"potions_floor_spawned":[4,6,10,11,12,15,16,22,27,28,29,33,37,38,45,52],"ascension_level":0}}