{"host":"vqgrg90fv56geajp","time":1612274035,"event":{"mods":["BaseMod","Colored Map","Colored Powertips","Minty Spire (QoL Compilation)","Quick Restart","Rare Cards Sparkle","Relic Stats"],"gold_per_floor":[109,13,30,105,105,105,141,155,182,182,195,37,73,96,96,186,186,206,206,221,136,136,136,136,136],"floor_reached":24,"language":"ENG","playtime":976,"items_purged":[],"score":408,"play_id":"24332e7a-d3f4-4069-a0e4-2f436605f532","local_time":"20210202155355","is_ascension_mode":true,"campfire_choices":[{"floor":6,"key":"REST"},{"data":"The Bomb","floor":10,"key":"SMITH"},{"floor":15,"key":"REST"},{"floor":23,"key":"REST"}],"circlet_count":0,"master_deck":["AscendersBane","Strike_G","Strike_G","Strike_G","Strike_G","Strike_G","Defend_G","Defend_G","Defend_G","Defend_G","Defend_G","Survivor","Neutralize","The Bomb+1","Backstab","Blur","Prepared","Dodge and Roll","Injury","Deflect","The Bomb+1","Deflect","Wraith Form v2","Outmaneuver+1","Caltrops","Wraith Form v2","Footwork+1"],"relics":["Ring of the Snake","Bloody Idol","Orichalcum","DollysMirror","TungstenRod","Sozu","Dream Catcher"],"acts_visited":["Exordium","TheCity"],"potions_floor_usage":[7,7,13,24],"damage_taken":[{"damage":1,"enemies":"Cultist","floor":1,"turns":4},{"damage":2,"enemies":"Jaw Worm","floor":3,"turns":4},{"damage":9,"enemies":"3 Sentries","floor":7,"turns":4},{"damage":0,"enemies":"2 Louse","floor":8,"turns":3},{"damage":0,"enemies":"Blue Slaver","floor":11,"turns":4},{"damage":3,"enemies":"Gremlin Nob","floor":13,"turns":3},{"damage":0,"enemies":"Looter","floor":14,"turns":5},{"damage":3,"enemies":"Slime Boss","floor":16,"turns":7},{"damage":22,"enemies":"Chosen","floor":18,"turns":5},{"damage":13,"enemies":"Shell Parasite","floor":20,"turns":4},{"damage":66,"enemies":"Gremlin Leader","floor":24,"turns":7}],"seed_played":"471399788745819230","potions_obtained":[{"floor":1,"key":"EntropicBrew"},{"floor":8,"key":"LiquidBronze"},{"floor":13,"key":"Strength Potion"}],"is_trial":false,"path_per_floor":["M","$","M","?","?","R","E","M","T","R","M","$","E","M","R","B",null,"M","?","M","?","?","R","E"],"character_chosen":"THE_SILENT","items_purchased":["Blur","Prepared","DollysMirror"],"campfire_rested":3,"item_purchase_floors":[2,2,12],"current_hp_per_floor":[43,43,41,30,30,49,40,40,40,40,40,40,37,37,56,53,63,41,41,33,33,33,52,0,0],"gold":136,"neow_bonus":"RANDOM_COLORLESS_2","is_daily":false,"chose_seed":false,"campfire_upgraded":1,"win_rate":0.0,"timestamp":1612274035,"path_taken":["M","?","M","?","?","R","E","M","T","R","M","?","E","M","R","BOSS","M","?","M","?","?","R","E"],"items_purchased_type":["Card","Card","Relic"],"build_version":"2020-12-22","purchased_purges":0,"victory":false,"max_hp_per_floor":[66,66,66,66,66,66,66,66,66,66,66,66,66,66,66,66,66,66,66,66,66,66,66,66,66],"relic_stats":{"Sozu":0,"Dream Catcher":1,"counters":[11,50],"Bloody Idol":5,"Orichalcum":[36],"obtain_stats":[{"Sozu":17,"Dream Catcher":21,"Golden Idol":5,"DollysMirror":12,"Bloody Idol":19,"Orichalcum":7,"TungstenRod":13,"Ring of the Snake":0},{"Sozu":8,"Dream Catcher":10,"Golden Idol":2,"DollysMirror":5,"Bloody Idol":9,"Orichalcum":3,"TungstenRod":6,"Ring of the Snake":0},{"Sozu":34,"Dream Catcher":43,"Golden Idol":8,"DollysMirror":19,"Bloody Idol":39,"Orichalcum":12,"TungstenRod":22,"Ring of the Snake":0}],"TungstenRod":11,"Ring of the Snake":[22]},"card_choices":[{"not_picked":["Metamorphosis","Thinking Ahead"],"picked":"The Bomb","floor":0},{"not_picked":["Bane","Quick Slash"],"picked":"Backstab","floor":1},{"not_picked":["Outmaneuver","Blade Dance"],"picked":"Dodge and Roll","floor":3},{"not_picked":["Catalyst","Flechettes","Sucker Punch"],"picked":"SKIP","floor":7},{"not_picked":["Dagger Throw","Backstab"],"picked":"Deflect","floor":8},{"not_picked":["Accuracy","Masterful Stab","Skewer"],"picked":"SKIP","floor":11},{"not_picked":["Acrobatics","Cloak And Dagger"],"picked":"Deflect","floor":13},{"not_picked":["Setup","Poisoned Stab","Caltrops"],"picked":"SKIP","floor":14},{"not_picked":["Phantasmal Killer","Glass Knife"],"picked":"Wraith Form v2","floor":16},{"not_picked":["Riddle With Holes","Dash"],"picked":"Outmaneuver+1","floor":18},{"not_picked":["Distraction","Underhanded Strike"],"picked":"Caltrops","floor":20},{"not_picked":["Outmaneuver","Dagger Throw"],"picked":"Footwork+1","floor":23}],"player_experience":2541003,"relics_obtained":[{"floor":7,"key":"Orichalcum"},{"floor":13,"key":"TungstenRod"}],"event_choices":[{"damage_healed":0,"gold_gain":75,"player_choice":"Gather Gold","damage_taken":11,"max_hp_gain":0,"max_hp_loss":0,"event_name":"World of Goop","floor":4,"gold_loss":0},{"damage_healed":0,"gold_gain":0,"player_choice":"Take Wound","damage_taken":0,"relics_obtained":["Golden Idol"],"max_hp_gain":0,"max_hp_loss":0,"event_name":"Golden Idol","floor":5,"gold_loss":0,"cards_obtained":["Injury"]},{"damage_healed":0,"gold_gain":0,"player_choice":"Gave Idol","damage_taken":0,"relics_obtained":["Bloody Idol"],"max_hp_gain":0,"max_hp_loss":0,"event_name":"Forgotten Altar","floor":19,"relics_lost":["Golden Idol"],"gold_loss":0},{"damage_healed":0,"gold_gain":0,"player_choice":"Obtained Relic","damage_taken":0,"relics_obtained":["Dream Catcher"],"max_hp_gain":0,"max_hp_loss":0,"event_name":"Addict","floor":21,"gold_loss":85},{"damage_healed":0,"gold_gain":0,"player_choice":"Copied","damage_taken":0,"max_hp_gain":0,"max_hp_loss":0,"event_name":"Duplicator","floor":22,"gold_loss":0,"cards_obtained":["Wraith Form v2"]}],"is_beta":false,"boss_relics":[{"not_picked":["HoveringKite","Coffee Dripper"],"picked":"Sozu"}],"items_purged_floors":[],"is_endless":false,"potions_floor_spawned":[1,8,13],"killed_by":"Gremlin Leader","ascension_level":20}}