{"host":"gsef4mntx4mq50d0","time":1612251458,"event":{"mods":["Act Like it!","Arknights","Aspiration","BaseMod","Colored Map","Downfall","GifTheSpireLib","Hallownest","HololiveMod","Hubris","Infinite Spire","MarisaÅiñ∂âJÅ@ñÇóùçπÅj","Minty Spire (QoL Compilation)","SIMod","StSLib","The Alterego","The Animator","The Bug Knight","The Exalted","The Forsaken","The Servant 0.9.4","TheSwordswoman"],"gold_per_floor":[113,133,152,37,37,70,70,70,70],"floor_reached":8,"language":"ENG","playtime":399,"items_purged":[],"score":56,"play_id":"0e3f9268-e755-4398-bc42-94677252629c","local_time":"20210202173738","is_ascension_mode":false,"campfire_choices":[],"circlet_count":0,"master_deck":["Strike_R","Strike_R","Strike_R","Strike_R","Strike_R","Defend_R","Defend_R","Defend_R","Defend_R","Bash","Iron Wave","Cleave","Searing Blow","Intimidate","Shrug It Off","Anger"],"relics":["Burning Blood","aspiration:Nostalgia","animator:LivingPicture","Bromod:ArcaneMomentum","StoneCalendar"],"acts_visited":["Exordium"],"potions_floor_usage":[],"damage_taken":[{"damage":0,"enemies":"Cultist","floor":1,"turns":4},{"damage":8,"enemies":"2 Louse","floor":2,"turns":3},{"damage":7,"enemies":"Small Slimes","floor":3,"turns":3},{"damage":38,"enemies":"3 Sentries","floor":6,"turns":7},{"damage":97,"enemies":"Gremlin Nob","floor":8,"turns":6}],"seed_played":"-1787541355274678130","potions_obtained":[{"floor":6,"key":"AttackPotion"}],"is_trial":false,"path_per_floor":["M","M","M","$","?","E","?","E"],"character_chosen":"IRONCLAD","items_purchased":["Intimidate","Shrug It Off"],"campfire_rested":0,"item_purchase_floors":[4,4],"current_hp_per_floor":[80,78,77,77,77,45,71,0,0],"gold":70,"neow_bonus":"NOSTALGIA","is_daily":false,"chose_seed":false,"campfire_upgraded":0,"win_rate":0.0,"timestamp":1612251458,"path_taken":["M","M","?","?","?","E","?","E"],"items_purchased_type":["Card","Card"],"build_version":"2020-12-22","purchased_purges":0,"victory":false,"max_hp_per_floor":[80,80,80,80,80,80,80,80,80],"card_choices":[{"not_picked":["True Grit","Clash"],"picked":"Iron Wave","floor":1},{"not_picked":["hubris:ReadiedAction","hubris:CleavingFinish"],"picked":"Cleave","floor":2},{"not_picked":["Warcry","Dark Embrace"],"picked":"Searing Blow","floor":3},{"not_picked":["Thunderclap","Pommel Strike"],"picked":"Anger","floor":6}],"player_experience":180865,"relics_obtained":[{"floor":5,"key":"Bromod:ArcaneMomentum"},{"floor":6,"key":"StoneCalendar"}],"event_choices":[{"damage_healed":26,"gold_gain":0,"player_choice":"Banana","damage_taken":0,"max_hp_gain":0,"max_hp_loss":0,"event_name":"Big Fish","floor":7,"gold_loss":0}],"is_beta":false,"boss_relics":[],"items_purged_floors":[],"is_endless":false,"potions_floor_spawned":[6],"killed_by":"Gremlin Nob","ascension_level":0}}