{"host":"0k696jvpnlqjk4gh","time":1612286674,"event":{"mods":["AchievementEnabler","BaseMod","Colored Map","Colored Powertips","Minty Spire (QoL Compilation)","Quick Restart"],"gold_per_floor":[115,115,115,129,143,177,200,200,274,303,315,315,315,331,331,429,429,441,451,451,451,451],"floor_reached":21,"language":"ENG","playtime":1213,"items_purged":[],"score":217,"play_id":"543bafcb-e248-4e50-bf25-4d798f90d1f7","local_time":"20210202172434","is_ascension_mode":true,"campfire_choices":[{"floor":8,"key":"REST"},{"floor":13,"key":"REST"},{"floor":15,"key":"DIG"}],"circlet_count":0,"master_deck":["Strike_G","Strike_G","Strike_G+1","Defend_G","Defend_G","Defend_G+1","Defend_G","Survivor","Neutralize","Backflip+1","Storm of Steel+1","Blur+1","Terror","Setup","Burst","Cloak And Dagger","Outmaneuver","Backstab","A Thousand Cuts"],"relics":["Astrolabe","Snake Skull","Bag of Marbles","Dream Catcher","Letter Opener","Shovel","Blood Vial","Sozu"],"acts_visited":["Exordium","TheCity"],"potions_floor_usage":[6,6,16,16],"damage_taken":[{"damage":0,"enemies":"2 Louse","floor":1,"turns":3},{"damage":0,"enemies":"Small Slimes","floor":4,"turns":4},{"damage":0,"enemies":"Jaw Worm","floor":5,"turns":3},{"damage":10,"enemies":"3 Sentries","floor":6,"turns":12},{"damage":25,"enemies":"Lagavulin","floor":10,"turns":8},{"damage":17,"enemies":"Lots of Slimes","floor":11,"turns":4},{"damage":5,"enemies":"Exordium Wildlife","floor":14,"turns":5},{"damage":24,"enemies":"The Guardian","floor":16,"turns":11},{"damage":14,"enemies":"3 Byrds","floor":18,"turns":4},{"damage":28,"enemies":"2 Thieves","floor":19,"turns":4},{"damage":39,"enemies":"Snecko","floor":21,"turns":5}],"seed_played":"8926824902497881430","potions_obtained":[{"floor":4,"key":"Fire Potion"},{"floor":5,"key":"Dexterity Potion"},{"floor":11,"key":"FearPotion"},{"floor":14,"key":"PowerPotion"},{"floor":16,"key":"Weak Potion"}],"is_trial":false,"path_per_floor":["M","?","?","M","M","E","T","R","T","E","M","?","R","M","R","B",null,"M","M","?","M"],"character_chosen":"THE_SILENT","items_purchased":[],"campfire_rested":2,"item_purchase_floors":[],"current_hp_per_floor":[70,56,49,49,49,39,39,60,60,35,18,35,56,51,51,29,70,56,30,30,0,0],"gold":451,"neow_bonus":"BOSS_RELIC","is_daily":false,"chose_seed":false,"campfire_upgraded":0,"win_rate":0.0,"timestamp":1612286674,"path_taken":["M","?","?","M","M","E","?","R","T","E","?","?","R","M","R","BOSS","M","M","?","?"],"items_purchased_type":[],"build_version":"2020-12-22","purchased_purges":0,"victory":false,"max_hp_per_floor":[70,70,70,70,70,70,70,70,70,70,70,70,70,70,70,70,70,70,70,67,67,67],"card_choices":[{"not_picked":["Flying Knee","Reflex"],"picked":"Terror","floor":1},{"not_picked":["PiercingWail","Flying Knee","Bullet Time"],"picked":"SKIP","floor":4},{"not_picked":["Poisoned Stab","Bane","PiercingWail"],"picked":"SKIP","floor":5},{"not_picked":["Prepared","Sucker Punch"],"picked":"Setup","floor":6},{"not_picked":["Poisoned Stab","Quick Slash"],"picked":"Burst","floor":8},{"not_picked":["Poisoned Stab","Predator"],"picked":"Cloak And Dagger","floor":10},{"not_picked":["Dodge and Roll","Flechettes","Dagger Spray"],"picked":"SKIP","floor":11},{"not_picked":["Sucker Punch","Bouncing Flask"],"picked":"Outmaneuver","floor":13},{"not_picked":["Dagger Spray","All Out Attack"],"picked":"Backstab","floor":14},{"not_picked":["Phantasmal Killer","Glass Knife"],"picked":"A Thousand Cuts","floor":16},{"not_picked":["Endless Agony","Poisoned Stab+1","Prepared"],"picked":"SKIP","floor":18},{"not_picked":["Flying Knee","Poisoned Stab","Sucker Punch"],"picked":"SKIP","floor":19}],"player_experience":108309,"relics_obtained":[{"floor":6,"key":"Bag of Marbles"},{"floor":7,"key":"Dream Catcher"},{"floor":9,"key":"Letter Opener"},{"floor":10,"key":"Shovel"},{"floor":15,"key":"Blood Vial"}],"event_choices":[{"damage_healed":0,"gold_gain":0,"player_choice":"Entered Light","damage_taken":14,"max_hp_gain":0,"max_hp_loss":0,"event_name":"Shining Light","floor":2,"gold_loss":0,"cards_upgraded":["Strike_G","Defend_G"]},{"damage_healed":0,"gold_gain":0,"player_choice":"Success","damage_taken":7,"relics_obtained":["Snake Skull"],"max_hp_gain":0,"max_hp_loss":0,"event_name":"Scrap Ooze","floor":3,"gold_loss":0},{"damage_healed":17,"gold_gain":0,"player_choice":"Healed and dodged fight","damage_taken":0,"max_hp_gain":0,"max_hp_loss":0,"event_name":"Mushrooms","floor":12,"gold_loss":0,"cards_obtained":["Parasite"]},{"cards_removed":["Parasite"],"damage_healed":0,"gold_gain":0,"player_choice":"Purged","damage_taken":0,"max_hp_gain":0,"max_hp_loss":0,"event_name":"Purifier","floor":20,"gold_loss":0}],"is_beta":false,"boss_relics":[{"not_picked":["Runic Dome","SlaversCollar"],"picked":"Sozu"}],"items_purged_floors":[],"is_endless":false,"potions_floor_spawned":[4,5,11,14,16,18],"killed_by":"Snecko","ascension_level":3}}