{"host":"sav7uxregyirlf69","time":1612254277,"event":{"mods":["AchievementEnabler","BaseMod","Colored Map","DeckTracker","Keyboard Shortcuts","Minty Spire (QoL Compilation)","READ ME - Guardian Mod","StSLib","SuperFastMode"],"gold_per_floor":[119,135,135,158,66,116,116,126,149,174,54,54,68,86,86,86,86],"floor_reached":16,"language":"KOR","playtime":188,"items_purged":["Strike_B"],"score":175,"play_id":"5e2b224b-5b85-454a-b1c2-c6b9bd67d226","local_time":"20210202172437","is_ascension_mode":true,"campfire_choices":[{"data":"Sunder","floor":7.0,"key":"SMITH"},{"data":"Zap","floor":15,"key":"SMITH"}],"circlet_count":0,"master_deck":["AscendersBane","Strike_B","Strike_B","Defend_B","Defend_B","Defend_B","Defend_B","Zap+1","Dualcast","Sweeping Beam","Sunder+1","Turbo","Ball Lightning","Defragment+1","BootSequence","Cold Snap","Reinforced Body","Conserve Battery"],"relics":["Cracked Core","Ancient Tea Set","Nunchaku","Anchor"],"acts_visited":["Exordium"],"potions_floor_usage":[16],"damage_taken":[{"damage":4.0,"enemies":"2 Louse","floor":1.0,"turns":5.0},{"damage":2.0,"enemies":"Jaw Worm","floor":2.0,"turns":3.0},{"damage":0.0,"enemies":"Cultist","floor":8.0,"turns":2.0},{"damage":30.0,"enemies":"3 Sentries","floor":10.0,"turns":5.0},{"damage":5,"enemies":"Red Slaver","floor":13,"turns":4},{"damage":0,"enemies":"Large Slime","floor":14,"turns":4},{"damage":26,"enemies":"The Guardian","floor":16,"turns":5}],"seed_played":"2101437703794165418","potions_obtained":[{"floor":10.0,"key":"Strength Potion"}],"is_trial":false,"path_per_floor":["M","M","?","T","$","?","R","M","T","E","$","?","M","M","R","B"],"character_chosen":"DEFECT","items_purchased":["Turbo","Ball Lightning","Cold Snap"],"campfire_rested":0,"item_purchase_floors":[5,5,11],"current_hp_per_floor":[67,65,58,58,58,58,58,58,58,28,28,28,23,23,23,0,0],"gold":86,"neow_bonus":"TEN_PERCENT_HP_BONUS","is_daily":false,"chose_seed":false,"campfire_upgraded":2,"win_rate":0.0,"timestamp":1612254277,"path_taken":["M","M","?","?","$","?","R","?","T","E","?","?","?","M","R","BOSS"],"items_purchased_type":["Card","Card","Card"],"build_version":"2020-12-22","purchased_purges":1,"victory":false,"max_hp_per_floor":[78,78,78,78,78,78,78,78,78,78,78,78,78,78,78,78,78],"card_choices":[{"not_picked":["Steam","Doom and Gloom"],"picked":"Sweeping Beam","floor":1.0},{"not_picked":["Sweeping Beam","Reprogram"],"picked":"Sunder","floor":2.0},{"not_picked":["Reprogram","Leap"],"picked":"Defragment","floor":8.0},{"not_picked":["Conserve Battery","Sweeping Beam"],"picked":"BootSequence","floor":10.0},{"not_picked":["Barrage","Turbo"],"picked":"Reinforced Body","floor":13},{"not_picked":["Biased Cognition","Ball Lightning"],"picked":"Conserve Battery","floor":14}],"player_experience":1460898,"relics_obtained":[{"floor":4.0,"key":"Ancient Tea Set"},{"floor":9.0,"key":"Nunchaku"},{"floor":10.0,"key":"Anchor"}],"event_choices":[{"cards_removed":["Strike_B"],"damage_healed":0.0,"max_hp_gain":0.0,"max_hp_loss":0.0,"gold_gain":0.0,"event_name":"Golden Wing","player_choice":"Card Removal","floor":3.0,"gold_loss":0.0,"damage_taken":7.0},{"damage_healed":0.0,"max_hp_gain":0.0,"max_hp_loss":0.0,"gold_gain":50.0,"event_name":"Golden Shrine","player_choice":"Pray","floor":6.0,"gold_loss":0.0,"damage_taken":0.0},{"damage_healed":0,"gold_gain":0,"player_choice":"Forge","damage_taken":0,"max_hp_gain":0,"max_hp_loss":0,"event_name":"Accursed Blacksmith","floor":12,"gold_loss":0,"cards_upgraded":["Defragment"]}],"is_beta":false,"boss_relics":[],"items_purged_floors":[11],"is_endless":false,"potions_floor_spawned":[10],"killed_by":"The Guardian","ascension_level":15}}