{"host":"ydh61a5ftgdajrbo","time":1612267982,"event":{"mods":["Arknights","BaseMod","CapriCore","Colored Map","Downfall","Marisa¡]Ãú«B¡@Å]²z¨F¡^","Minty Spire (QoL Compilation)","Spire Arcade","StSLib","The Cursed","The Dragon Tamer","The Servant 0.9.4"],"gold_per_floor":[111,129,145,145,157,188,188,188],"floor_reached":6,"language":"ZHS","playtime":376,"items_purged":[],"score":73,"play_id":"d20213ef-6a9a-46b8-a489-42c272aef8bf","local_time":"20210202201302","is_ascension_mode":false,"metric_token":791,"campfire_choices":[],"dtmod_dragon_data":[44,50,-1,-1,0,0],"circlet_count":0,"master_deck":["DTMod:Strike","DTMod:Strike","DTMod:Strike","DTMod:DoubleHit","DTMod:TargetDefense","DTMod:TargetDefense","DTMod:TargetDefense","DTMod:TargetDefense","DTMod:SwitchingTactic","DTMod:TauntingStrike","DTMod:ComboAttack","DTMod:MagiciansMark","DTMod:LightShield","DTMod:Training"],"relics":["DTMod:PactStone","MawBank"],"acts_visited":["Exordium"],"potions_floor_usage":[],"damage_taken":[{"damage":0,"enemies":"2 Louse","floor":1,"turns":3},{"damage":0,"enemies":"Small Slimes","floor":2,"turns":4},{"damage":0,"enemies":"Cultist","floor":3,"turns":3},{"damage":0,"enemies":"Looter","floor":5,"turns":3},{"damage":0,"enemies":"Gremlin Nob","floor":6,"turns":4}],"seed_played":"-1305638552666596548","potions_obtained":[{"floor":1,"key":"Swift Potion"},{"floor":2,"key":"Dexterity Potion"},{"floor":5,"key":"Energy Potion"}],"is_trial":false,"path_per_floor":["M","M","M","?","M","E"],"character_chosen":"THE_DT","items_purchased":[],"campfire_rested":0,"item_purchase_floors":[],"current_hp_per_floor":[49,49,49,49,49,49,49,49],"gold":188,"neow_bonus":"TEN_PERCENT_HP_BONUS","is_daily":false,"chose_seed":false,"campfire_upgraded":0,"win_rate":0.0,"timestamp":1612267982,"path_taken":["M","M","M","?","M","E"],"items_purchased_type":[],"build_version":"2020-12-22","purchased_purges":0,"victory":false,"max_hp_per_floor":[49,49,49,49,49,49,49,49],"card_choices":[{"not_picked":["DTMod:GhostSkin","DTMod:ForkedFire"],"picked":"DTMod:TauntingStrike","floor":1},{"not_picked":["DTMod:CalculatedDefense","DTMod:Threaten"],"picked":"DTMod:ComboAttack","floor":2},{"not_picked":["DTMod:Weaken","DTMod:BizarreTactic"],"picked":"DTMod:MagiciansMark","floor":3},{"not_picked":["DTMod:BizarreTactic","DTMod:CleansingStrike"],"picked":"DTMod:Training","floor":5}],"player_experience":346042,"relics_obtained":[{"floor":6,"key":"MawBank"}],"event_choices":[{"damage_healed":0,"gold_gain":0,"cards_transformed":["DTMod:Strike"],"player_choice":"Change","damage_taken":0,"max_hp_gain":0,"max_hp_loss":0,"event_name":"Living Wall","floor":4,"gold_loss":0,"cards_obtained":["DTMod:LightShield"]}],"is_beta":false,"boss_relics":[],"items_purged_floors":[],"is_endless":false,"potions_floor_spawned":[1,2,5],"killed_by":"Gremlin Nob","ascension_level":0}}