{"host":"nsc6ozq3atyrdr3m","time":1612292425,"event":{"mods":["BaseMod","Colored Map","Minty Spire (QoL Compilation)"],"gold_per_floor":[116,57,57,70,70,101,101,112,112,12,30,30,44,78,78,151,151,167,92,92,102,102,102,102,102,102,115,115,128,142,152,152,152,152],"floor_reached":33,"language":"FRA","playtime":687,"items_purged":[],"score":564,"play_id":"5ae25d98-7e9a-4ec0-83c5-9c8fab60e505","local_time":"20210202200025","is_ascension_mode":true,"campfire_choices":[{"data":"Sword Boomerang","floor":7,"key":"SMITH"},{"floor":12,"key":"DIG"},{"floor":15,"key":"REST"},{"floor":23,"key":"DIG"},{"floor":25,"key":"DIG"},{"floor":28,"key":"REST"},{"floor":32,"key":"DIG"}],"circlet_count":0,"master_deck":["AscendersBane","Strike_R","Strike_R","Strike_R+1","Strike_R","Strike_R","Defend_R","Defend_R","Defend_R","Bash","Thunderclap","Cleave","Sword Boomerang+1","Headbutt","Dramatic Entrance+1","Double Tap","Reaper","Sword Boomerang+1","Decay","Berserk","Spot Weakness","Shrug It Off+1"],"relics":["Burning Blood","NeowsBlessing","Shovel","Red Skull","HornCleat","Whetstone","Calipers","Velvet Choker","Kunai","Gremlin Horn","Mummified Hand","Bottled Lightning"],"acts_visited":["Exordium","TheCity"],"potions_floor_usage":[16,21,27,33,33],"damage_taken":[{"damage":0,"enemies":"Jaw Worm","floor":1,"turns":1},{"damage":0,"enemies":"Small Slimes","floor":4,"turns":1},{"damage":0,"enemies":"Gremlin Nob","floor":6,"turns":1},{"damage":5,"enemies":"2 Louse","floor":8,"turns":2},{"damage":11,"enemies":"Blue Slaver","floor":11,"turns":3},{"damage":14,"enemies":"Red Slaver","floor":13,"turns":4},{"damage":18,"enemies":"3 Sentries","floor":14,"turns":6},{"damage":65,"enemies":"The Guardian","floor":16,"turns":8},{"damage":41,"enemies":"Shell Parasite","floor":18,"turns":5},{"damage":4,"enemies":"3 Byrds","floor":21,"turns":4},{"damage":43,"enemies":"Cultist and Chosen","floor":27,"turns":6},{"damage":17,"enemies":"3 Cultists","floor":29,"turns":4},{"damage":9,"enemies":"Snecko","floor":30,"turns":4},{"damage":13,"enemies":"Centurion and Healer","floor":31,"turns":7},{"damage":74,"enemies":"Collector","floor":33,"turns":7}],"seed_played":"-7464617023813089846","potions_obtained":[{"floor":4,"key":"CultistPotion"},{"floor":6,"key":"Block Potion"},{"floor":16,"key":"LiquidBronze"},{"floor":21,"key":"Energy Potion"},{"floor":31,"key":"EssenceOfSteel"}],"is_trial":false,"path_per_floor":["M","$","?","M","?","E","R","M","T","$","M","R","M","E","R","B",null,"M","?","?","M","?","R","?","R","T","M","R","M","M","M","R","B"],"character_chosen":"IRONCLAD","items_purchased":["Thunderclap","Dramatic Entrance"],"campfire_rested":2,"item_purchase_floors":[2,10],"current_hp_per_floor":[74,74,74,75,75,75,75,75,75,75,70,70,62,50,72,13,60,31,31,31,48,48,48,48,48,48,35,57,58,55,58,58,0,0],"gold":152,"neow_bonus":"THREE_ENEMY_KILL","is_daily":false,"chose_seed":false,"campfire_upgraded":1,"win_rate":0.0,"timestamp":1612292425,"path_taken":["M","$","?","M","?","E","R","M","T","$","M","R","M","E","R","BOSS","M","?","?","?","?","R","?","R","T","?","R","M","M","M","R","BOSS"],"items_purchased_type":["Card","Card"],"build_version":"2020-12-22","purchased_purges":0,"victory":false,"max_hp_per_floor":[75,75,75,75,75,75,75,75,75,75,75,75,75,75,75,75,75,75,75,75,75,75,75,75,75,75,75,75,75,75,75,75,75,75],"card_choices":[{"not_picked":["Twin Strike","Anger","Sever Soul"],"picked":"SKIP","floor":1},{"not_picked":["Headbutt","Disarm"],"picked":"Cleave","floor":4},{"not_picked":["True Grit","Warcry"],"picked":"Sword Boomerang","floor":6},{"not_picked":["Cleave","Body Slam"],"picked":"Headbutt","floor":8},{"not_picked":["Warcry","Fiend Fire","Sever Soul"],"picked":"SKIP","floor":11},{"not_picked":["True Grit","Evolve","Cleave"],"picked":"SKIP","floor":13},{"not_picked":["Seeing Red","Wild Strike"],"picked":"Double Tap","floor":14},{"not_picked":["Berserk","Exhume"],"picked":"Reaper","floor":16},{"not_picked":["Havoc","Anger","Burning Pact"],"picked":"SKIP","floor":18},{"not_picked":["Thunderclap+1","Armaments"],"picked":"Sword Boomerang+1","floor":21},{"not_picked":["Sentinel","Shrug It Off","Evolve"],"picked":"SKIP","floor":27},{"not_picked":["Entrench","Dark Embrace"],"picked":"Spot Weakness","floor":29},{"not_picked":["Burning Pact","Sentinel"],"picked":"Shrug It Off+1","floor":30},{"not_picked":["Second Wind","Exhume","Wild Strike"],"picked":"SKIP","floor":31}],"player_experience":369340,"relics_obtained":[{"floor":6,"key":"Red Skull"},{"floor":9,"key":"HornCleat"},{"floor":12,"key":"Whetstone"},{"floor":14,"key":"Calipers"},{"floor":23,"key":"Kunai"},{"floor":25,"key":"Gremlin Horn"},{"floor":26,"key":"Mummified Hand"},{"floor":32,"key":"Bottled Lightning"}],"event_choices":[{"damage_healed":0,"gold_gain":0,"player_choice":"Box","damage_taken":0,"relics_obtained":["Shovel"],"max_hp_gain":0,"max_hp_loss":0,"event_name":"Big Fish","floor":3,"gold_loss":0,"cards_obtained":["Regret"]},{"damage_healed":0,"gold_gain":0,"player_choice":"Leave","damage_taken":0,"max_hp_gain":0,"max_hp_loss":0,"event_name":"The Cleric","floor":5,"gold_loss":0},{"cards_removed":["Regret"],"damage_healed":0,"gold_gain":0,"player_choice":"Gave Gold","damage_taken":0,"max_hp_gain":0,"max_hp_loss":0,"event_name":"Beggar","floor":19,"gold_loss":75},{"damage_healed":0,"gold_gain":0,"player_choice":"0 cards matched","damage_taken":0,"max_hp_gain":0,"max_hp_loss":0,"event_name":"Match and Keep!","floor":20,"gold_loss":0,"cards_obtained":[]},{"damage_healed":0,"gold_gain":0,"player_choice":"Smashed Altar","damage_taken":0,"max_hp_gain":0,"max_hp_loss":0,"event_name":"Forgotten Altar","floor":22,"gold_loss":0,"cards_obtained":["Decay"]},{"damage_healed":0,"gold_gain":0,"cards_transformed":["Defend_R"],"player_choice":"Transformed","damage_taken":0,"max_hp_gain":0,"max_hp_loss":0,"event_name":"Transmorgrifier","floor":24,"gold_loss":0,"cards_obtained":["Berserk"]}],"is_beta":false,"boss_relics":[{"not_picked":["SlaversCollar","Runic Cube"],"picked":"Velvet Choker"}],"items_purged_floors":[],"is_endless":false,"potions_floor_spawned":[4,6,14,16,21,31],"killed_by":"Collector","ascension_level":20}}