{"host":"aaqofma31c3gm2hj","time":1612239910,"event":{"mods":["BaseMod","GungeonMod","Minty Spire (QoL Compilation)","Replay The Spire","Spicy Shops","StSLib"],"gold_per_floor":[117,267,267,25,45,45,71,71,144,167,167,167,167,183,17,17,33,33,33,106,106,120,20,20,20],"floor_reached":24,"language":"ZHS","playtime":398,"items_purged":["Doubt","Strike_B"],"score":530,"play_id":"bedc0870-5e3a-48fd-8173-74677b48e1ae","local_time":"20210202122510","is_ascension_mode":true,"campfire_choices":[{"data":"Coolheaded","floor":6.0,"key":"SMITH"},{"data":"Dualcast","floor":8.0,"key":"SMITH"},{"floor":13.0,"key":"RECALL"},{"data":"Coolheaded","floor":18.0,"key":"SMITH"},{"floor":19.0,"key":"REST"}],"circlet_count":0,"master_deck":["AscendersBane","Strike_B","Strike_B+1","Strike_B+1","Defend_B","Defend_B","Defend_B","Defend_B","Zap","Dualcast+1","Cold Snap","Coolheaded+1","Coolheaded+1","White Noise","Gash+1","Ball Lightning"],"relics":["Cracked Core","NeowsBlessing","OrangePellets","Dream Catcher","Replay:Bottled Snecko","Runic Capacitor","Replay:Bronze Core","Prayer Wheel"],"acts_visited":["Exordium","TheCity"],"potions_floor_usage":[22],"damage_taken":[{"damage":0.0,"enemies":"2 Louse","floor":1.0,"turns":1.0},{"damage":0.0,"enemies":"Jaw Worm","floor":5.0,"turns":1.0},{"damage":0.0,"enemies":"Lagavulin","floor":7.0,"turns":1.0},{"damage":0.0,"enemies":"Small Slimes","floor":14.0,"turns":2.0},{"damage":13.0,"enemies":"Exordium Thugs","floor":17.0,"turns":3.0},{"damage":0.0,"enemies":"Hexaghost","floor":20.0,"turns":10.0},{"damage":9,"enemies":"Chosen","floor":22,"turns":10},{"damage":6,"enemies":"Shell Parasite","floor":24,"turns":2}],"seed_played":"-3734829176640315088","potions_obtained":[{"floor":14.0,"key":"DuplicationPotion"},{"floor":17.0,"key":"SkillPotion"}],"is_trial":false,"path_per_floor":["M","?","?","$","M","R","E","R","T","T","PTL","PTL","R","M","$","?","M","R","R","B",null,"M","$","M"],"character_chosen":"DEFECT","items_purchased":["OrangePellets","Runic Capacitor"],"campfire_rested":1,"item_purchase_floors":[4,15],"current_hp_per_floor":[64,64,69,69,69,69,69,69,69,69,69,69,69,69,69,46,33,33,55,55,71,62,62,56,56],"gold":20,"neow_bonus":"THREE_ENEMY_KILL","is_daily":false,"chose_seed":false,"campfire_upgraded":3,"win_rate":0.0,"timestamp":1612239910,"path_taken":["M","?","?","$","M","R","E","R","T","T","PTL","PTL","R","M","?","?","M","R","R","BOSS","M","$","M"],"items_purchased_type":["Relic","Relic"],"build_version":"2020-12-22","purchased_purges":2,"victory":false,"max_hp_per_floor":[71,71,76,76,76,76,76,76,76,76,76,76,76,76,76,76,76,76,76,76,76,76,76,76,76],"card_choices":[{"not_picked":["BasicCrystalCard","Sweeping Beam"],"picked":"Cold Snap","floor":1.0},{"not_picked":["Force Field","BootSequence"],"picked":"Coolheaded","floor":5.0},{"not_picked":["Cold Snap","Beam Cell","FTL"],"picked":"SKIP","floor":7.0},{"not_picked":["Sweeping Beam","Blizzard","Panic Button"],"picked":"SKIP","floor":14.0},{"not_picked":["Redo","Steam"],"picked":"Coolheaded","floor":17.0},{"not_picked":["Conserve Battery","ReplaySolidLightProjector"],"picked":"White Noise","floor":19.0},{"not_picked":["All For One","Rainbow"],"picked":"ReplayTheSpireMod:Fabricate Wheel","floor":20.0},{"not_picked":["Genetic Algorithm","Hello World"],"picked":"Gash+1","floor":22},{"not_picked":["Stack","BasicCrystalCard"],"picked":"Ball Lightning","floor":22}],"player_experience":630586,"relics_obtained":[{"floor":7.0,"key":"Dream Catcher"},{"floor":9.0,"key":"Replay:Bottled Snecko"}],"event_choices":[{"damage_healed":0.0,"max_hp_gain":0.0,"max_hp_loss":0.0,"gold_gain":150.0,"event_name":"Liars Game","player_choice":"AGREE","floor":2.0,"gold_loss":0.0,"damage_taken":0.0,"cards_obtained":["Doubt"]},{"damage_healed":0.0,"max_hp_gain":5.0,"max_hp_loss":0.0,"gold_gain":0.0,"event_name":"Big Fish","player_choice":"Donut","floor":3.0,"gold_loss":0.0,"damage_taken":0.0},{"damage_healed":0.0,"max_hp_gain":0.0,"max_hp_loss":0.0,"gold_gain":0.0,"event_name":"Shining Light","player_choice":"Entered Light","floor":16.0,"gold_loss":0.0,"damage_taken":23.0,"cards_upgraded":["Strike_B","Strike_B"]}],"is_beta":false,"boss_relics":[{"not_picked":["Replay:Ancient Bell","ReplayTheSpireMod:DimensionalGlitch"],"picked":"Replay:Bronze Core"}],"items_purged_floors":[4,23],"is_endless":false,"potions_floor_spawned":[14,17],"killed_by":"Shell Parasite","ascension_level":20}}