{"host":"8zu1ae860u6on6cl","time":1612240460,"event":{"mods":["BaseMod","Bestiary","Minty Spire (QoL Compilation)","Relic Stats","StSLib","ojb\u0027s Better Paths Mod","ojb\u0027s Info Mod"],"gold_per_floor":[18,18,18,41,62,62,106,106,132,152,196,217,136,169,169,258,258,272,362,376,394,394,394],"floor_reached":22,"language":"ENG","playtime":1135,"items_purged":[],"score":587,"play_id":"db637661-701a-44a0-805a-704045ab8586","local_time":"20210201223420","is_ascension_mode":true,"campfire_choices":[{"data":"Glass Knife","floor":6,"key":"SMITH"},{"data":"Strike_G","floor":8,"key":"PURGE"},{"data":"Footwork","floor":15,"key":"SMITH"}],"circlet_count":0,"master_deck":["AscendersBane","Survivor","Neutralize","Sucker Punch","Glass Knife+1","Dodge and Roll","Blade Dance","Blade Dance","Backstab","Blade Dance","Cloak And Dagger","Well Laid Plans","Footwork+1","Storm of Steel","Blade Dance","Quick Slash","Sucker Punch","Escape Plan","PiercingWail","Masterful Stab","Deflect","Dodge and Roll","Acrobatics","Footwork"],"relics":["Ring of the Snake","Golden Idol","Bag of Marbles","Peace Pipe","MealTicket","Regal Pillow","The Courier","Pandora\u0027s Box"],"acts_visited":["Exordium","TheCity"],"potions_floor_usage":[16,21,22],"damage_taken":[{"damage":7,"enemies":"Jaw Worm","floor":1,"turns":3},{"damage":0,"enemies":"Small Slimes","floor":4,"turns":1},{"damage":0,"enemies":"Cultist","floor":5,"turns":3},{"damage":13,"enemies":"Lagavulin","floor":7,"turns":5},{"damage":0,"enemies":"Gremlin Gang","floor":10,"turns":3},{"damage":0,"enemies":"Gremlin Nob","floor":11,"turns":3},{"damage":0,"enemies":"Blue Slaver","floor":12,"turns":1},{"damage":19,"enemies":"Lagavulin","floor":14,"turns":4},{"damage":0,"enemies":"The Guardian","floor":16,"turns":9},{"damage":9,"enemies":"2 Thieves","floor":18,"turns":4},{"damage":0,"enemies":"Spheric Guardian","floor":20,"turns":1},{"damage":26,"enemies":"Shelled Parasite and Fungi","floor":21,"turns":5},{"damage":7,"enemies":"Sentry and Sphere","floor":22,"turns":3}],"seed_played":"1005463022117947488","potions_obtained":[{"floor":1,"key":"Fire Potion"},{"floor":4,"key":"Fire Potion"},{"floor":12,"key":"CultistPotion"},{"floor":18,"key":"ColorlessPotion"},{"floor":20,"key":"Explosive Potion"}],"is_trial":false,"path_per_floor":["M","?","?","M","M","R","E","R","T","M","E","M","$","E","R","B",null,"M","?","M","M","M"],"character_chosen":"THE_SILENT","items_purchased":["Well Laid Plans"],"campfire_rested":0,"item_purchase_floors":[13],"current_hp_per_floor":[52,52,52,52,52,52,39,39,39,39,39,39,54,35,35,35,54,45,33,33,7,0,0],"gold":394,"neow_bonus":"TRANSFORM_TWO_CARDS","is_daily":false,"chose_seed":false,"campfire_upgraded":2,"win_rate":0.0,"timestamp":1612240460,"path_taken":["M","?","?","M","M","R","E","R","T","M","E","M","$","E","R","BOSS","M","?","M","M","?"],"items_purchased_type":["Card"],"build_version":"2020-12-22","purchased_purges":0,"victory":false,"max_hp_per_floor":[66,60,60,60,60,60,60,60,60,60,60,60,60,60,60,60,60,60,60,60,60,60,60],"relic_stats":{"Peace Pipe":1,"Regal Pillow":0,"counters":[13,45],"Golden Idol":70,"MealTicket":15,"Pandora\u0027s Box":["Blade Dance","Quick Slash","Sucker Punch","Escape Plan","PiercingWail","Masterful Stab","Deflect"],"obtain_stats":[{"Peace Pipe":7,"Regal Pillow":11,"Golden Idol":2,"MealTicket":9,"Pandora\u0027s Box":17,"The Courier":14,"Bag of Marbles":3,"Ring of the Snake":0},{"Peace Pipe":4,"Regal Pillow":6,"Golden Idol":1,"MealTicket":4,"Pandora\u0027s Box":9,"The Courier":8,"Bag of Marbles":1,"Ring of the Snake":0},{"Peace Pipe":12,"Regal Pillow":18,"Golden Idol":3,"MealTicket":12,"Pandora\u0027s Box":32,"The Courier":23,"Bag of Marbles":3,"Ring of the Snake":0}],"Ring of the Snake":[26]},"card_choices":[{"not_picked":["Distraction","Riddle With Holes"],"picked":"Blur","floor":1},{"not_picked":["Deflect","Deadly Poison"],"picked":"Dodge and Roll","floor":4},{"not_picked":["Slice","Bane"],"picked":"Blade Dance","floor":5},{"not_picked":["Phantasmal Killer","Flying Knee"],"picked":"Blade Dance","floor":7},{"not_picked":["Leg Sweep","Eviscerate"],"picked":"Backstab","floor":10},{"not_picked":["Infinite Blades","Flying Knee"],"picked":"Blade Dance","floor":11},{"not_picked":["Bane","Dagger Spray"],"picked":"Cloak And Dagger","floor":12},{"not_picked":["Backstab","Poisoned Stab"],"picked":"Footwork","floor":14},{"not_picked":["Unload","Die Die Die"],"picked":"Storm of Steel","floor":16},{"not_picked":["Flechettes+1","Outmaneuver+1"],"picked":"Dodge and Roll","floor":18},{"not_picked":["Underhanded Strike","Prepared"],"picked":"Acrobatics","floor":20},{"not_picked":["Eviscerate","Outmaneuver"],"picked":"Footwork","floor":21}],"player_experience":125233,"relics_obtained":[{"floor":7,"key":"Peace Pipe"},{"floor":9,"key":"MealTicket"},{"floor":11,"key":"Regal Pillow"},{"floor":14,"key":"The Courier"}],"event_choices":[{"damage_healed":0,"gold_gain":0,"player_choice":"Lose Max HP","damage_taken":0,"relics_obtained":["Golden Idol"],"max_hp_gain":0,"max_hp_loss":6,"event_name":"Golden Idol","floor":2,"gold_loss":0},{"cards_removed":["Blur"],"damage_healed":0,"gold_gain":0,"player_choice":"Gave Card","damage_taken":0,"relics_obtained":["Bag of Marbles"],"max_hp_gain":0,"max_hp_loss":0,"event_name":"WeMeetAgain","floor":3,"gold_loss":0},{"damage_healed":0,"gold_gain":90,"player_choice":"GOLD ","damage_taken":12,"max_hp_gain":0,"max_hp_loss":0,"event_name":"Knowing Skull","floor":19,"potions_obtained":[],"gold_loss":0,"cards_obtained":[]}],"is_beta":false,"boss_relics":[{"not_picked":["Ectoplasm","Runic Pyramid"],"picked":"Pandora\u0027s Box"}],"items_purged_floors":[],"is_endless":false,"potions_floor_spawned":[1,4,12,14,18,20],"killed_by":"Sentry and Sphere","ascension_level":20}}