{"host":"ni5mix2lh3q94rpg","time":1612283318,"event":{"mods":["AchievementEnabler","Act Like it!","BaseMod","Better Altar","Better Note","Better Silent Start","Better Vampires","GifTheSpireLib","Hermit","Marisa????????","Minty Spire (QoL Compilation)","Quick Restart","Remilia??????","Spikes Relics","StSLib","The Animator","The Servant 0.9.4","everything is the same but u backflip on backflip","slay the spire mod where everything is the same but ironclad has a cowboy hat"],"gold_per_floor":[359,12,62,127,188,188,238,238,238,238,275,275,275,315,315,413,413,428,428,54,110,147,147,106,141,165,222,222,7,7,38,38,38,38],"floor_reached":33,"language":"ENG","playtime":2132,"items_purged":["Strike_R","Strike_R"],"score":517,"play_id":"fdc60f0a-e4fa-4e91-84a2-9d6f987003c1","local_time":"20210202192838","is_ascension_mode":true,"campfire_choices":[{"data":"Armaments","floor":6.0,"key":"SMITH"},{"data":"Sentinel","floor":8.0,"key":"SMITH"},{"data":"Battle Trance","floor":10.0,"key":"SMITH"},{"data":"Defend_R","floor":13.0,"key":"SMITH"},{"data":"Flex","floor":15.0,"key":"SMITH"},{"floor":23.0,"key":"REST"},{"floor":30.0,"key":"REST"},{"floor":32,"key":"REST"}],"circlet_count":0,"master_deck":["AscendersBane","Strike_R","Strike_R","Strike_R","Defend_R+1","Defend_R","Defend_R","Bash","Twin Strike","HandOfGreed","Armaments+1","Fire Breathing","Battle Trance+1","Sentinel+1","Spot Weakness","Iron Wave","Flex+1","Offering","Clothesline","Inflame","Demon Form","Sword Boomerang","Flame Barrier"],"relics":["Burning Blood","ShockBauble","InkBottle","Sozu","Matryoshka","RollingBoulder","Centennial Puzzle","Unceasing Top","ClockworkSouvenir"],"acts_visited":["Exordium","TheCity"],"potions_floor_usage":[],"damage_taken":[{"damage":6.0,"enemies":"Cultist","floor":1.0,"turns":3.0},{"damage":3.0,"enemies":"2 Louse","floor":4.0,"turns":4.0},{"damage":7.0,"enemies":"Small Slimes","floor":5.0,"turns":6.0},{"damage":22.0,"enemies":"Lagavulin","floor":7.0,"turns":10.0},{"damage":8.0,"enemies":"Red Slaver","floor":11.0,"turns":5.0},{"damage":0.0,"enemies":"Blue Slaver","floor":14.0,"turns":5.0},{"damage":39.0,"enemies":"The Guardian","floor":16.0,"turns":13.0},{"damage":22.0,"enemies":"Shell Parasite","floor":18.0,"turns":3.0},{"damage":11.0,"enemies":"2 Thieves","floor":21.0,"turns":3.0},{"damage":15.0,"enemies":"Snake Plant","floor":22.0,"turns":5.0},{"damage":18.0,"enemies":"Snecko","floor":25.0,"turns":7.0},{"damage":32.0,"enemies":"Gremlin Leader","floor":27.0,"turns":7.0},{"damage":24,"enemies":"3 Cultists","floor":31,"turns":4},{"damage":47,"enemies":"Collector","floor":33,"turns":8}],"seed_played":"1661470228272504231","potions_obtained":[{"floor":1.0,"key":"GamblersBrew"},{"floor":7.0,"key":"Swift Potion"},{"floor":14.0,"key":"Dexterity Potion"}],"is_trial":false,"path_per_floor":["M","$","?","M","M","R","E","R","T","R","M","?","R","M","R","B",null,"M","?","$","M","M","R","$","M","T","E","?","$","R","M","R","B"],"character_chosen":"IRONCLAD","items_purchased":["HandOfGreed","Armaments","Fire Breathing","Matryoshka","Inflame","ClockworkSouvenir","Sword Boomerang"],"campfire_rested":3,"item_purchase_floors":[2,2,2,20,24,29,29],"current_hp_per_floor":[68,68,62,65,64,64,48,48,48,48,46,46,46,52,52,19,56,40,40,40,35,26,46,46,34,34,8,8,8,28,10,30,0,0],"gold":38,"neow_bonus":"TWO_FIFTY_GOLD","is_daily":false,"chose_seed":false,"campfire_upgraded":5,"win_rate":0.0,"timestamp":1612283318,"path_taken":["M","$","?","M","?","R","E","R","T","R","M","?","R","?","R","BOSS","M","?","$","M","M","R","$","?","T","E","?","$","R","M","R","BOSS"],"items_purchased_type":["Card","Card","Card","Relic","Card","Relic","Card"],"build_version":"2020-12-22","purchased_purges":2,"victory":false,"max_hp_per_floor":[68,68,68,68,68,68,68,68,68,68,68,68,68,68,68,68,68,68,68,68,68,68,68,68,68,68,68,68,68,68,68,68,68,68],"card_choices":[{"not_picked":["Pummel","True Grit"],"picked":"Twin Strike","floor":1.0},{"not_picked":["Invigoration","Reckless Charge"],"picked":"Battle Trance","floor":4.0},{"not_picked":["True Grit","Body Slam"],"picked":"Sentinel","floor":5.0},{"not_picked":["Absolvement","Disarm"],"picked":"Spot Weakness","floor":7.0},{"not_picked":["Anger","Feel No Pain"],"picked":"Iron Wave","floor":11.0},{"not_picked":["Pommel Strike","Havoc"],"picked":"Flex","floor":14.0},{"not_picked":["Fiend Fire","Brutality"],"picked":"Offering","floor":16.0},{"not_picked":["Body Slam","Perfected Strike"],"picked":"Clothesline","floor":18.0},{"not_picked":["Clothesline","Pommel Strike","Armaments+1"],"picked":"SKIP","floor":21.0},{"not_picked":["Perfected Strike","Twin Strike","Body Slam"],"picked":"SKIP","floor":22.0},{"not_picked":["Iron Wave","Clothesline","Corruption"],"picked":"SKIP","floor":25.0},{"not_picked":["Flex+1","Body Slam"],"picked":"Demon Form","floor":27.0},{"not_picked":["Inflame","Armaments"],"picked":"Flame Barrier","floor":31}],"player_experience":936208,"relics_obtained":[{"floor":7.0,"key":"ShockBauble"},{"floor":9.0,"key":"InkBottle"},{"floor":26.0,"key":"RollingBoulder"},{"floor":26.0,"key":"Centennial Puzzle"},{"floor":27.0,"key":"Unceasing Top"}],"event_choices":[{"damage_healed":0.0,"max_hp_gain":0.0,"max_hp_loss":0.0,"gold_gain":50.0,"event_name":"FaceTrader","player_choice":"Touch","floor":3.0,"gold_loss":0.0,"damage_taken":6.0},{"cards_removed":["Defend_R"],"damage_healed":0.0,"max_hp_gain":0.0,"max_hp_loss":0.0,"gold_gain":0.0,"event_name":"Purifier","player_choice":"Purged","floor":12.0,"gold_loss":0.0,"damage_taken":0.0},{"damage_healed":0.0,"max_hp_gain":0.0,"max_hp_loss":0.0,"gold_gain":0.0,"event_name":"Lab","player_choice":"Got Potions","floor":19.0,"gold_loss":0.0,"damage_taken":0.0},{"cards_removed":["HandOfGreed"],"damage_healed":0.0,"max_hp_gain":0.0,"max_hp_loss":0.0,"gold_gain":0.0,"event_name":"betterNote:BetterNote","player_choice":"Give","floor":28.0,"gold_loss":0.0,"damage_taken":0.0,"cards_obtained":["None"]}],"is_beta":false,"boss_relics":[{"not_picked":["SlaversCollar","Snecko Eye"],"picked":"Sozu"}],"items_purged_floors":[2,20],"is_endless":false,"potions_floor_spawned":[1,7,14,21,22,31],"killed_by":"Collector","ascension_level":19}}