{"host":"hn99riirbf0lv0ml","time":1612234471,"event":{"mods":["AchievementEnabler","Act Like it!","Bard","BaseMod","Beaked The Cultist","Colored Map","Colored Powertips","Conspire","Curses Come First","Downfall","Duelist Mod","Friendly Minions","Gensokyo","GifTheSpireLib","Glutton Mod","Halation","Jorbs\u0027s Wanderer Trilogy","Mad Scientist","Marisa????????","Minty Spire (QoL Compilation)","Rare Cards Sparkle","Replay The Spire","StSLib","The Blackbeard","The Bug Knight","The Construct","The Cursed","The Disciple","The Mystic","The Runesmith","The Servant 0.9.4","The Witch"],"gold_per_floor":[119,49,68,22,42,42,12,12,62,76,96,330,344,371,371,371,371],"floor_reached":16,"language":"ENG","playtime":4325,"items_purged":[],"score":112,"play_id":"2ab871cd-3873-428f-8b92-16871f4cccd7","local_time":"20210201215431","is_ascension_mode":false,"campfire_choices":[{"data":"stsjorbsmod:FlameWard","floor":6,"key":"SMITH"},{"data":"stsjorbsmod:Prestidigitation","floor":8,"key":"SMITH"},{"floor":15,"key":"REST"}],"circlet_count":0,"master_deck":["stsjorbsmod:ForbiddenGrimoire+1","stsjorbsmod:Strike_Wanderer","stsjorbsmod:Strike_Wanderer","stsjorbsmod:Strike_Wanderer+1","stsjorbsmod:Strike_Wanderer","stsjorbsmod:Defend_Wanderer","stsjorbsmod:Defend_Wanderer+1","stsjorbsmod:Defend_Wanderer","stsjorbsmod:Defend_Wanderer","stsjorbsmod:FreshAdventure+1","stsjorbsmod:EyeOfTheStorm","stsjorbsmod:Firebolt","stsjorbsmod:FlameWard+1","stsjorbsmod:Prestidigitation+1","stsjorbsmod:ParryingBlow","stsjorbsmod:Hibernate","stsjorbsmod:Rediscovery","stsjorbsmod:Mania","stsjorbsmod:BookOfTongues","stsjorbsmod:Prepare"],"relics":["stsjorbsmod:GrimoireRelic","Replay:Baseball","Regal Pillow","HollowMod:PaleOreRelic","halation:QuantumPhysicsTextbook"],"acts_visited":["Gensokyo:Gensokyo"],"potions_floor_usage":[13,13,14,16],"damage_taken":[{"damage":5,"enemies":"Gensokyo:Python","floor":1,"turns":3},{"damage":0,"enemies":"Gensokyo:2_Kodama","floor":3,"turns":3},{"damage":10,"enemies":"Gensokyo:Gryphon","floor":5,"turns":3},{"damage":5,"enemies":"Gensokyo:VengefulSpirit","floor":10,"turns":5},{"damage":1,"enemies":"Gensokyo:Kitsune","floor":11,"turns":3},{"damage":4,"enemies":"Gensokyo:Aya","floor":12,"turns":6},{"damage":1,"enemies":"Gensokyo:3_Kodama","floor":13,"turns":4},{"damage":8,"enemies":"Gensokyo:Cirno","floor":14,"turns":7},{"damage":76,"enemies":"Gensokyo:Reimu","floor":16,"turns":12}],"seed_played":"5292135187659743584","potions_obtained":[{"floor":3,"key":"stsjorbsmod:DimensionDoorPotion"},{"floor":10,"key":"Explosive Potion"},{"floor":11,"key":"Dexterity Potion"},{"floor":13,"key":"SkillPotion"},{"floor":14,"key":"Slimebound:ThreeZeroPotion"}],"is_trial":false,"path_per_floor":["M","?","M","$","M","R","COS","R","T","M","M","E","M","E","R","B"],"character_chosen":"WANDERER","items_purchased":["stsjorbsmod:Prestidigitation"],"campfire_rested":1,"item_purchase_floors":[4],"current_hp_per_floor":[65,65,66,66,57,57,57,57,57,53,53,50,50,42,68,0,0],"gold":371,"neow_bonus":"RANDOM_COMMON_RELIC","is_daily":false,"chose_seed":false,"campfire_upgraded":2,"win_rate":0.0,"timestamp":1612234471,"path_taken":["M","?","M","$","M","R","COS","R","T","M","M","E","?","E","R","BOSS"],"items_purchased_type":["Card"],"build_version":"2020-12-22","purchased_purges":0,"victory":false,"max_hp_per_floor":[68,68,68,68,68,68,68,68,68,68,68,68,68,68,68,68,68],"card_choices":[{"not_picked":["stsjorbsmod:Hurt","stsjorbsmod:BlackTentacles"],"picked":"stsjorbsmod:Firebolt","floor":1},{"not_picked":["stsjorbsmod:UnseenServant","stsjorbsmod:Materialize"],"picked":"stsjorbsmod:FlameWard","floor":3},{"not_picked":["stsjorbsmod:FracturedMind","stsjorbsmod:LoseGrip"],"picked":"stsjorbsmod:ParryingBlow","floor":5},{"not_picked":["stsjorbsmod:BlackTentacles","stsjorbsmod:DoubleCheck"],"picked":"stsjorbsmod:Hibernate","floor":10},{"not_picked":["stsjorbsmod:Prepare","stsjorbsmod:Index"],"picked":"stsjorbsmod:Rediscovery","floor":11},{"not_picked":["stsjorbsmod:Hibernate","stsjorbsmod:Hurt"],"picked":"stsjorbsmod:Mania","floor":12},{"not_picked":["stsjorbsmod:WanderingMind","stsjorbsmod:TinyHut"],"picked":"stsjorbsmod:BookOfTongues","floor":13},{"not_picked":["stsjorbsmod:Will","stsjorbsmod:UnseenServant"],"picked":"stsjorbsmod:Prepare","floor":14}],"player_experience":354882,"relics_obtained":[{"floor":9,"key":"Regal Pillow"},{"floor":12,"key":"HollowMod:PaleOreRelic"},{"floor":14,"key":"halation:QuantumPhysicsTextbook"}],"event_choices":[],"is_beta":false,"boss_relics":[],"items_purged_floors":[],"is_endless":false,"potions_floor_spawned":[3,10,11,13,14],"killed_by":"Gensokyo:Reimu","ascension_level":0}}