{"host":"6s95ba0cy8amnnuf","time":1612246467,"event":{"mods":["AchievementEnabler","BaseMod","Block Reminder","Colored Map","Minty Spire (QoL Compilation)","StSLib","Unceasing Turn Reminder","everything is the same but u backflip on backflip"],"gold_per_floor":[110,123,198,216,216,246,246,280,329,339,339,351,351,351,351,454,454,468,478,478,497,43,43,70,70,70,23,48,62,62,62,62,164,164,182,198,248,248,164,164,199,212,212,246,246,246],"floor_reached":45,"language":"ENG","playtime":2496,"items_purged":["Regret"],"score":596,"play_id":"8e4c3ca9-37de-43a5-b387-97cdee7a9212","local_time":"20210202001427","is_ascension_mode":true,"campfire_choices":[{"floor":11,"key":"REST"},{"data":"1","floor":15,"key":"LIFT"},{"data":"2","floor":23,"key":"LIFT"},{"data":"3","floor":25,"key":"LIFT"},{"data":"Demon Form","floor":30,"key":"SMITH"},{"data":"Spot Weakness","floor":32,"key":"SMITH"},{"data":"Limit Break","floor":40,"key":"SMITH"}],"circlet_count":0,"master_deck":["Bash+1","Chrysalis","Shrug It Off","Anger+1","Shrug It Off","Iron Wave+1","Immolate+1","Anger+1","Flex","Barricade","Bludgeon+1","Ghostly Armor","Demon Form+1","Clash+1","Bloodletting","Whirlwind+1","Immolate+1","Dropkick+1","Thunderclap+1","Whirlwind+1","Headbutt+1","Shrug It Off","Anger+1","Power Through","Metallicize+1","Disarm","Headbutt+1","Impervious","Rage","Power Through","Flex","Shockwave+1","Flame Barrier","Spot Weakness+1","Berserk","Sword Boomerang+1","Limit Break+1","Whirlwind+1","Mayhem","The Bomb","Bandage Up","Dark Shackles","Armaments","Armaments+1","Headbutt+1"],"relics":["Burning Blood","Molten Egg 2","Strawberry","Happy Flower","Lantern","Girya","Pandora\u0027s Box","Ancient Tea Set","Orrery","Nunchaku","Blue Candle","Whetstone","Mark of Pain","Magic Flower","StoneCalendar","Sundial","Ornamental Fan"],"acts_visited":["Exordium","TheCity","TheBeyond"],"potions_floor_usage":[6,21,36,37,44,45],"damage_taken":[{"damage":11,"enemies":"2 Louse","floor":1,"turns":5},{"damage":10,"enemies":"Small Slimes","floor":2,"turns":3},{"damage":0,"enemies":"Cultist","floor":4,"turns":3},{"damage":21,"enemies":"Lagavulin","floor":6,"turns":11},{"damage":25,"enemies":"Gremlin Nob","floor":8,"turns":6},{"damage":2,"enemies":"Blue Slaver","floor":10,"turns":3},{"damage":0,"enemies":"2 Fungi Beasts","floor":12,"turns":1},{"damage":58,"enemies":"Hexaghost","floor":16,"turns":11},{"damage":0,"enemies":"3 Byrds","floor":18,"turns":2},{"damage":0,"enemies":"2 Thieves","floor":19,"turns":1},{"damage":4,"enemies":"Cultist and Chosen","floor":21,"turns":3},{"damage":24,"enemies":"Slavers","floor":24,"turns":3},{"damage":2,"enemies":"Book of Stabbing","floor":28,"turns":4},{"damage":4,"enemies":"Shelled Parasite and Fungi","floor":29,"turns":2},{"damage":54,"enemies":"Champ","floor":33,"turns":8},{"damage":0,"enemies":"Orb Walker","floor":35,"turns":1},{"damage":2,"enemies":"3 Darklings","floor":36,"turns":3},{"damage":0,"enemies":"Mind Bloom Boss Battle","floor":37,"turns":5},{"damage":27,"enemies":"Giant Head","floor":41,"turns":7},{"damage":5,"enemies":"Maw","floor":42,"turns":6},{"damage":46,"enemies":"Nemesis","floor":44,"turns":5},{"damage":48,"enemies":"Writhing Mass","floor":45,"turns":6}],"seed_played":"-631425332673141798","potions_obtained":[{"floor":1,"key":"Regen Potion"},{"floor":8,"key":"FearPotion"},{"floor":10,"key":"HeartOfIron"},{"floor":21,"key":"Weak Potion"},{"floor":28,"key":"SteroidPotion"},{"floor":29,"key":"BlessingOfTheForge"},{"floor":35,"key":"Block Potion"},{"floor":36,"key":"Dexterity Potion"}],"is_trial":false,"path_per_floor":["M","M","?","M","?","E","?","E","T","M","R","M","?","T","R","B",null,"M","M","?","M","$","R","E","R","T","$","E","M","R","?","R","B",null,"M","M","?","?","$","R","E","M","T","E","M"],"character_chosen":"IRONCLAD","items_purchased":["Power Through","Ancient Tea Set","Orrery","Flex","Dark Shackles"],"campfire_rested":1,"item_purchase_floors":[22,22,22,27,39],"current_hp_per_floor":[75,71,60,66,48,55,38,19,19,23,49,55,84,84,84,32,87,87,87,87,87,87,87,69,69,69,69,73,75,75,75,75,27,87,87,87,87,77,77,77,65,75,75,44,0,0],"gold":246,"neow_bonus":"RANDOM_COLORLESS_2","is_daily":false,"chose_seed":false,"campfire_upgraded":3,"win_rate":0.0,"timestamp":1612246467,"path_taken":["M","M","?","M","?","E","?","E","T","M","R","M","?","?","R","BOSS","M","M","?","?","$","R","E","R","T","$","E","M","R","?","R","BOSS","M","M","?","?","$","R","E","M","T","E","M"],"items_purchased_type":["Card","Relic","Relic","Card","Card"],"build_version":"2020-12-22","purchased_purges":1,"victory":false,"max_hp_per_floor":[80,80,80,80,80,87,87,87,87,87,87,87,87,87,87,87,87,87,87,87,87,87,87,87,87,87,87,87,87,87,87,87,87,87,87,87,87,87,87,87,87,87,87,87,87,87],"card_choices":[{"not_picked":["Transmutation","Thinking Ahead"],"picked":"Chrysalis","floor":0},{"not_picked":["Bloodletting","Seeing Red"],"picked":"Shrug It Off","floor":1},{"not_picked":["Pommel Strike","Heavy Blade"],"picked":"Anger","floor":2},{"not_picked":["Feel No Pain","Wild Strike"],"picked":"Shrug It Off","floor":4},{"not_picked":["Thunderclap+1","Reckless Charge+1"],"picked":"Iron Wave+1","floor":6},{"not_picked":["Flex","Power Through"],"picked":"Immolate+1","floor":8},{"not_picked":["Rampage+1","Flex"],"picked":"Anger+1","floor":10},{"not_picked":["Twin Strike+1","Sentinel"],"picked":"Flex","floor":12},{"not_picked":["Berserk","Juggernaut"],"picked":"Barricade","floor":16},{"not_picked":["Armaments","Warcry"],"picked":"Whirlwind+1","floor":18},{"not_picked":["Iron Wave+1","Wild Strike+1"],"picked":"Headbutt+1","floor":19},{"not_picked":["Disarm","Combust+1"],"picked":"Anger+1","floor":21},{"not_picked":["Bludgeon+1","Clothesline+1"],"picked":"Metallicize+1","floor":22},{"not_picked":["Iron Wave+1","Rampage+1"],"picked":"Disarm","floor":22},{"not_picked":["Sword Boomerang+1","Heavy Blade+1"],"picked":"Headbutt+1","floor":22},{"not_picked":["Warcry","Barricade"],"picked":"Impervious","floor":22},{"not_picked":["Shrug It Off","Havoc"],"picked":"Rage","floor":22},{"not_picked":["Thunderclap+1","Combust"],"picked":"Power Through","floor":24},{"not_picked":["Sever Soul+1","Havoc"],"picked":"Shockwave+1","floor":28},{"not_picked":["Double Tap","True Grit"],"picked":"Flame Barrier","floor":29},{"not_picked":["Barricade","Feed+1"],"picked":"Berserk","floor":33},{"not_picked":["Combust","True Grit+1"],"picked":"Sword Boomerang+1","floor":35},{"not_picked":["Havoc","Twin Strike+1"],"picked":"Limit Break","floor":36},{"not_picked":["Shrug It Off+1","Shockwave"],"picked":"Whirlwind+1","floor":37},{"not_picked":["Metamorphosis","Forethought"],"picked":"Mayhem","floor":38},{"not_picked":["Thinking Ahead","Purity"],"picked":"The Bomb","floor":38},{"not_picked":["Swift Strike+1","Discovery"],"picked":"Bandage Up","floor":38},{"not_picked":["Dark Embrace+1","Warcry"],"picked":"Armaments","floor":41},{"not_picked":["Flex","Dark Embrace"],"picked":"Armaments+1","floor":42},{"not_picked":["Twin Strike+1","Dark Embrace+1"],"picked":"Headbutt+1","floor":44}],"player_experience":119843,"relics_obtained":[{"floor":6,"key":"Strawberry"},{"floor":8,"key":"Happy Flower"},{"floor":9,"key":"Lantern"},{"floor":14,"key":"Girya"},{"floor":24,"key":"Nunchaku"},{"floor":26,"key":"Blue Candle"},{"floor":28,"key":"Whetstone"},{"floor":37,"key":"Magic Flower"},{"floor":41,"key":"StoneCalendar"},{"floor":43,"key":"Sundial"},{"floor":44,"key":"Ornamental Fan"}],"event_choices":[{"damage_healed":0,"gold_gain":75,"player_choice":"Gather Gold","damage_taken":11,"max_hp_gain":0,"max_hp_loss":0,"event_name":"World of Goop","floor":3,"gold_loss":0},{"damage_healed":0,"gold_gain":0,"player_choice":"Success","damage_taken":18,"relics_obtained":["Molten Egg 2"],"max_hp_gain":0,"max_hp_loss":0,"event_name":"Scrap Ooze","floor":5,"gold_loss":0},{"damage_healed":0,"gold_gain":0,"player_choice":"Entered Light","damage_taken":17,"max_hp_gain":0,"max_hp_loss":0,"event_name":"Shining Light","floor":7,"gold_loss":0,"cards_upgraded":["Anger","Strike_R"]},{"damage_healed":29,"gold_gain":0,"player_choice":"Banana","damage_taken":0,"max_hp_gain":0,"max_hp_loss":0,"event_name":"Big Fish","floor":13,"gold_loss":0},{"damage_healed":0,"gold_gain":0,"player_choice":"Copied","damage_taken":0,"max_hp_gain":0,"max_hp_loss":0,"event_name":"Duplicator","floor":20,"gold_loss":0,"cards_obtained":["Shrug It Off"]},{"damage_healed":0,"gold_gain":0,"player_choice":"Read","damage_taken":0,"max_hp_gain":0,"max_hp_loss":0,"event_name":"The Library","floor":31,"gold_loss":0,"cards_obtained":["Spot Weakness"]},{"damage_healed":0,"gold_gain":0,"player_choice":"Fight","damage_taken":0,"max_hp_gain":0,"max_hp_loss":0,"event_name":"MindBloom","floor":37,"gold_loss":0},{"damage_healed":0,"gold_gain":0,"player_choice":"Memory 3","damage_taken":10,"max_hp_gain":0,"max_hp_loss":0,"event_name":"SensoryStone","floor":38,"gold_loss":0}],"is_beta":false,"boss_relics":[{"not_picked":["SacredBark","Velvet Choker"],"picked":"Pandora\u0027s Box"},{"not_picked":["Tiny House","Runic Cube"],"picked":"Mark of Pain"}],"items_purged_floors":[22],"is_endless":false,"potions_floor_spawned":[1,8,10,21,28,29,33,35,36],"killed_by":"Writhing Mass","ascension_level":2}}