{"host":"89frlrzg3lfsymiq","time":1612304908,"event":{"mods":["2.2 Compatiblity","AchievementEnabler","Aspiration","BaseMod","Better Altar","Better Match","Better Note","Better Sensory Stone","Better Skull","Better Third Choice","Conspire","Downfall","GifTheSpireLib","Halation","Highlight Path","Hubris","Minty Spire (QoL Compilation)","Permanent Neow","Quick Restart","StSLib","The Blue Laboratory","The Cursed","The Jungle","The Necromancer","The Runesmith"],"gold_per_floor":[119,139,157,170,40,40,54,88,88,39,39,66,31,43,43,43,43],"floor_reached":16,"language":"ENG","playtime":777,"items_purged":[],"score":162,"play_id":"7112715c-eaa9-4b35-9b46-1d0f0fc96c9f","local_time":"20210202172828","daily_mods":["Hoarder","DeadlyEvents"],"is_ascension_mode":false,"campfire_choices":[{"data":"Dramatic Entrance","floor":6,"key":"SMITH"},{"data":"Dramatic Entrance","floor":11,"key":"SMITH"},{"data":"Dramatic Entrance","floor":15,"key":"SMITH"}],"circlet_count":0,"master_deck":["Strike_B","Strike_B","Strike_B","Strike_B","Defend_B","Defend_B","Defend_B","Defend_B","Zap","Dualcast","Self Repair","Self Repair","Self Repair","Melter","Melter","Melter","Capacitor","Capacitor","Capacitor","Dramatic Entrance+1","Dramatic Entrance+1","Dramatic Entrance+1","Sweeping Beam","Sweeping Beam","Sweeping Beam","Gash","Gash","Gash","Redo","Redo","Redo","All For One","All For One","All For One","Skim","Skim","Skim"],"relics":["Cracked Core","hubris:ToyBattleship","Mummified Hand","Tiny Chest"],"acts_visited":["Exordium"],"potions_floor_usage":[],"damage_taken":[{"damage":1,"enemies":"Jaw Worm","floor":1,"turns":3},{"damage":1,"enemies":"Cultist","floor":2,"turns":3},{"damage":8,"enemies":"Small Slimes","floor":3,"turns":5},{"damage":15,"enemies":"Looter","floor":4,"turns":3},{"damage":2,"enemies":"Blue Slaver","floor":7,"turns":2},{"damage":58,"enemies":"Lagavulin","floor":8,"turns":7},{"damage":0,"enemies":"3 Sentries","floor":12,"turns":2},{"damage":0,"enemies":"3 Louse","floor":14,"turns":1},{"damage":47,"enemies":"The Guardian","floor":16,"turns":6}],"seed_played":"-4236974297325513097","potions_obtained":[{"floor":1,"key":"Dexterity Potion"},{"floor":7,"key":"blueLaboratory:BottledHope"}],"is_trial":true,"path_per_floor":["M","M","M","M","$","R","M","E","T","$","R","E","?","M","R","B"],"character_chosen":"DEFECT","items_purchased":["Capacitor","Dramatic Entrance","Redo"],"campfire_rested":0,"item_purchase_floors":[5,5,10],"current_hp_per_floor":[74,73,75,75,75,75,73,36,36,36,36,36,54,54,54,7,7],"gold":43,"neow_bonus":"","is_daily":false,"chose_seed":false,"campfire_upgraded":3,"win_rate":0.0,"timestamp":1612304908,"path_taken":["M","M","M","M","$","R","M","E","T","$","R","E","?","?","R","BOSS"],"items_purchased_type":["Card","Card","Card"],"build_version":"2020-12-22","purchased_purges":0,"victory":false,"max_hp_per_floor":[75,75,75,75,75,75,75,75,75,75,75,75,75,75,75,75,75],"card_choices":[{"not_picked":["FTL","Streamline","hubris:Ukulele"],"picked":"SKIP","floor":1},{"not_picked":["Coolheaded","Recycle"],"picked":"Self Repair","floor":2},{"not_picked":["Redo","Turbo"],"picked":"Melter","floor":3},{"not_picked":["Hologram","Static Discharge","Rebound"],"picked":"SKIP","floor":4},{"not_picked":["Go for the Eyes","Streamline"],"picked":"Sweeping Beam","floor":7},{"not_picked":["Redo","Compile Driver"],"picked":"Gash","floor":8},{"not_picked":["Coolheaded","Hologram"],"picked":"All For One","floor":12},{"not_picked":["Coolheaded","Turbo"],"picked":"Skim","floor":14}],"player_experience":220004,"relics_obtained":[{"floor":8,"key":"hubris:ToyBattleship"},{"floor":9,"key":"Mummified Hand"},{"floor":12,"key":"Tiny Chest"}],"event_choices":[{"damage_healed":18,"gold_gain":0,"player_choice":"Healed","damage_taken":0,"max_hp_gain":0,"max_hp_loss":0,"event_name":"The Cleric","floor":13,"gold_loss":35}],"is_beta":false,"boss_relics":[],"items_purged_floors":[],"is_endless":false,"potions_floor_spawned":[1,7],"killed_by":"The Guardian","ascension_level":0}}