{"host":"pfy6u49v5s5r680p","time":1612263030,"event":{"mods":["BaseMod","Colored Map","DeckTracker","Highlight Path","Keyboard Shortcuts","Minty Spire (QoL Compilation)","Permanent Neow","Quick Restart","StSLib","SuperFastMode","everything is the same but u backflip on backflip"],"gold_per_floor":[116,116,136,156,156,156,187,76,76,76,40,57,70,70,70,175,175,192,16,28,44,44,44,44,44,44,44,56,56,156,168,168,266,266,278,7,7,24,24,49,49,79,128,128,151,195,218,231,231,231],"floor_reached":51,"language":"KOR","playtime":3356,"items_purged":["Strike_G","Strike_G","Strike_G"],"score":977,"play_id":"67f27ab8-76ea-4b76-a90c-97f9482e1acc","local_time":"20210202195030","is_ascension_mode":true,"campfire_choices":[{"data":"Dash","floor":6.0,"key":"SMITH"},{"data":"Footwork","floor":10.0,"key":"SMITH"},{"data":"Escape Plan","floor":15.0,"key":"SMITH"},{"data":"Footwork","floor":23.0,"key":"SMITH"},{"data":"Backflip","floor":27.0,"key":"SMITH"},{"data":"Venomology","floor":29.0,"key":"SMITH"},{"data":"Accuracy","floor":32.0,"key":"SMITH"},{"data":"Madness","floor":41,"key":"SMITH"},{"data":"Envenom","floor":44,"key":"SMITH"},{"data":"Footwork","floor":49,"key":"SMITH"}],"circlet_count":0,"master_deck":["Strike_G","Strike_G+1","Defend_G","Defend_G","Defend_G","Defend_G","Survivor","Neutralize+1","Dash+1","Backflip+1","Blade Dance","Footwork+1","Distraction+1","Escape Plan+1","Venomology+1","Flechettes+1","Footwork+1","Calculated Gamble+1","Footwork+1","Underhanded Strike+1","Accuracy+1","Acrobatics","Envenom+1","Footwork+1","Bouncing Flask","Madness+1","Madness","PiercingWail+1","Footwork+1","Noxious Fumes+1","Blade Dance+1","Reflex+1"],"relics":["Ring of the Snake","Bag of Preparation","HornCleat","Pear","Oddly Smooth Stone","Runic Dome","Sundial","Bag of Marbles","Mango","Matryoshka","Philosopher\u0027s Stone","Pen Nib","Whetstone","InkBottle","CeramicFish","Blood Vial"],"acts_visited":["Exordium","TheCity","TheBeyond"],"potions_floor_usage":[40,40,40,42,45,45,47,47,48,50],"damage_taken":[{"damage":0.0,"enemies":"Small Slimes","floor":1.0,"turns":4.0},{"damage":0.0,"enemies":"Jaw Worm","floor":3.0,"turns":3.0},{"damage":0.0,"enemies":"2 Louse","floor":4.0,"turns":2.0},{"damage":9.0,"enemies":"3 Sentries","floor":7.0,"turns":13.0},{"damage":0.0,"enemies":"Exordium Wildlife","floor":12.0,"turns":3.0},{"damage":0.0,"enemies":"Exordium Thugs","floor":13.0,"turns":5.0},{"damage":0.0,"enemies":"The Guardian","floor":16.0,"turns":19.0},{"damage":0.0,"enemies":"3 Byrds","floor":18.0,"turns":7.0},{"damage":3.0,"enemies":"Chosen","floor":20.0,"turns":8.0},{"damage":7.0,"enemies":"Snake Plant","floor":21.0,"turns":7.0},{"damage":3.0,"enemies":"Sentry and Sphere","floor":28.0,"turns":6.0},{"damage":0.0,"enemies":"Colosseum Slavers","floor":30.0,"turns":3.0},{"damage":0.0,"enemies":"Colosseum Nobs","floor":30.0,"turns":3.0},{"damage":0.0,"enemies":"Centurion and Healer","floor":31.0,"turns":5.0},{"damage":0.0,"enemies":"Automaton","floor":33.0,"turns":14.0},{"damage":3.0,"enemies":"3 Darklings","floor":35.0,"turns":7.0},{"damage":0.0,"enemies":"3 Shapes","floor":38.0,"turns":7.0},{"damage":8,"enemies":"Reptomancer","floor":40,"turns":9},{"damage":0,"enemies":"Giant Head","floor":42,"turns":9},{"damage":2,"enemies":"Maw","floor":45,"turns":6},{"damage":0,"enemies":"Nemesis","floor":46,"turns":9},{"damage":4,"enemies":"Writhing Mass","floor":47,"turns":5},{"damage":5,"enemies":"Jaw Worm Horde","floor":48,"turns":4},{"damage":64,"enemies":"Time Eater","floor":50,"turns":13}],"seed_played":"-4612898286929154789","potions_obtained":[{"floor":1.0,"key":"ColorlessPotion"},{"floor":7.0,"key":"Explosive Potion"},{"floor":12.0,"key":"ColorlessPotion"},{"floor":16.0,"key":"Swift Potion"},{"floor":20.0,"key":"Fruit Juice"},{"floor":30.0,"key":"Fruit Juice"},{"floor":35.0,"key":"Swift Potion"},{"floor":42,"key":"AttackPotion"},{"floor":45,"key":"CunningPotion"}],"is_trial":false,"path_per_floor":["M","?","M","M","?","R","E","$","T","R","$","M","M","?","R","B",null,"M","$","M","M","?","R","$","T","T","R","M","R","?","M","R","B",null,"M","$","?","M","?","E","R","E","T","R","M","E","M","M","R","B",null],"character_chosen":"THE_SILENT","items_purchased":["Footwork","Distraction","Footwork","Footwork","Bouncing Flask"],"campfire_rested":0,"item_purchase_floors":[8,11,19,36,36],"current_hp_per_floor":[70,63,63,63,56,56,57,57,57,57,57,57,57,57,57,57,80,80,80,82,75,75,75,75,75,75,75,72,72,91,91,91,91,104,101,101,88,88,88,80,80,80,80,80,78,78,76,73,73,11],"gold":231,"neow_bonus":"RANDOM_COMMON_RELIC","is_daily":false,"chose_seed":false,"campfire_upgraded":10,"win_rate":0.0,"timestamp":1612263030,"path_taken":["M","?","M","M","?","R","E","$","T","R","$","M","?","?","R","BOSS","M","$","M","M","?","R","$","?","T","R","M","R","?","M","R","BOSS","M","$","?","M","?","E","R","E","T","R","M","E","M","M","R","BOSS"],"items_purchased_type":["Card","Card","Card","Card","Card"],"build_version":"2020-12-22","purchased_purges":3,"victory":true,"max_hp_per_floor":[70,70,70,70,70,70,80,80,80,80,80,80,80,80,80,80,80,80,80,85,85,85,85,85,85,85,85,85,85,104,104,104,104,104,104,104,104,104,104,104,104,104,104,104,104,104,104,104,104,104],"card_choices":[{"not_picked":["Skewer","Acrobatics"],"picked":"Dash","floor":1.0},{"not_picked":["Cloak And Dagger","Quick Slash"],"picked":"Backflip","floor":3.0},{"not_picked":["Backflip","PiercingWail","Dodge and Roll"],"picked":"SKIP","floor":4.0},{"not_picked":["Malaise","Dagger Throw"],"picked":"Blade Dance","floor":7.0},{"not_picked":["Choke","Infinite Blades"],"picked":"Escape Plan","floor":12.0},{"not_picked":["Endless Agony","Dodge and Roll","Sucker Punch"],"picked":"SKIP","floor":13.0},{"not_picked":["Malaise","Glass Knife"],"picked":"Venomology","floor":16.0},{"not_picked":["Predator","Dash"],"picked":"Flechettes+1","floor":18.0},{"not_picked":["Prepared","Poisoned Stab","Predator"],"picked":"SKIP","floor":20.0},{"not_picked":["Crippling Poison","Quick Slash"],"picked":"Calculated Gamble+1","floor":21.0},{"not_picked":["PiercingWail","Calculated Gamble"],"picked":"Underhanded Strike+1","floor":28.0},{"not_picked":["Slice","Riddle With Holes"],"picked":"Accuracy","floor":30.0},{"not_picked":["Bane","Outmaneuver"],"picked":"Acrobatics","floor":31.0},{"not_picked":["Tools of the Trade","Burst"],"picked":"Envenom","floor":33.0},{"not_picked":["Quick Slash","Bane","Acrobatics+1"],"picked":"SKIP","floor":35.0},{"not_picked":["Heel Hook+1","Outmaneuver","Distraction"],"picked":"SKIP","floor":38.0},{"not_picked":["Calculated Gamble","Bane"],"picked":"PiercingWail+1","floor":40},{"not_picked":["Finisher+1","Choke+1"],"picked":"Footwork+1","floor":42},{"not_picked":["Dodge and Roll+1","Crippling Poison"],"picked":"Noxious Fumes+1","floor":45},{"not_picked":["Eviscerate","Storm of Steel"],"picked":"Blade Dance+1","floor":46},{"not_picked":["Acrobatics+1","PiercingWail+1"],"picked":"Reflex+1","floor":47},{"not_picked":["Dagger Throw+1","Poisoned Stab","Caltrops"],"picked":"SKIP","floor":48}],"player_experience":160212,"relics_obtained":[{"floor":7.0,"key":"Pear"},{"floor":9.0,"key":"Oddly Smooth Stone"},{"floor":25.0,"key":"Sundial"},{"floor":26.0,"key":"Bag of Marbles"},{"floor":30.0,"key":"Mango"},{"floor":30.0,"key":"Matryoshka"},{"floor":40,"key":"Pen Nib"},{"floor":42,"key":"Whetstone"},{"floor":43,"key":"InkBottle"},{"floor":43,"key":"CeramicFish"},{"floor":46,"key":"Blood Vial"}],"event_choices":[{"cards_removed":["Defend_G"],"damage_healed":0.0,"max_hp_gain":0.0,"max_hp_loss":0.0,"gold_gain":0.0,"event_name":"Golden Wing","player_choice":"Card Removal","floor":2.0,"gold_loss":0.0,"damage_taken":7.0},{"damage_healed":0.0,"max_hp_gain":0.0,"max_hp_loss":0.0,"gold_gain":0.0,"event_name":"Scrap Ooze","player_choice":"Success","floor":5.0,"gold_loss":0.0,"damage_taken":7.0,"relics_obtained":["HornCleat"]},{"damage_healed":0.0,"max_hp_gain":0.0,"max_hp_loss":0.0,"gold_gain":0.0,"event_name":"Living Wall","player_choice":"Grow","floor":14.0,"gold_loss":0.0,"damage_taken":0.0,"cards_upgraded":["Distraction"]},{"damage_healed":0.0,"max_hp_gain":0.0,"max_hp_loss":0.0,"gold_gain":0.0,"event_name":"Duplicator","player_choice":"Copied","floor":22.0,"gold_loss":0.0,"damage_taken":0.0,"cards_obtained":["Footwork"]},{"damage_healed":0.0,"max_hp_gain":0.0,"max_hp_loss":0.0,"gold_gain":0.0,"event_name":"Colosseum","player_choice":"Fight","floor":30.0,"gold_loss":0.0,"damage_taken":0.0},{"damage_healed":0.0,"max_hp_gain":0.0,"max_hp_loss":0.0,"gold_gain":0.0,"event_name":"Colosseum","player_choice":"Fought Nobs","floor":30.0,"gold_loss":0.0,"damage_taken":0.0},{"damage_healed":0.0,"max_hp_gain":0.0,"max_hp_loss":0.0,"gold_gain":0.0,"event_name":"Winding Halls","player_choice":"Embrace Madness","floor":37.0,"gold_loss":0.0,"damage_taken":13.0,"cards_obtained":["Madness","Madness"]},{"damage_healed":0.0,"max_hp_gain":0.0,"max_hp_loss":0.0,"gold_gain":0.0,"event_name":"Tomb of Lord Red Mask","player_choice":"Ignored","floor":39.0,"gold_loss":0.0,"damage_taken":0.0}],"is_beta":false,"boss_relics":[{"not_picked":["Sozu","Ectoplasm"],"picked":"Runic Dome"},{"not_picked":["Velvet Choker","Tiny House"],"picked":"Philosopher\u0027s Stone"}],"items_purged_floors":[8,19,36],"is_endless":false,"potions_floor_spawned":[1,7,12,16,20,28,30,35,42,45,46],"ascension_level":1}}