{"host":"0cnpp25a4xqhnyrs","time":1612238953,"event":{"mods":["BaseMod","BetterRewards","DeckTracker","Downfall","Minty Spire (QoL Compilation)","Quick Restart","StSLib","Transform Curses"],"gold_per_floor":[113,113,113,126,140,172,172,188,212,224,252,277,289,316,328,438,450,481,503,531,355,373,373,463,463,463,494,494,505,531,531,531],"floor_reached":31,"language":"ENG","playtime":1677,"items_purged":["Strike_G"],"score":259,"play_id":"4581da29-5440-4689-a878-5e3914215afa","local_time":"20210201220913","is_ascension_mode":false,"campfire_choices":[{"data":"Envenom","floor":7.0,"key":"SMITH"},{"data":"Terror","floor":10.0,"key":"SMITH"},{"floor":13.0,"key":"REST"},{"data":"Blade Dance","floor":15.0,"key":"SMITH"},{"floor":23.0,"key":"REST"},{"floor":25.0,"key":"REST"},{"floor":28.0,"key":"REST"}],"circlet_count":0,"master_deck":["Strike_G","Strike_G","Strike_G","Strike_G","Defend_G","Defend_G","Defend_G","Defend_G","Defend_G","Survivor","Neutralize","Finisher","Neutralize","Terror+1","Envenom+1","Blade Dance","Cloak And Dagger","Backstab","Bane","Acrobatics","Blade Dance+1","Infinite Blades","Slice","Poisoned Stab+1","Accuracy","Catalyst","Prepared+1","Blade Dance","Bouncing Flask+1"],"relics":["Ring of the Snake","NeowsBlessing","Smiling Mask","MawBank","SlaversCollar","Paper Crane","Dream Catcher","Art of War"],"acts_visited":["Exordium","TheCity"],"potions_floor_usage":[],"damage_taken":[{"damage":0.0,"enemies":"2 Louse","floor":1.0,"turns":1.0},{"damage":0.0,"enemies":"Jaw Worm","floor":4.0,"turns":1.0},{"damage":0.0,"enemies":"Cultist","floor":5.0,"turns":1.0},{"damage":12.0,"enemies":"Gremlin Nob","floor":6.0,"turns":3.0},{"damage":0.0,"enemies":"Gremlin Gang","floor":8.0,"turns":4.0},{"damage":1.0,"enemies":"2 Fungi Beasts","floor":11.0,"turns":3.0},{"damage":6.0,"enemies":"Exordium Thugs","floor":12.0,"turns":4.0},{"damage":3.0,"enemies":"Lots of Slimes","floor":14.0,"turns":3.0},{"damage":12.0,"enemies":"The Guardian","floor":16.0,"turns":8.0},{"damage":20.0,"enemies":"Shell Parasite","floor":18.0,"turns":5.0},{"damage":13.0,"enemies":"2 Thieves","floor":19.0,"turns":4.0},{"damage":10.0,"enemies":"Cultist and Chosen","floor":20.0,"turns":6.0},{"damage":6.0,"enemies":"Snake Plant","floor":22.0,"turns":4.0},{"damage":39.0,"enemies":"Book of Stabbing","floor":27.0,"turns":5.0},{"damage":20.0,"enemies":"Centurion and Healer","floor":29.0,"turns":4.0},{"damage":15,"enemies":"Snecko","floor":31,"turns":2}],"seed_played":"-6085665641021398556","potions_obtained":[{"floor":1.0,"key":"Weak Potion"},{"floor":4.0,"key":"sneckomod:MuddlingPotion"},{"floor":5.0,"key":"DistilledChaos"},{"floor":8.0,"key":"BlessingOfTheForge"},{"floor":18.0,"key":"ColorlessPotion"},{"floor":19.0,"key":"Strength Potion"},{"floor":20.0,"key":"Block Potion"}],"is_trial":false,"path_per_floor":["M","?","?","M","M","E","R","M","T","R","M","M","R","M","R","B",null,"M","M","M","$","M","R","?","R","T","E","R","M","T","M"],"character_chosen":"THE_SILENT","items_purchased":["Accuracy","Catalyst"],"campfire_rested":4,"item_purchase_floors":[21,21],"current_hp_per_floor":[70,70,70,70,70,58,58,58,58,58,57,51,70,67,67,55,70,50,37,27,27,21,42,30,51,51,12,33,13,13,0,0],"gold":531,"neow_bonus":"THREE_ENEMY_KILL","is_daily":false,"chose_seed":false,"campfire_upgraded":3,"win_rate":0.0,"timestamp":1612238953,"path_taken":["M","?","?","?","?","E","R","M","T","R","M","M","R","M","R","BOSS","M","M","M","$","?","R","?","R","T","E","R","?","?","M"],"items_purchased_type":["Card","Card"],"build_version":"2020-12-22","purchased_purges":1,"victory":false,"max_hp_per_floor":[70,70,70,70,70,70,70,70,70,70,70,70,70,70,70,70,70,70,70,70,70,70,70,70,70,70,70,70,70,70,70,70],"card_choices":[{"not_picked":["Heel Hook","Crippling Poison"],"picked":"Finisher","floor":1.0},{"not_picked":["Slice","Outmaneuver"],"picked":"Blade Dance","floor":4.0},{"not_picked":["Caltrops","All Out Attack"],"picked":"Cloak And Dagger","floor":5.0},{"not_picked":["Dagger Spray","Quick Slash"],"picked":"Backstab","floor":6.0},{"not_picked":["Dodge and Roll","Flying Knee"],"picked":"Bane","floor":8.0},{"not_picked":["Heel Hook","PiercingWail","Sucker Punch"],"picked":"SKIP","floor":11.0},{"not_picked":["Storm of Steel","Underhanded Strike"],"picked":"Acrobatics","floor":12.0},{"not_picked":["Dodge and Roll","Deflect"],"picked":"Blade Dance","floor":14.0},{"not_picked":["PiercingWail","Acrobatics+1"],"picked":"Infinite Blades","floor":18.0},{"not_picked":["Reflex","Dodge and Roll"],"picked":"Slice","floor":19.0},{"not_picked":["Deadly Poison","Deflect"],"picked":"Poisoned Stab+1","floor":20.0},{"not_picked":["Deflect","Outmaneuver"],"picked":"Prepared+1","floor":22.0},{"not_picked":["Well Laid Plans+1","Terror"],"picked":"Blade Dance","floor":27.0},{"not_picked":["Deflect","Cloak And Dagger+1"],"picked":"Bouncing Flask+1","floor":28.0},{"not_picked":["Calculated Gamble+1","Flying Knee+1","Leg Sweep"],"picked":"SKIP","floor":29.0}],"player_experience":86330,"relics_obtained":[{"floor":6.0,"key":"Smiling Mask"},{"floor":9.0,"key":"MawBank"},{"floor":26.0,"key":"Paper Crane"},{"floor":27.0,"key":"Dream Catcher"},{"floor":30.0,"key":"Art of War"}],"event_choices":[{"damage_healed":0.0,"max_hp_gain":0.0,"max_hp_loss":0.0,"gold_gain":0.0,"event_name":"Liars Game","player_choice":"Ignored","floor":2.0,"gold_loss":0.0,"damage_taken":0.0},{"damage_healed":0.0,"max_hp_gain":0.0,"max_hp_loss":0.0,"gold_gain":0.0,"event_name":"Match and Keep!","player_choice":"3 cards matched","floor":3.0,"gold_loss":0.0,"damage_taken":0.0,"cards_obtained":["Neutralize","Terror","Envenom"]},{"damage_healed":0.0,"max_hp_gain":0.0,"max_hp_loss":0.0,"gold_gain":90.0,"event_name":"Knowing Skull","player_choice":"GOLD ","floor":24.0,"potions_obtained":[],"gold_loss":0.0,"damage_taken":12.0,"cards_obtained":[]}],"is_beta":false,"boss_relics":[{"not_picked":["Tiny House","Snecko Eye"],"picked":"SlaversCollar"}],"items_purged_floors":[21],"is_endless":false,"potions_floor_spawned":[1,4,5,8,18,19,20],"killed_by":"Snecko","ascension_level":0}}