{"host":"g76swmzai3i25uo4","time":1612231193,"event":{"mods":["AchievementEnabler","BaseMod","Card Forge","Colored Map","Colored Powertips","Minty Spire (QoL Compilation)","Permanent Neow","Quick Restart","Replay The Spire","StSLib","SuperFastMode","UnlockEverythingMod","¡¾ÒÅÎï¿¨ÅÆ¡¿REMEMod"],"gold_per_floor":[116,116,129,139,158,158,170,184,208,226,246,265,265,265,265,370,470,489,507,525,540,554,554,554,554,603,603,603,603,620,632,632,733,733,749,749,749,749,761,776,776,776,850,850,850,862,876,887,887,887],"floor_reached":51,"language":"ZHS","playtime":957,"items_purged":[],"score":1022,"play_id":"164bc287-c239-4b6b-888e-bcc9fa64c839","local_time":"20210202095953","is_ascension_mode":false,"campfire_choices":[{"floor":6,"key":"REST"},{"floor":13,"key":"REST"},{"floor":15,"key":"REST"},{"floor":23,"key":"REST"},{"floor":25,"key":"REST"},{"floor":27,"key":"REST"},{"floor":32,"key":"RECALL"},{"floor":41,"key":"REST"},{"floor":44,"key":"REST"},{"floor":49,"key":"REST"}],"circlet_count":0,"master_deck":["Clash+1","Pommel Strike+1","Seeing Red+1","Shrug It Off+1","Thunderclap+1"],"relics":["Burning Blood","Hammer of Thor","Seething Fire","Anvil of the Gods","REME_ComplimentaryCards","Blue Doll","Vajra","Bag of Preparation","Odd Mushroom","Replay:Wanted Poster","Blood Vial","Cursed Key","Sundial"],"acts_visited":["Exordium","TheCity","TheBeyond"],"potions_floor_usage":[33,40],"damage_taken":[{"damage":0,"enemies":"Cultist","floor":1,"turns":2},{"damage":0,"enemies":"Jaw Worm","floor":3,"turns":1},{"damage":0,"enemies":"Small Slimes","floor":4,"turns":1},{"damage":0,"enemies":"2 Fungi Beasts","floor":5,"turns":1},{"damage":0,"enemies":"Looter","floor":7,"turns":1},{"damage":0,"enemies":"3 Louse","floor":8,"turns":1},{"damage":0,"enemies":"Large Slime","floor":10,"turns":1},{"damage":0,"enemies":"The Mushroom Lair","floor":11,"turns":1},{"damage":0,"enemies":"Gremlin Gang","floor":12,"turns":1},{"damage":32,"enemies":"Hexaghost","floor":16,"turns":5},{"damage":0,"enemies":"3 Byrds","floor":18,"turns":1},{"damage":0,"enemies":"Shell Parasite","floor":19,"turns":1},{"damage":0,"enemies":"3 Cultists","floor":20,"turns":2},{"damage":0,"enemies":"Sentry and Sphere","floor":21,"turns":2},{"damage":12,"enemies":"Snecko","floor":22,"turns":4},{"damage":0,"enemies":"Snake Plant","floor":30,"turns":2},{"damage":1,"enemies":"Centurion and Healer","floor":31,"turns":2},{"damage":13,"enemies":"Pondfish","floor":33,"turns":9},{"damage":0,"enemies":"3 Darklings","floor":35,"turns":2},{"damage":3,"enemies":"3 Shapes","floor":39,"turns":1},{"damage":0,"enemies":"Jaw Worm Horde","floor":40,"turns":1},{"damage":0,"enemies":"Spire Growth","floor":46,"turns":1},{"damage":3,"enemies":"Sphere and 2 Shapes","floor":47,"turns":1},{"damage":0,"enemies":"3 Darklings","floor":48,"turns":1},{"damage":8,"enemies":"Donu and Deca","floor":50,"turns":4}],"seed_played":"6527610586206442591","potions_obtained":[{"floor":8,"key":"Fire Potion"},{"floor":11,"key":"Reflective Coating"},{"floor":39,"key":"Fruit Juice"}],"is_trial":false,"path_per_floor":["M","T","M","M","M","R","M","M","T","M","?","M","R","$","R","B",null,"M","M","M","M","M","R","?","R","T","R","$","?","M","M","R_BF","B",null,"M","?","?","$","M","M","R","T","T","R","$","M","M","M","R","B",null],"character_chosen":"IRONCLAD","items_purchased":[],"campfire_rested":9,"item_purchase_floors":[],"current_hp_per_floor":[80,80,80,80,80,80,80,80,80,80,80,80,80,80,80,54,80,80,80,80,80,74,80,80,80,80,80,80,80,80,80,80,73,80,80,80,80,80,80,85,85,85,85,85,85,85,85,85,85,83],"gold":887,"neow_bonus":"RANDOM_COMMON_RELIC","is_daily":false,"chose_seed":false,"campfire_upgraded":0,"win_rate":0.0,"timestamp":1612231193,"path_taken":["M","?","M","M","M","R","M","M","T","M","?","M","R","?","R","BOSS","M","M","?","?","M","R","?","R","T","R","$","?","M","M","R_BF","BOSS","M","?","?","$","?","M","R","?","T","R","$","M","M","M","R","BOSS"],"items_purchased_type":[],"build_version":"2020-12-22","purchased_purges":0,"victory":true,"max_hp_per_floor":[80,80,80,80,80,80,80,80,80,80,80,80,80,80,80,80,80,80,80,80,80,80,80,80,80,80,80,80,80,80,80,80,80,80,80,80,80,80,80,85,85,85,85,85,85,85,85,85,85,85],"card_choices":[{"not_picked":["Dropkick","ReplayTheSpireMod:Stacked","Havoc"],"picked":"SKIP","floor":1},{"not_picked":["Body Slam","ReplayTheSpireMod:LeadingStrike","Hemokinesis"],"picked":"SKIP","floor":3},{"not_picked":["Flex","Bloodletting","Dual Wield"],"picked":"SKIP","floor":4},{"not_picked":["Heavy Blade","Uppercut","Headbutt"],"picked":"SKIP","floor":5},{"not_picked":["Warcry","Anger","Run Through"],"picked":"SKIP","floor":7},{"not_picked":["Iron Wave","Sentinel","Pommel Strike"],"picked":"SKIP","floor":8},{"not_picked":["Rampage","Replay:Undeath\u0027s Touch","ReplayReversal"],"picked":"SKIP","floor":10},{"not_picked":["Combust","Shrug It Off","ReplayReversal"],"picked":"SKIP","floor":12},{"not_picked":["Blood for Blood","Dual Wield","Pommel Strike+1"],"picked":"SKIP","floor":18},{"not_picked":["Havoc","ReplayTheSpireMod:LeadingStrike","Rupture+1"],"picked":"SKIP","floor":19},{"not_picked":["Replay:Undeath\u0027s Touch","Havoc","Fire Breathing"],"picked":"SKIP","floor":20},{"not_picked":["Headbutt","Evolve","Anger"],"picked":"SKIP","floor":21},{"not_picked":["Sword Boomerang+1","Replay:Undeath\u0027s Touch","Havoc+1"],"picked":"SKIP","floor":22},{"not_picked":["Havoc+1","Pummel","Run Through"],"picked":"SKIP","floor":30},{"not_picked":["Replay:Undeath\u0027s Touch","REME_ACTH","ReplayTheSpireMod:Stacked+1"],"picked":"SKIP","floor":31},{"not_picked":["Feel No Pain","Anger","Flex"],"picked":"SKIP","floor":35},{"not_picked":["Massacre+1","Flame Barrier","Dropkick"],"picked":"SKIP","floor":39},{"not_picked":["Abandon+1","Iron Wave+1","Searing Blow"],"picked":"SKIP","floor":40},{"not_picked":["Replay:Undeath\u0027s Touch","Cleave","Shrug It Off+1"],"picked":"SKIP","floor":46},{"not_picked":["Corruption","Carnage","Defy Death"],"picked":"SKIP","floor":47},{"not_picked":["Clothesline+1","Headbutt+1","Uppercut"],"picked":"SKIP","floor":48}],"player_experience":27606,"relics_obtained":[{"floor":2,"key":"Vajra"},{"floor":9,"key":"Bag of Preparation"},{"floor":11,"key":"Odd Mushroom"},{"floor":26,"key":"Blood Vial"},{"floor":43,"key":"Sundial"}],"event_choices":[{"damage_healed":0,"gold_gain":0,"player_choice":"Fought Mushrooms","damage_taken":0,"max_hp_gain":0,"max_hp_loss":0,"event_name":"Mushrooms","floor":11,"gold_loss":0},{"damage_healed":0,"gold_gain":0,"player_choice":"Ignored","damage_taken":0,"max_hp_gain":0,"max_hp_loss":0,"event_name":"The Mausoleum","floor":24,"gold_loss":0},{"damage_healed":26,"gold_gain":0,"player_choice":"Heal","damage_taken":0,"max_hp_gain":0,"max_hp_loss":0,"event_name":"The Library","floor":29,"gold_loss":0},{"damage_healed":0,"gold_gain":0,"player_choice":"Ignored","damage_taken":0,"max_hp_gain":0,"max_hp_loss":0,"event_name":"Tomb of Lord Red Mask","floor":36,"gold_loss":0},{"damage_healed":0,"gold_gain":0,"player_choice":"Ignored","damage_taken":0,"max_hp_gain":0,"max_hp_loss":0,"event_name":"Duplicator","floor":37,"gold_loss":0}],"is_beta":false,"boss_relics":[{"not_picked":["SlaversCollar","Pandora\u0027s Box"],"picked":"Replay:Wanted Poster"},{"not_picked":["Electric Blood","SacredBark"],"picked":"Cursed Key"}],"items_purged_floors":[],"is_endless":false,"potions_floor_spawned":[1,4,8,11,12,18,30,33,39,46,47,48],"ascension_level":0}}