{"host":"qbjtml023iza03hb","time":1612293108,"event":{"mods":["AchievementEnabler","BaseMod","Better Sensory Stone","Hermit","Minty Spire (QoL Compilation)","StSLib","The Animator","The Cursed"],"gold_per_floor":[118,118,30,49,68,101,101,136,136,136,136,156,72,97,97,218,218,242,260,260,260,274,315,329,329,355,25,25,65,141,141,141,265,265,278,127,127,143,7,7,7,38,38,62,62,125,125,125,125,125,125,125,24,57,57],"floor_reached":56,"language":"FRA","playtime":5215,"items_purged":["Defend_G"],"score":1345,"play_id":"c0626671-f117-473c-b33a-b7804b3345ec","local_time":"20210202201148","is_ascension_mode":true,"campfire_choices":[{"data":"Masterful Stab","floor":7.0,"key":"SMITH"},{"data":"Panacea","floor":11.0,"key":"SMITH"},{"data":"Footwork","floor":15.0,"key":"SMITH"},{"data":"Terror","floor":28.0,"key":"SMITH"},{"data":"Wraith Form v2","floor":32.0,"key":"SMITH"},{"data":"Tools of the Trade","floor":40.0,"key":"SMITH"},{"data":"Cloak And Dagger","floor":45.0,"key":"SMITH"},{"data":"Caltrops","floor":47.0,"key":"SMITH"},{"floor":49.0,"key":"RECALL"},{"data":"Storm of Steel","floor":52.0,"key":"SMITH"}],"circlet_count":0,"master_deck":["Strike_G+1","Strike_G","Strike_G","Strike_G+1","Defend_G+1","Defend_G","Defend_G","Survivor","Masterful Stab+1","Panacea+1","Flying Knee","Cloak And Dagger+1","Terror+1","Tools of the Trade+1","Footwork+1","Finesse","Caltrops+1","Storm of Steel+1","Cloak And Dagger+1","Cloak And Dagger+1","Acrobatics","PiercingWail","Bandage Up","Crippling Poison+1","Reflex+1","PiercingWail+1","Underhanded Strike","Wraith Form v2+1","Night Terror+1","Deflect+1","Accuracy+1","Venomology+1","Madness+1","Madness+1","Dagger Spray+1","Outmaneuver+1","Calculated Gamble+1","Backflip+1"],"relics":["Ring of the Snake","Ornamental Fan","Bottled Lightning","HornCleat","Golden Idol","SacredBark","Turnip","Toxic Egg 2","Blood Vial","Pear","Philosopher\u0027s Stone","War Paint","Tough Bandages","Blue Candle","CaptainsWheel","Paper Crane","Whetstone"],"acts_visited":["Exordium","TheCity","TheBeyond","TheEnding"],"potions_floor_usage":[55],"damage_taken":[{"damage":0.0,"enemies":"Jaw Worm","floor":1.0,"turns":6.0},{"damage":0.0,"enemies":"Cultist","floor":4.0,"turns":3.0},{"damage":0.0,"enemies":"Small Slimes","floor":5.0,"turns":3.0},{"damage":8.0,"enemies":"Lagavulin","floor":6.0,"turns":5.0},{"damage":0.0,"enemies":"Gremlin Nob","floor":8.0,"turns":3.0},{"damage":0.0,"enemies":"2 Fungi Beasts","floor":12.0,"turns":2.0},{"damage":1.0,"enemies":"3 Louse","floor":14.0,"turns":3.0},{"damage":0.0,"enemies":"Hexaghost","floor":16.0,"turns":8.0},{"damage":0.0,"enemies":"Spheric Guardian","floor":18.0,"turns":6.0},{"damage":1.0,"enemies":"3 Byrds","floor":19.0,"turns":6.0},{"damage":0.0,"enemies":"Centurion and Healer","floor":22.0,"turns":7.0},{"damage":1.0,"enemies":"Slavers","floor":23.0,"turns":5.0},{"damage":2.0,"enemies":"Chosen and Byrds","floor":24.0,"turns":4.0},{"damage":21.0,"enemies":"Book of Stabbing","floor":29.0,"turns":8.0},{"damage":16.0,"enemies":"Collector","floor":33.0,"turns":11.0},{"damage":2.0,"enemies":"3 Darklings","floor":35.0,"turns":9.0},{"damage":0.0,"enemies":"Orb Walker","floor":38.0,"turns":4.0},{"damage":0.0,"enemies":"Giant Head","floor":42.0,"turns":5.0},{"damage":10.0,"enemies":"Writhing Mass","floor":44.0,"turns":5.0},{"damage":0.0,"enemies":"Mind Bloom Boss Battle","floor":46.0,"turns":5.0},{"damage":5.0,"enemies":"Donu and Deca","floor":50.0,"turns":10.0},{"damage":33.0,"enemies":"Shield and Spear","floor":54.0,"turns":7.0},{"damage":80,"enemies":"The Heart","floor":55,"turns":9}],"seed_played":"4880340458762719946","potions_obtained":[{"floor":4.0,"key":"FearPotion"},{"floor":5.0,"key":"DistilledChaos"},{"floor":8.0,"key":"DistilledChaos"},{"floor":12.0,"key":"BlessingOfTheForge"},{"floor":19.0,"key":"LiquidBronze"},{"floor":22.0,"key":"Dexterity Potion"},{"floor":23.0,"key":"Explosive Potion"},{"floor":33.0,"key":"SteroidPotion"},{"floor":38.0,"key":"SteroidPotion"},{"floor":42.0,"key":"SkillPotion"},{"floor":44.0,"key":"Regen Potion"}],"is_trial":false,"path_per_floor":["M","?","$","M","M","E","R","E","T","?","R","M","$","M","R","B",null,"M","M","?","?","M","E","M","$","T","$","R","E","T","?","R","B",null,"M","$","?","M","$","R","?","E","T","M","R","?","R","T","R","B",null,"R","$","E","B",null],"character_chosen":"THE_SILENT","items_purchased":["Panacea","Finesse","Toxic Egg 2","War Paint","Venomology+1","CultistPotion"],"campfire_rested":0,"item_purchase_floors":[3,13,27,36,39,53],"current_hp_per_floor":[70,63,63,63,63,55,55,55,55,38,38,38,38,37,37,37,70,70,69,69,69,70,70,68,68,68,68,68,51,61,45,45,35,80,78,78,78,80,80,80,70,76,76,80,80,80,80,80,80,79,80,80,80,80,4],"gold":57,"neow_bonus":"REMOVE_CARD","is_daily":false,"chose_seed":false,"campfire_upgraded":9,"win_rate":0.0,"timestamp":1612293108,"path_taken":["M","?","$","M","M","E","R","E","T","?","R","M","$","M","R","BOSS","M","M","?","?","M","E","?","$","T","$","R","E","?","?","R","BOSS","M","$","?","M","$","R","?","E","T","M","R","?","R","?","R","BOSS","R","$","E","BOSS"],"items_purchased_type":["Card","Card","Relic","Relic","Card","Potion"],"build_version":"2020-12-22","purchased_purges":1,"victory":true,"max_hp_per_floor":[70,70,70,70,70,70,70,70,70,70,70,70,70,70,70,70,70,70,70,70,70,70,70,70,70,70,70,70,70,80,80,80,80,80,80,80,80,80,80,80,80,80,80,80,80,80,80,80,80,80,80,80,80,80,80],"card_choices":[{"not_picked":["Poisoned Stab","Calculated Gamble"],"picked":"Masterful Stab","floor":1.0},{"not_picked":["All Out Attack","Bane"],"picked":"Flying Knee","floor":4.0},{"not_picked":["Quick Slash","Reflex"],"picked":"Cloak And Dagger","floor":5.0},{"not_picked":["Prepared","Bouncing Flask"],"picked":"Terror","floor":6.0},{"not_picked":["Predator","Dagger Throw"],"picked":"Tools of the Trade","floor":8.0},{"not_picked":["Quick Slash","Slice"],"picked":"Footwork","floor":12.0},{"not_picked":["Endless Agony","Flechettes"],"picked":"Caltrops","floor":14.0},{"not_picked":["Bullet Time","Grand Finale"],"picked":"Storm of Steel","floor":16.0},{"not_picked":["Slice","Deflect"],"picked":"Cloak And Dagger","floor":18.0},{"not_picked":["Setup+1","Quick Slash+1"],"picked":"Cloak And Dagger+1","floor":19.0},{"not_picked":["Backstab+1","Sucker Punch"],"picked":"Crippling Poison+1","floor":22.0},{"not_picked":["Storm of Steel","Concentrate"],"picked":"Reflex+1","floor":23.0},{"not_picked":["Acrobatics","Escape Plan"],"picked":"PiercingWail+1","floor":24.0},{"not_picked":["Choke+1","Poisoned Stab+1"],"picked":"Underhanded Strike","floor":29.0},{"not_picked":["Unload","Envenom"],"picked":"Night Terror+1","floor":33.0},{"not_picked":["Poisoned Stab+1","All Out Attack"],"picked":"Deflect+1","floor":35.0},{"not_picked":["Poisoned Stab","Eviscerate"],"picked":"Accuracy+1","floor":38.0},{"not_picked":["Poisoned Stab+1","Deadly Poison+1"],"picked":"Dagger Spray+1","floor":42.0},{"not_picked":["Dash+1","Escape Plan+1"],"picked":"Outmaneuver+1","floor":44.0},{"not_picked":["Slice","Catalyst+1"],"picked":"Calculated Gamble+1","floor":46.0},{"not_picked":["Dagger Throw+1","Setup+1"],"picked":"Backflip+1","floor":54.0}],"player_experience":537491,"relics_obtained":[{"floor":6.0,"key":"Ornamental Fan"},{"floor":8.0,"key":"Bottled Lightning"},{"floor":9.0,"key":"HornCleat"},{"floor":23.0,"key":"Turnip"},{"floor":29.0,"key":"Blood Vial"},{"floor":30.0,"key":"Pear"},{"floor":42.0,"key":"Tough Bandages"},{"floor":43.0,"key":"Blue Candle"},{"floor":46.0,"key":"CaptainsWheel"},{"floor":48.0,"key":"Paper Crane"},{"floor":54.0,"key":"Whetstone"}],"event_choices":[{"cards_removed":["Strike_G"],"damage_healed":0.0,"max_hp_gain":0.0,"max_hp_loss":0.0,"gold_gain":0.0,"event_name":"Golden Wing","player_choice":"Card Removal","floor":2.0,"gold_loss":0.0,"damage_taken":7.0},{"damage_healed":0.0,"max_hp_gain":0.0,"max_hp_loss":0.0,"gold_gain":0.0,"event_name":"Golden Idol","player_choice":"Take Damage","floor":10.0,"gold_loss":0.0,"damage_taken":17.0,"relics_obtained":["Golden Idol"]},{"damage_healed":0.0,"max_hp_gain":0.0,"max_hp_loss":0.0,"gold_gain":0.0,"event_name":"The Library","player_choice":"Read","floor":20.0,"gold_loss":0.0,"damage_taken":0.0,"cards_obtained":["Acrobatics"]},{"damage_healed":0.0,"max_hp_gain":0.0,"max_hp_loss":0.0,"gold_gain":0.0,"event_name":"Match and Keep!","player_choice":"2 cards matched","floor":21.0,"gold_loss":0.0,"damage_taken":0.0,"cards_obtained":["PiercingWail","Bandage Up"]},{"damage_healed":0.0,"max_hp_gain":0.0,"max_hp_loss":16.0,"gold_gain":2.0,"event_name":"betterStone:BetterStone","player_choice":"2","floor":31.0,"gold_loss":0.0,"damage_taken":0.0},{"cards_removed":["Neutralize"],"damage_healed":0.0,"max_hp_gain":0.0,"max_hp_loss":0.0,"gold_gain":0.0,"event_name":"Falling","player_choice":"Removed Attack","floor":37.0,"gold_loss":0.0,"damage_taken":0.0},{"damage_healed":0.0,"max_hp_gain":0.0,"max_hp_loss":0.0,"gold_gain":0.0,"event_name":"Winding Halls","player_choice":"Embrace Madness","floor":41.0,"gold_loss":0.0,"damage_taken":10.0,"cards_obtained":["Madness","Madness"]},{"damage_healed":0.0,"max_hp_gain":0.0,"max_hp_loss":0.0,"gold_gain":0.0,"event_name":"MindBloom","player_choice":"Fight","floor":46.0,"gold_loss":0.0,"damage_taken":0.0}],"is_beta":false,"boss_relics":[{"not_picked":["Busted Crown","Coffee Dripper"],"picked":"SacredBark"},{"not_picked":["Astrolabe","Sozu"],"picked":"Philosopher\u0027s Stone"}],"items_purged_floors":[27],"is_endless":false,"potions_floor_spawned":[4,5,8,12,19,22,23,33,38,42,44,46],"ascension_level":1}}