{"host":"yans4pr1zf0lm9bx","time":1612277452,"event":{"mods":["AchievementEnabler","BaseMod","Downfall","Minty Spire (QoL Compilation)","StSLib","SuperFastMode","slay the spire mod where everything is the same but ironclad has a cowboy hat"],"gold_per_floor":[99,117,30,30,42,42,116,150,150,165,165,180,194,221,231,332,332,232,248,248,258,333,37,37,37,22,41,41,68,68,87,99,204,204,104,121,171,185,185,205,229,262,272,272,41,94,94,106,122,122],"floor_reached":51,"language":"ENG","playtime":6070,"items_purged":["bronze:Strike","bronze:Strike"],"score":794,"play_id":"c9e3144d-cf08-4df2-a9ae-cdb209cc3ecb","local_time":"20210202095052","is_ascension_mode":false,"campfire_choices":[{"data":"bronze:Goto","floor":1,"key":"SMITH"},{"data":"bronze:ClassDefault","floor":11,"key":"SMITH"},{"data":"bronze:Optimize","floor":18,"key":"SMITH"},{"data":"expansioncontent:StudyTheSpire","floor":28,"key":"SMITH"},{"data":"bronze:BuggyMess","floor":30,"key":"SMITH"},{"data":"bronze:Virus","floor":35,"key":"SMITH"},{"data":"bronze:HardenedForm","floor":47,"key":"SMITH"}],"circlet_count":0,"master_deck":["bronze:Defend+1","bronze:Defend","bronze:Defend+1","bronze:Defend","bronze:Replicate","bronze:Goto+1","bronze:FollowUp","bronze:OilSpill","bronze:ClassDefault+1","bronze:Flail","downfall:Bewildered","bronze:WhirlingStrike+1","downfall:Malfunctioning","bronze:Repair","bronze:Optimize+1","bronze:FineTuning","bronze:Boost","bronze:OilSpill","bronze:FindAndReplace","bronze:OilSpill","bronze:BugBarrage+1","bronze:FindAndReplace","bronze:BuggyMess+1","expansioncontent:StudyTheSpire+1","Strike_G","bronze:Frontload+1","bronze:Iterate","bronze:FineTuning+1","bronze:Repulsor+1","bronze:Virus+1","bronze:BuggyMess+1","bronze:BronzeOrb+1","bronze:OilSpill+1","Injury","bronze:Deprecate","expansioncontent:StudyTheSpire+1","bronze:ClassDefault","bronze:ChildClass","bronze:Turbo","bronze:HardenedForm+1","bronze:DelayedSlice","bronze:BuggyMess","bronze:BitShift","bronze:FineTuning+1"],"relics":["Cursed Key","Strawberry","Gremlin Horn","Juzu Bracelet","Odd Mushroom","Coffee Dripper","downfall:HeartBlessingGreen","Blood Vial","Black Star","downfall:HeartBlessingBlue","Mango","Centennial Puzzle","Calipers"],"acts_visited":["Exordium","TheCity","TheBeyond"],"potions_floor_usage":[14,16,16,21,29,36,43,46,48],"damage_taken":[{"damage":1,"enemies":"Cultist","floor":2,"turns":3},{"damage":0,"enemies":"downfall:FleeingMerchant","floor":3,"turns":4},{"damage":6,"enemies":"Jaw Worm","floor":5,"turns":2},{"damage":20,"enemies":"3 Sentries","floor":8,"turns":6},{"damage":0,"enemies":"Small Slimes","floor":10,"turns":3},{"damage":2,"enemies":"3 Louse","floor":12,"turns":5},{"damage":0,"enemies":"Blue Slaver","floor":13,"turns":3},{"damage":13,"enemies":"The Mushroom Lair","floor":14,"turns":3},{"damage":5,"enemies":"Exordium Wildlife","floor":15,"turns":2},{"damage":29,"enemies":"DF_ARCHETYPE_STREAMLINE","floor":16,"turns":8},{"damage":3,"enemies":"3 Byrds","floor":19,"turns":4},{"damage":15,"enemies":"Snake Plant","floor":21,"turns":5},{"damage":0,"enemies":"downfall:FleeingMerchant","floor":23,"turns":4},{"damage":2,"enemies":"downfall:FleeingMerchant","floor":26,"turns":4},{"damage":0,"enemies":"Sentry and Sphere","floor":27,"turns":4},{"damage":9,"enemies":"Slavers","floor":29,"turns":5},{"damage":14,"enemies":"Snecko","floor":31,"turns":5},{"damage":3,"enemies":"3 Cultists","floor":32,"turns":4},{"damage":18,"enemies":"WA_ARCHETYPE_CALM","floor":33,"turns":7},{"damage":19,"enemies":"3 Darklings","floor":36,"turns":5},{"damage":5,"enemies":"3 Darklings","floor":37,"turns":5},{"damage":7,"enemies":"3 Shapes","floor":38,"turns":4},{"damage":6,"enemies":"Spire Growth","floor":40,"turns":4},{"damage":7,"enemies":"downfall:FleeingMerchant","floor":42,"turns":4},{"damage":0,"enemies":"Jaw Worm Horde","floor":43,"turns":4},{"damage":10,"enemies":"2 Orb Walkers","floor":46,"turns":3},{"damage":10,"enemies":"Writhing Mass","floor":48,"turns":5},{"damage":17,"enemies":"4 Shapes","floor":49,"turns":4},{"damage":73,"enemies":"SI_POISON_ARCHETYPE","floor":50,"turns":8}],"seed_played":"8627236188654619850","potions_obtained":[{"floor":2,"key":"Weak Potion"},{"floor":5,"key":"ColorlessPotion"},{"floor":13,"key":"Explosive Potion"},{"floor":14,"key":"Guardian:BlockOnCardUsePotion"},{"floor":19,"key":"ColorlessPotion"},{"floor":20,"key":"CultistPotion"},{"floor":22,"key":"downfall:CursedFountainPotion"},{"floor":31,"key":"bronze:BuildAFunctionPotion"},{"floor":32,"key":"bronze:BuildAFunctionPotion"},{"floor":33,"key":"Slimebound:ThreeZeroPotion"},{"floor":36,"key":"LiquidBronze"},{"floor":38,"key":"BlessingOfTheForge"},{"floor":40,"key":"DistilledChaos"},{"floor":49,"key":"Dexterity Potion"}],"is_trial":false,"path_per_floor":["R","M","$","?","M","?","T","E","?","M","R","M","M","?","M","B",null,"R","M","?","M","?","$","T","?","$","M","R","E","R","M","M","B",null,"R","M","?","M","?","M","T","$","M","?","$","?","R","M","M","B",null],"character_chosen":"THE_AUTOMATON","items_purchased":["bronze:ClassDefault","bronze:BuggyMess","expansioncontent:StudyTheSpire","expansioncontent:StudyTheSpire+1","bronze:ClassDefault","bronze:HardenedForm","bronze:DelayedSlice","bronze:BuggyMess","bronze:BitShift"],"campfire_rested":0,"item_purchase_floors":[3,23,23,42,42,45,45,45,45],"current_hp_per_floor":[70,69,69,69,63,63,63,43,43,43,43,48,48,35,30,1,77,77,74,74,69,69,77,77,77,75,77,77,68,68,63,69,59,77,87,68,89,84,84,80,80,82,91,91,91,91,91,83,75,14],"gold":122,"neow_bonus":"BOSS_RELIC","is_daily":false,"chose_seed":false,"campfire_upgraded":7,"win_rate":0.0,"timestamp":1612277452,"path_taken":["R","M","?","?","M","?","T","E","?","M","R","M","M","?","M","BOSS","R","M","?","M","?","$","T","?","?","M","R","E","R","M","M","BOSS","R","M","?","M","?","M","T","?","M","?","$","?","R","M","M","BOSS"],"items_purchased_type":["Card","Card","Card","Card","Card","Card","Card","Card","Card"],"build_version":"2020-12-22","purchased_purges":2,"victory":true,"max_hp_per_floor":[70,70,70,77,77,77,77,77,77,77,77,77,77,77,77,77,77,77,77,77,77,77,77,77,77,77,77,77,77,77,77,77,77,77,87,87,101,101,101,101,101,101,101,101,101,101,101,101,101,101],"card_choices":[{"not_picked":["bronze:DelayedGuard","bronze:WhirlingStrike"],"picked":"bronze:FollowUp","floor":2},{"not_picked":["bronze:BronzeArmor","bronze:Branch"],"picked":"bronze:OilSpill","floor":3},{"not_picked":["bronze:Shell","bronze:Repulsor","bronze:NullPointer"],"picked":"SKIP","floor":5},{"not_picked":["bronze:ShipIt","bronze:Overheat"],"picked":"bronze:WhirlingStrike","floor":8},{"not_picked":["bronze:Flail","bronze:BuggyMess"],"picked":"bronze:Repair","floor":10},{"not_picked":["bronze:Turbo","bronze:WildBeam"],"picked":"bronze:Optimize","floor":12},{"not_picked":["bronze:MaxOutput","bronze:ForLoop"],"picked":"bronze:FineTuning","floor":13},{"not_picked":["bronze:Invalidate","bronze:DelayedGuard"],"picked":"bronze:Boost","floor":14},{"not_picked":["bronze:FineTuning","bronze:WhirlingStrike"],"picked":"bronze:OilSpill","floor":15},{"not_picked":["bronze:RecursiveStrike","bronze:SpaghettiCode"],"picked":"bronze:FindAndReplace","floor":16},{"not_picked":["bronze:DigitalCarnage","bronze:CloningBeam"],"picked":"bronze:OilSpill","floor":19},{"not_picked":["bronze:BuggyMess","bronze:Turbo"],"picked":"bronze:BugBarrage+1","floor":21},{"not_picked":["bronze:NullPointer","bronze:Turbo"],"picked":"bronze:FindAndReplace","floor":23},{"not_picked":["bronze:Deprecate","bronze:MaxOutput"],"picked":"bronze:Frontload+1","floor":26},{"not_picked":["bronze:Repulsor","bronze:Invalidate+1"],"picked":"bronze:Iterate","floor":27},{"not_picked":["bronze:WhirlingStrike","bronze:ThunderWave"],"picked":"bronze:FineTuning+1","floor":29},{"not_picked":["bronze:BitShift","bronze:ChosenStrike"],"picked":"bronze:Repulsor+1","floor":31},{"not_picked":["bronze:Branch","bronze:BitShift","bronze:Safeguard"],"picked":"SKIP","floor":32},{"not_picked":["bronze:SpaghettiCode","bronze:Assembly"],"picked":"bronze:Virus","floor":33},{"not_picked":["bronze:DelayedGuard","bronze:Backtrace+1"],"picked":"bronze:BuggyMess+1","floor":36},{"not_picked":["bronze:FineTuning","bronze:BitShift+1"],"picked":"bronze:BronzeOrb+1","floor":37},{"not_picked":["bronze:NullPointer+1","bronze:DelayedGuard+1"],"picked":"bronze:OilSpill+1","floor":38},{"not_picked":["bronze:Branch","bronze:Iterate","bronze:WhirlingStrike"],"picked":"SKIP","floor":40},{"not_picked":["bronze:Return","bronze:BitShift+1"],"picked":"bronze:Deprecate","floor":42},{"not_picked":["bronze:BugBarrage+1","bronze:WhirlingStrike"],"picked":"bronze:ChildClass","floor":43},{"not_picked":["bronze:HyperBeam","bronze:Philosophize+1"],"picked":"bronze:FineTuning+1","floor":48},{"not_picked":["bronze:Overload+1","bronze:NullPointer","bronze:Invalidate"],"picked":"SKIP","floor":49}],"player_experience":304854,"relics_obtained":[{"floor":7,"key":"Gremlin Horn"},{"floor":8,"key":"Juzu Bracelet"},{"floor":14,"key":"Odd Mushroom"},{"floor":29,"key":"Blood Vial"},{"floor":37,"key":"Mango"},{"floor":41,"key":"Centennial Puzzle"},{"floor":46,"key":"Calipers"}],"event_choices":[{"damage_healed":0,"gold_gain":0,"player_choice":"Success","damage_taken":7,"relics_obtained":["Strawberry"],"max_hp_gain":0,"max_hp_loss":0,"event_name":"Scrap Ooze","floor":4,"gold_loss":0},{"damage_healed":0,"gold_gain":0,"player_choice":"Fought Mushrooms","damage_taken":0,"max_hp_gain":0,"max_hp_loss":0,"event_name":"Mushrooms","floor":14,"gold_loss":0},{"cards_removed":["Regret"],"damage_healed":0,"gold_gain":0,"player_choice":"Took Card","damage_taken":0,"max_hp_gain":0,"max_hp_loss":0,"event_name":"NoteForYourself","floor":25,"gold_loss":0,"cards_obtained":["Strike_G"]},{"damage_healed":0,"gold_gain":0,"player_choice":"Fight","damage_taken":0,"max_hp_gain":0,"max_hp_loss":0,"event_name":"Mysterious Sphere","floor":46,"gold_loss":0}],"is_beta":false,"boss_relics":[{"not_picked":["Pandora\u0027s Box","Snecko Eye"],"picked":"Coffee Dripper"},{"not_picked":["Tiny House","Astrolabe"],"picked":"Black Star"}],"items_purged_floors":[23,42],"is_endless":false,"potions_floor_spawned":[2,5,13,14,15,19,31,32,33,36,38,40,49],"ascension_level":0}}