{"host":"6rz02yiipefhcw4r","time":1612229291,"event":{"mods":["2.2 Compatiblity","Arknights","BaseMod","Better Match","Better Third Choice","Better Vampires","BetterRewards","Block Reminder","Colored Map","Curses Come First","DeckTracker","Googly Eyes","Hubris","Minty Spire (QoL Compilation)","Quick Restart","Rare Cards Sparkle","Reliquary","Shade Mod","Spicy Shops","StSLib","The Bladedancer","The Cursed","The Marked","The Necromancer","The Runesmith"],"gold_per_floor":[116,191,191,191,191,217,32,45,45,70,70,84,118,136,136,210,210,227,245,245,256,290,290,290,290],"floor_reached":24,"language":"ENG","playtime":907,"items_purged":["Strike_R"],"score":478,"play_id":"bafef9a5-88a4-4c6d-8ccc-3310d4cbe8aa","local_time":"20210201232811","is_ascension_mode":true,"campfire_choices":[{"data":"Cleave","floor":11,"key":"SMITH"},{"data":"Perfected Strike","floor":15,"key":"SMITH"},{"floor":23,"key":"REST"}],"circlet_count":0,"master_deck":["AscendersBane","Strike_R","Strike_R","Strike_R","Strike_R","Defend_R","Defend_R","Defend_R","Defend_R","Bash","Iron Wave","Cleave+1","Offering","Shrug It Off+1","Twin Strike","Perfected Strike+1","Shrug It Off+1","Demon Form+1","Shrug It Off+1","Disarm+1","Impervious+1","Twin Strike"],"relics":["Burning Blood","NeowsBlessing","reliquary:SilkGlove","hubris:Towel","reliquary:WeakTea","Ice Cream","Toxic Egg 2","Eternal Feather","SacredBark","Red Mask"],"acts_visited":["Exordium","TheCity"],"potions_floor_usage":[16,18,22],"damage_taken":[{"damage":0,"enemies":"2 Louse","floor":1,"turns":1},{"damage":0,"enemies":"3 Sentries","floor":6,"turns":2},{"damage":0,"enemies":"Small Slimes","floor":8,"turns":2},{"damage":26,"enemies":"Lagavulin","floor":10,"turns":7},{"damage":1,"enemies":"Jaw Worm","floor":12,"turns":3},{"damage":11,"enemies":"3 Sentries","floor":13,"turns":9},{"damage":6,"enemies":"Blue Slaver","floor":14,"turns":2},{"damage":55,"enemies":"The Guardian","floor":16,"turns":14},{"damage":19,"enemies":"Chosen","floor":18,"turns":4},{"damage":27,"enemies":"2 Thieves","floor":19,"turns":4},{"damage":27,"enemies":"Snake Plant","floor":21,"turns":5},{"damage":1,"enemies":"Masked Bandits","floor":22,"turns":5},{"damage":59,"enemies":"Slavers","floor":24,"turns":4}],"seed_played":"143150890080145752","potions_obtained":[{"floor":8,"key":"ElixirPotion"},{"floor":12,"key":"SkillPotion"},{"floor":16,"key":"ColorlessPotion"},{"floor":21,"key":"DistilledChaos"}],"is_trial":false,"path_per_floor":["M","?","?","?","?","E","$","M","T","E","R","M","E","M","R","B",null,"M","M","?","M","?","R","E"],"character_chosen":"IRONCLAD","items_purchased":["Cleave"],"campfire_rested":1,"item_purchase_floors":[7],"current_hp_per_floor":[74,63,58,58,63,69,69,75,75,55,55,60,55,55,64,15,64,51,30,30,9,14,50,0,0],"gold":290,"neow_bonus":"THREE_ENEMY_KILL","is_daily":false,"chose_seed":false,"campfire_upgraded":2,"win_rate":0.0,"timestamp":1612229291,"path_taken":["M","?","?","?","?","E","$","M","T","E","R","M","E","M","R","BOSS","M","M","?","M","?","R","E"],"items_purchased_type":["Card"],"build_version":"2020-12-22","purchased_purges":1,"victory":false,"max_hp_per_floor":[75,75,75,75,80,80,80,80,80,80,80,80,80,80,80,80,80,80,80,80,80,80,80,80,80],"card_choices":[{"not_picked":["Warcry","Perfected Strike"],"picked":"Iron Wave","floor":1},{"not_picked":["Second Wind","Double Tap","Heavy Blade"],"picked":"SKIP","floor":6},{"not_picked":["Pommel Strike","Havoc"],"picked":"Offering","floor":8},{"not_picked":["Headbutt","Burning Pact+1"],"picked":"Shrug It Off+1","floor":10},{"not_picked":["Flex+1","Armaments+1"],"picked":"Twin Strike","floor":12},{"not_picked":["Anger","Armaments+1"],"picked":"Perfected Strike","floor":13},{"not_picked":["Feel No Pain","Clothesline"],"picked":"Shrug It Off+1","floor":14},{"not_picked":["Brutality","hubris:StunningStrike"],"picked":"Demon Form","floor":16},{"not_picked":["Flex+1","Hemokinesis"],"picked":"Shrug It Off+1","floor":18},{"not_picked":["Perfected Strike","Body Slam"],"picked":"Disarm+1","floor":19},{"not_picked":["Metallicize","Fire Breathing"],"picked":"Impervious+1","floor":21},{"not_picked":["Anger","Cleave"],"picked":"Twin Strike","floor":22}],"player_experience":792761,"relics_obtained":[{"floor":6,"key":"reliquary:WeakTea"},{"floor":9,"key":"Ice Cream"},{"floor":10,"key":"Toxic Egg 2"},{"floor":13,"key":"Eternal Feather"},{"floor":22,"key":"Red Mask"}],"event_choices":[{"damage_healed":0,"gold_gain":75,"player_choice":"Gold","damage_taken":11,"max_hp_gain":0,"max_hp_loss":0,"event_name":"betterThird:BetterGoop","floor":2,"gold_loss":0},{"damage_healed":0,"gold_gain":0,"player_choice":"Relic ","damage_taken":5,"max_hp_gain":0,"max_hp_loss":0,"event_name":"betterThird:BetterScrap","floor":3,"gold_loss":0,"cards_obtained":["ForeignInfluence"]},{"damage_healed":0,"gold_gain":0,"player_choice":"Donut","damage_taken":0,"max_hp_gain":5,"max_hp_loss":0,"event_name":"Big Fish","floor":5,"gold_loss":0},{"damage_healed":0,"gold_gain":0,"player_choice":"Fought Bandits","damage_taken":0,"max_hp_gain":0,"max_hp_loss":0,"event_name":"Masked Bandits","floor":22,"gold_loss":0}],"is_beta":false,"boss_relics":[{"not_picked":["Busted Crown","hubris:BlackHole"],"picked":"SacredBark"}],"items_purged_floors":[7],"is_endless":false,"potions_floor_spawned":[8,12,16,21],"killed_by":"Slavers","ascension_level":20}}