{"host":"dhbelfuuk89i1oub","time":1612240811,"event":{"mods":["AchievementEnabler","Act Like it!","Aspiration","BaseMod","Better Match","Better Third Choice","BetterRewards","Colored Map","Colored Powertips","Conspire","Energized Spire","Friendly Minions","GifTheSpireLib","Hallownest","Hermit","Infinite Spire","Jedi Mod","Minty Spire (QoL Compilation)","Relic Filter","Relic Sorter","Reliquary","Replay The Spire","Spikes Relics","Spire Arcade","StSLib","Stuff the Spire","The Animator","The Cursed","The Dragon Tamer","The Judge","The Senshi","The Witch"],"gold_per_floor":[116,41,41,41,61,61,91,91,91,106,119,119,134,160,160,160,160],"floor_reached":16,"language":"ENG","playtime":1410,"items_purged":[],"score":167,"play_id":"f7855978-62ce-4cfb-9571-4a9bdec97f82","local_time":"20210202124011","is_ascension_mode":true,"campfire_choices":[{"data":"hermit:Virtue","floor":6,"key":"SMITH"},{"data":"hermit:Glare","floor":8,"key":"SMITH"},{"floor":12,"key":"REST"},{"data":"hermit:Dive","floor":15,"key":"SMITH"}],"circlet_count":0,"master_deck":["hermit:Strike_Hermit","hermit:Strike_Hermit","hermit:Strike_Hermit","hermit:Strike_Hermit","hermit:Defend_Hermit","hermit:Defend_Hermit","hermit:Defend_Hermit","hermit:Defend_Hermit","hermit:Snapshot","hermit:Covet","hermit:ShadowCloak+1","hermit:Virtue+1","hermit:Brawl","Hallownest:skillGreenpathMap","hermit:Glare+1","hermit:Dive+1","hermit:Vantage","hermit:Deadeye","hermit:Determination"],"relics":["hermit:Momento","Torii","Bronze Scales","Hallownest:DreamNailRelic","reliquary:IridiumChain","Pet Ghost","SuspiciousGoo"],"acts_visited":["Hallownest:Greenpath"],"potions_floor_usage":[16],"damage_taken":[{"damage":3,"enemies":"Hallownest:2_MossCreeps","floor":1,"turns":6},{"damage":1,"enemies":"Hallownest:2_Tiktiks_and_1_Crawlid","floor":5,"turns":4},{"damage":10,"enemies":"Hallownest:eliteMossKnight","floor":7,"turns":9},{"damage":2,"enemies":"2_ Uuma","floor":10,"turns":4},{"damage":4,"enemies":"Hallownest:2_Tiktiks_1_Baldur_1_Crawlid","floor":11,"turns":6},{"damage":1,"enemies":"Hallownest:monsterMossCharger","floor":13,"turns":3},{"damage":9,"enemies":"Hallownest:eliteVengeflyKing","floor":14,"turns":6},{"damage":41,"enemies":"Hallownest:BossHornet","floor":16,"turns":8}],"seed_played":"2661138609278857262","potions_obtained":[{"floor":1,"key":"Block Potion"},{"floor":5,"key":"Energy Potion"},{"floor":14,"key":"ColorlessPotion"}],"is_trial":false,"path_per_floor":["M","?","$","?","M","R","E","R","T","M","M","R","M","E","R","B"],"character_chosen":"HERMIT","items_purchased":["hermit:ShadowCloak+1","Bronze Scales","jedi:StrikingPotion"],"campfire_rested":1,"item_purchase_floors":[0,0,0],"current_hp_per_floor":[44,44,44,44,43,43,33,33,33,31,27,48,47,38,38,0,0],"gold":160,"neow_bonus":"","is_daily":false,"chose_seed":false,"campfire_upgraded":3,"win_rate":0.0,"timestamp":1612240811,"path_taken":["M","?","$","?","M","R","E","R","T","?","M","R","?","E","R","BOSS"],"items_purchased_type":["Card","Relic","Potion"],"build_version":"2020-12-22","purchased_purges":0,"victory":false,"max_hp_per_floor":[70,70,70,70,70,70,70,70,70,70,70,70,70,70,70,70,70],"card_choices":[{"not_picked":["hermit:FullyLoaded","hermit:Ricochet","hermit:LowProfile"],"picked":"SKIP","floor":1},{"not_picked":["hermit:Cheat","hermit:Feint","hermit:FullyLoaded"],"picked":"SKIP","floor":5},{"not_picked":["hermit:Headshot","hermit:Roulette"],"picked":"hermit:Glare","floor":7},{"not_picked":["hermit:BlackWind","hermit:Roulette"],"picked":"hermit:Dive","floor":10},{"not_picked":["hermit:HighCaliber","hermit:WideOpen"],"picked":"hermit:Vantage","floor":11},{"not_picked":["hermit:SprayPray","hermit:HoleUp"],"picked":"hermit:Deadeye","floor":13},{"not_picked":["hermit:WideOpen","hermit:BodyArmor"],"picked":"hermit:Determination","floor":14}],"player_experience":1055268,"relics_obtained":[{"floor":7,"key":"reliquary:IridiumChain"},{"floor":9,"key":"Pet Ghost"},{"floor":14,"key":"SuspiciousGoo"}],"event_choices":[],"is_beta":false,"boss_relics":[],"items_purged_floors":[],"is_endless":false,"potions_floor_spawned":[1,5,7,14],"killed_by":"Hallownest:BossHornet","ascension_level":1}}