{"host":"dn2xyj3kd3d9cfyb","time":1612273706,"event":{"mods":["BaseMod","Colored Powertips","Downfall","Hubris","Marisa£®ÏF”Í°°ƒß¿Ì…≥£©","Minty Spire (QoL Compilation)","Remilia£®¿Ÿ√◊¿Ú—«£©","Replay The Spire","Shop Mod","StSLib","The Animator","The Construct","The Cursed","The Mystic","Youmu£®ªÍ∆«—˝√Œ£©","Yuri Mod","Yuyuko"],"gold_per_floor":[99,99,99,99,99,99,99,127,127,138,152,179,79,105,121,222,222,22,34,50,50,35,35,35,65,75,100,118,150,132,184,219,335,335,335,364,394,55,55,132,132,285,285,523,803,803,853,928,1101,1173,1173,1361,1361,1361,1525,1700,1700],"floor_reached":56,"language":"ZHS","playtime":4200,"items_purged":["Defend_MRS","Defend_MRS"],"score":1298,"play_id":"1db0dca6-65de-487c-8764-f2e7b5eaf41b","local_time":"20210202214826","is_ascension_mode":true,"campfire_choices":[{"data":"UpSweep","floor":1,"key":"SMITH"},{"floor":9,"key":"RECALL"},{"data":"OortCloud","floor":13,"key":"SMITH"},{"data":"Pot Of Greed","floor":35,"key":"SMITH"},{"data":"Pot Of Greed","floor":46,"key":"SMITH"},{"data":"Pot Of Greed","floor":54,"key":"SMITH"}],"circlet_count":0,"master_deck":["Strike_MRS","Strike_MRS","Strike_MRS","Defend_MRS","Defend_MRS","MasterSpark","UpSweep+1","LuminesStrike+1","GrandCross","Parasite","Parasite","OortCloud+1","ShootTheMoon","PropBag","UltimateShortwave","SprinkleStarSeal+1","Singularity+1","PropBag","AlicesGift","WitchOfGreed","SuperPerseids","Pot Of Greed+1","Pot Of Greed+1","UltimateShortwave","Robbery+1","Pot Of Greed+1","Flash of Steel","MysteriousBeam+1","Pot Of Greed+1","Acceleration","hubris:Despair","GasGiant+1","PulseMagic","Languid","Writhe","ReplayTheSpireMod:Splinters","BinaryStars","hubris:Sloth","Pot Of Greed","animator:Curse_Nutcracker"],"relics":["MiniHakkero","downfall:HeartsMalice","hubris:Towel","Boot","ShroomBag","downfall:HeartBlessingRed","Incense Burner","Philosopher\u0027s Stone","downfall:HeartBlessingBlue","downfall:HeartBlessingGreen","ReplayTheSpireMod:Ninjato","Juzu Bracelet","Pet Ghost","InkBottle","BargainBundle","Medical Kit","Grinning Jar","hubris:Stopwatch","Replay:Rubber Ducky","Replay:Bandana","Snack Pack","Ring of Hypnosis","Ring of Greed","Replay:Wax Seal","Tiny Chest","Replay:Baseball","Kunai","Shuriken","Sundial"],"acts_visited":["Exordium","TheCity","TheBeyond","TheEnding"],"potions_floor_usage":[16,16,27,27,37,37,44,48,48,50,50,50,50,50,50,55,55],"damage_taken":[{"damage":0,"enemies":"Jaw Worm","floor":2,"turns":1},{"damage":0,"enemies":"2 Louse","floor":3,"turns":1},{"damage":0,"enemies":"Gremlin Nob","floor":8,"turns":1},{"damage":2,"enemies":"Small Slimes","floor":10,"turns":2},{"damage":3,"enemies":"3 Louse","floor":11,"turns":2},{"damage":14,"enemies":"The Mushroom Lair","floor":12,"turns":3},{"damage":16,"enemies":"Lagavulin","floor":14,"turns":5},{"damage":8,"enemies":"Exordium Wildlife","floor":15,"turns":4},{"damage":1,"enemies":"IC_STATUS_ARCHETYPE","floor":16,"turns":12},{"damage":0,"enemies":"Shell Parasite","floor":19,"turns":3},{"damage":0,"enemies":"3 Cultists","floor":20,"turns":4},{"damage":0,"enemies":"downfall:FleeingMerchant","floor":22,"turns":4},{"damage":22,"enemies":"Book of Stabbing","floor":25,"turns":4},{"damage":0,"enemies":"Sentry and Sphere","floor":26,"turns":3},{"damage":0,"enemies":"Gremlin Leader","floor":27,"turns":4},{"damage":0,"enemies":"Chosen and Byrds","floor":28,"turns":5},{"damage":27,"enemies":"Replay:Snechameleon","floor":29,"turns":4},{"damage":12,"enemies":"downfall:FleeingMerchant","floor":30,"turns":4},{"damage":0,"enemies":"downfall:FleeingMerchant","floor":31,"turns":2},{"damage":0,"enemies":"Cultist and Chosen","floor":32,"turns":3},{"damage":0,"enemies":"WA_ARCHETYPE_CALM","floor":33,"turns":4},{"damage":22,"enemies":"3 Shapes","floor":36,"turns":3},{"damage":45,"enemies":"3 Darklings","floor":37,"turns":3},{"damage":6,"enemies":"Spire Growth","floor":40,"turns":3},{"damage":9,"enemies":"Sphere and 2 Shapes","floor":42,"turns":3},{"damage":0,"enemies":"Giant Head","floor":44,"turns":4},{"damage":1,"enemies":"Transient","floor":45,"turns":4},{"damage":0,"enemies":"Nemesis","floor":48,"turns":1},{"damage":4,"enemies":"3 Darklings","floor":49,"turns":3},{"damage":41,"enemies":"SI_POISON_ARCHETYPE","floor":50,"turns":4},{"damage":2,"enemies":"downfall:CharBossMerchant","floor":52,"turns":5},{"damage":17,"enemies":"downfall:NeowBoss","floor":55,"turns":8},{"damage":137,"enemies":"downfall:NeowBossFinal","floor":56,"turns":5}],"seed_played":"6184224334322479782","potions_obtained":[{"floor":8,"key":"PowerPotion"},{"floor":12,"key":"DuplicationPotion"},{"floor":16,"key":"SteroidPotion"},{"floor":19,"key":"bronze:BurnAndBuffPotion"},{"floor":25,"key":"Fire Potion"},{"floor":28,"key":"Weak Potion"},{"floor":31,"key":"DuplicationPotion"},{"floor":37,"key":"Weak Potion"},{"floor":37,"key":"FearPotion"},{"floor":42,"key":"Energy Potion"},{"floor":42,"key":"PowerPotion"},{"floor":44,"key":"EntropicBrew"},{"floor":48,"key":"SpeedPotion"},{"floor":49,"key":"Reflective Coating"},{"floor":52,"key":"ColorlessPotion"},{"floor":52,"key":"Slimebound:ThreeZeroPotion"}],"is_trial":false,"path_per_floor":["R","M","M","?","?","?","T","E","R","M","M","?","R","E","M","B",null,"R","M","M","?","$","?","T","E","M","E","M","E","$","$","M","B",null,"R","M","M","$","?","M","T","M","?","E","M","R","?","E","M","B",null,"E","$","R","B","B"],"character_chosen":"MARISA","items_purchased":["BargainBundle","PowerPotion","WitchOfGreed","Medical Kit","Grinning Jar","Replay:Rubber Ducky","Flash of Steel"],"campfire_rested":0,"item_purchase_floors":[30,30,30,31,31,38,38],"current_hp_per_floor":[75,75,75,75,75,75,75,75,75,73,70,56,56,44,40,43,75,85,85,85,85,85,85,85,65,69,73,77,54,46,46,50,54,85,85,65,36,36,36,34,34,29,29,33,64,64,64,72,78,52,85,85,85,85,82,0,0],"gold":1700,"neow_bonus":"THREE_ENEMY_KILL","is_daily":false,"chose_seed":false,"campfire_upgraded":5,"win_rate":0.0,"timestamp":1612273706,"path_taken":["R","M","M","?","?","?","T","E","R","?","M","?","R","E","M","BOSS","R","M","M","?","$","?","T","E","M","E","M","E","?","$","M","BOSS","R","M","M","$","?","M","T","M","?","E","M","R","?","E","M","BOSS","E","$","R","BOSS","BOSS"],"items_purchased_type":["Relic","Potion","Card","Relic","Relic","Relic","Card"],"build_version":"2020-12-22","purchased_purges":2,"victory":false,"max_hp_per_floor":[75,75,75,75,75,75,75,75,75,75,75,75,75,75,75,75,75,85,85,85,85,85,85,85,85,85,85,85,85,85,85,85,85,85,85,85,85,85,85,85,85,85,85,85,85,85,85,85,85,85,85,85,85,85,85,85,85],"card_choices":[{"not_picked":["DC","ChargingUp","DarkMatter"],"picked":"SKIP","floor":2},{"not_picked":["ChargingUp","Acceleration"],"picked":"LuminesStrike","floor":3},{"not_picked":["GalacticHalo","AsteroidBelt"],"picked":"GrandCross","floor":8},{"not_picked":["MysteriousBeam","UnstableBomb","IllusionStar"],"picked":"SKIP","floor":10},{"not_picked":["WitchOfGreed","DragonMeteor","DoubleSpark"],"picked":"SKIP","floor":11},{"not_picked":["LuminesStrike","6A"],"picked":"OortCloud","floor":12},{"not_picked":["GravityBeat","ShootingEcho"],"picked":"ShootTheMoon","floor":14},{"not_picked":["LuminesStrike","AsteroidBelt"],"picked":"PropBag","floor":15},{"not_picked":["EscapeVelocity","ManaRampage"],"picked":"UltimateShortwave","floor":16},{"not_picked":["DC","MeteoricShower"],"picked":"SprinkleStarSeal+1","floor":19},{"not_picked":["MagicAbsorber","GasGiant"],"picked":"Singularity+1","floor":20},{"not_picked":["UnstableBomb+1","SporeBomb","MilkyWay+1"],"picked":"SKIP","floor":22},{"not_picked":["DC","GasGiant","AsteroidBelt+1"],"picked":"SKIP","floor":25},{"not_picked":["DoubleSpark","MachineGunSpark","UnstableBomb"],"picked":"SKIP","floor":26},{"not_picked":["ChargingUp+1","DC"],"picked":"PropBag","floor":27},{"not_picked":["OrrerysSun","AlicesGift","PowerUp"],"picked":"SKIP","floor":28},{"not_picked":["MeteoricShower","ChargeUpSpray","RefractionSpark"],"picked":"SKIP","floor":29},{"not_picked":["GravityBeat","SprinkleStarSeal+1"],"picked":"AlicesGift","floor":30},{"not_picked":["UnstableBomb","StarBarrage"],"picked":"SuperPerseids","floor":31},{"not_picked":["DragonMeteor+1","ShootingEcho","OortCloud"],"picked":"SKIP","floor":32},{"not_picked":["FinalSpark","SuperNova"],"picked":"UltimateShortwave","floor":33},{"not_picked":["MeteoricShower","GasGiant","MilkyWay+1"],"picked":"SKIP","floor":36},{"not_picked":["ShootingEcho+1","WitchOfGreed"],"picked":"Robbery+1","floor":37},{"not_picked":["SporeBomb+1","EnergyFlow","PowerUp"],"picked":"SKIP","floor":40},{"not_picked":["DoubleSpark+1","Occultation+1"],"picked":"MysteriousBeam+1","floor":42},{"not_picked":["OrrerysSun+1","MagicChant"],"picked":"Acceleration","floor":44},{"not_picked":["GasGiant+1","UnstableBomb","AsteroidBelt+1"],"picked":"SKIP","floor":45},{"not_picked":["GalacticHalo","DoubleSpark"],"picked":"GasGiant+1","floor":48},{"not_picked":["MilkyWay+1","LuminesStrike"],"picked":"PulseMagic","floor":49},{"not_picked":["MeteoricShower","WitchOfGreed+1"],"picked":"BinaryStars","floor":52}],"player_experience":567584,"relics_obtained":[{"floor":8,"key":"Boot"},{"floor":12,"key":"ShroomBag"},{"floor":14,"key":"Incense Burner"},{"floor":24,"key":"ReplayTheSpireMod:Ninjato"},{"floor":25,"key":"Juzu Bracelet"},{"floor":27,"key":"Pet Ghost"},{"floor":29,"key":"InkBottle"},{"floor":41,"key":"Replay:Bandana"},{"floor":44,"key":"Snack Pack"},{"floor":47,"key":"Ring of Hypnosis"},{"floor":47,"key":"Ring of Greed"},{"floor":47,"key":"Replay:Wax Seal"},{"floor":47,"key":"Tiny Chest"},{"floor":48,"key":"Replay:Baseball"},{"floor":52,"key":"Kunai"}],"event_choices":[{"cards_removed":["Strike_MRS"],"damage_healed":0,"gold_gain":0,"player_choice":"Forget","damage_taken":0,"max_hp_gain":0,"max_hp_loss":0,"event_name":"Living Wall","floor":6,"gold_loss":0},{"damage_healed":0,"gold_gain":0,"player_choice":"Fought Mushrooms","damage_taken":0,"max_hp_gain":0,"max_hp_loss":0,"event_name":"Mushrooms_MRS","floor":12,"gold_loss":0},{"damage_healed":0,"gold_gain":0,"player_choice":"Ignored","damage_taken":0,"max_hp_gain":0,"max_hp_loss":0,"event_name":"Vampires","floor":21,"gold_loss":0}],"is_beta":false,"boss_relics":[{"not_picked":["Pandora\u0027s Box","Snecko Eye"],"picked":"Philosopher\u0027s Stone"},{"not_picked":["Replay:Bronze Core","Replay:Grab Bag"],"picked":"hubris:Stopwatch"}],"items_purged_floors":[30,38],"is_endless":false,"potions_floor_spawned":[8,12,16,19,25,26,28,32,33,36,37,42,48,52],"killed_by":"downfall:NeowBossFinal","ascension_level":1}}