{"host":"f0gpob8hq9vgebej","time":1612234435,"event":{"mods":["AchievementEnabler","BaseMod","Minty Spire (QoL Compilation)","Quick Restart","SuperFastMode"],"gold_per_floor":[113,113,125,125,198,198,226,226,251,251,90,103,3,15,15,15,15],"floor_reached":0,"language":"KOR","playtime":0,"items_purged":["Defend_B","Defend_B"],"score":0,"play_id":"2818a581-5967-44e9-967f-177b0c06b048","local_time":"20210202115355","is_ascension_mode":true,"campfire_choices":[{"data":"Tempest","floor":6,"key":"SMITH"},{"data":"Zap","floor":8,"key":"SMITH"},{"data":"Turbo","floor":10,"key":"SMITH"},{"data":"Ball Lightning","floor":15,"key":"SMITH"}],"circlet_count":0,"master_deck":["AscendersBane","Strike_B","Strike_B","Strike_B","Defend_B","Defend_B","Zap+1","Dualcast","Turbo+1","Tempest+1","Amplify","Storm","Conserve Battery","Compile Driver","Ball Lightning+1"],"relics":["Cracked Core","NeowsBlessing","Lantern","Kunai","Vajra","Toy Ornithopter"],"acts_visited":["Exordium"],"potions_floor_usage":[],"damage_taken":[{"damage":0,"enemies":"2 Louse","floor":1,"turns":1},{"damage":0,"enemies":"Jaw Worm","floor":3,"turns":1},{"damage":0,"enemies":"3 Sentries","floor":7,"turns":1},{"damage":0,"enemies":"Cultist","floor":12,"turns":2},{"damage":5,"enemies":"2 Fungi Beasts","floor":14,"turns":3},{"damage":0,"enemies":"Hexaghost","floor":16,"turns":2}],"seed_played":"487787712529356842","potions_obtained":[{"floor":3,"key":"Ancient Potion"}],"is_trial":false,"path_per_floor":["M","?","M","?","T","R","E","R","T","R","$","M","$","M","R","B"],"character_chosen":"DEFECT","items_purchased":["Storm","Conserve Battery"],"campfire_rested":0,"item_purchase_floors":[11,11],"current_hp_per_floor":[68,68,68,56,56,56,56,56,56,56,56,56,56,51,51,51,51],"gold":15,"neow_bonus":"THREE_ENEMY_KILL","is_daily":false,"chose_seed":false,"campfire_upgraded":4,"win_rate":0.0,"timestamp":1612234435,"path_taken":["M","?","M","?","?","R","E","R","T","R","$","M","?","?","R","BOSS"],"items_purchased_type":["Card","Card"],"build_version":"2020-12-22","purchased_purges":2,"victory":false,"max_hp_per_floor":[75,75,75,75,75,75,75,75,75,75,75,75,75,75,75,75,75],"card_choices":[{"not_picked":["Go for the Eyes","Gash"],"picked":"Turbo","floor":1},{"not_picked":["Turbo","Leap"],"picked":"Tempest","floor":3},{"not_picked":["Steam Power","Stack"],"picked":"Amplify","floor":7},{"not_picked":["Go for the Eyes","Auto Shields"],"picked":"Compile Driver","floor":12},{"not_picked":["Barrage","Genetic Algorithm"],"picked":"Ball Lightning","floor":14}],"player_experience":357514,"relics_obtained":[{"floor":5,"key":"Kunai"},{"floor":7,"key":"Vajra"},{"floor":9,"key":"Toy Ornithopter"}],"event_choices":[{"cards_removed":["Strike_B"],"damage_healed":0,"gold_gain":0,"player_choice":"Forget","damage_taken":0,"max_hp_gain":0,"max_hp_loss":0,"event_name":"Living Wall","floor":2,"gold_loss":0},{"damage_healed":0,"gold_gain":0,"player_choice":"Success","damage_taken":12,"relics_obtained":["Lantern"],"max_hp_gain":0,"max_hp_loss":0,"event_name":"Scrap Ooze","floor":4,"gold_loss":0}],"is_beta":false,"boss_relics":[],"items_purged_floors":[11,13],"is_endless":false,"potions_floor_spawned":[3],"killed_by":"Hexaghost","ascension_level":13}}