{"host":"2ty4h143nj8vwezc","time":1612237821,"event":{"mods":["BaseMod","Colored Map","Googly Eyes","Highlight Path","Minty Spire (QoL Compilation)","Quick Restart","StSLib"],"gold_per_floor":[116,73,73,91,158,158,189,189,189,208,226,226,226],"floor_reached":12,"language":"ENG","playtime":365,"items_purged":[],"score":152,"play_id":"d3a8967d-27e6-4b1b-ae04-c612faac0f46","local_time":"20210201225021","is_ascension_mode":true,"campfire_choices":[{"data":"Heel Hook","floor":6.0,"key":"SMITH"},{"floor":8.0,"key":"REST"}],"circlet_count":0,"master_deck":["AscendersBane","Strike_G","Strike_G","Strike_G","Strike_G","Strike_G","Defend_G","Defend_G","Defend_G","Defend_G","Defend_G","Survivor","Neutralize","Dagger Spray","Well Laid Plans","Heel Hook+1","PiercingWail","PiercingWail","All Out Attack","Calculated Gamble"],"relics":["Ring of the Snake","NeowsBlessing","SsserpentHead","Tough Bandages","Turnip"],"acts_visited":["Exordium"],"potions_floor_usage":[11,12],"damage_taken":[{"damage":0.0,"enemies":"Small Slimes","floor":1.0,"turns":1.0},{"damage":0.0,"enemies":"Cultist","floor":4.0,"turns":1.0},{"damage":0.0,"enemies":"Jaw Worm","floor":5.0,"turns":1.0},{"damage":54.0,"enemies":"3 Sentries","floor":7.0,"turns":12.0},{"damage":3,"enemies":"3 Louse","floor":10,"turns":4},{"damage":12,"enemies":"Large Slime","floor":11,"turns":7},{"damage":4,"enemies":"Gremlin Nob","floor":12,"turns":3}],"seed_played":"5820365769265594049","potions_obtained":[{"floor":7.0,"key":"Weak Potion"},{"floor":10,"key":"EssenceOfSteel"}],"is_trial":false,"path_per_floor":["M","$","?","M","M","R","E","R","T","M","M","E"],"character_chosen":"THE_SILENT","items_purchased":["Well Laid Plans"],"campfire_rested":1,"item_purchase_floors":[2],"current_hp_per_floor":[59,59,59,59,59,59,5,24,24,21,9,5,5],"gold":226,"neow_bonus":"THREE_ENEMY_KILL","is_daily":false,"chose_seed":false,"campfire_upgraded":1,"win_rate":0.0,"timestamp":1612237821,"path_taken":["M","$","?","M","?","R","E","R","T","M","M","E"],"items_purchased_type":["Card"],"build_version":"2020-12-22","purchased_purges":0,"victory":false,"max_hp_per_floor":[66,66,66,66,66,66,66,66,66,66,66,66,66],"card_choices":[{"not_picked":["Sucker Punch","Quick Slash"],"picked":"Dagger Spray","floor":1.0},{"not_picked":["Sucker Punch","Predator"],"picked":"Heel Hook","floor":4.0},{"not_picked":["Dagger Spray","Riddle With Holes"],"picked":"PiercingWail","floor":5.0},{"not_picked":["Backflip","Cloak And Dagger"],"picked":"PiercingWail","floor":7.0},{"not_picked":["Reflex","Cloak And Dagger"],"picked":"All Out Attack","floor":10},{"not_picked":["Eviscerate","Prepared"],"picked":"Calculated Gamble","floor":11}],"player_experience":323729,"relics_obtained":[{"floor":7.0,"key":"Tough Bandages"},{"floor":9.0,"key":"Turnip"}],"event_choices":[{"damage_healed":0.0,"max_hp_gain":0.0,"max_hp_loss":0.0,"gold_gain":0.0,"event_name":"FaceTrader","player_choice":"Trade","floor":3.0,"gold_loss":0.0,"damage_taken":0.0,"relics_obtained":["SsserpentHead"]}],"is_beta":false,"boss_relics":[],"items_purged_floors":[],"is_endless":false,"potions_floor_spawned":[7,10],"killed_by":"Gremlin Nob","ascension_level":18}}