{"host":"ao2emmq53bfl466s","time":1612231109,"event":{"mods":["Act Like it!","Art Attack!","Bard","BaseMod","Best Route Mod","Bestiary","Better Note","Better Sensory Stone","Block Reminder","ChefMod","Colored Map","Infinite Spire","Jedi Mod","JesterMod","Jorbs\u0027s Wanderer Trilogy","Minty Spire (QoL Compilation)","Pale of the Ancients","QueenMod","Rare Cards Sparkle","Spicy Shops","StSLib","The Construct","The Dragon Tamer","The Gatherer","The Judge","The Poker Player","The Showman","The Spell Scribe","TheFirefly","TheSurvivalist","Wandering Minibosses","thorton"],"gold_per_floor":[119,138,149,147,144,144,154,154,154,138,138,149,149,168,168,239,239,246,1050,1066,1083,1097,1097,1110,1110,1110,1123,1139,1153,1153,1153],"floor_reached":30,"language":"ENG","playtime":3032,"items_purged":[],"score":261,"play_id":"1430a27e-b161-4d13-a5c4-73ad5a893268","local_time":"20210201195829","is_ascension_mode":false,"campfire_choices":[{"data":"survmod:Sprint","floor":6,"key":"SMITH"},{"data":"survmod:TacticalManeuver","floor":8,"key":"SMITH"},{"data":"survmod:HiddenTactic","floor":13,"key":"SMITH"},{"data":"survmod:VersatileOffense","floor":15,"key":"SMITH"},{"floor":23,"key":"REST"},{"data":"survmod:Exploit","floor":25,"key":"SMITH"}],"circlet_count":0,"master_deck":["survmod:Strike","survmod:Strike","survmod:Strike","survmod:Defend","survmod:Defend","survmod:Defend","survmod:Defend","survmod:VersatileOffense+1","survmod:Sprint+1","survmod:TrickShot","survmod:ExplosiveTrap","survmod:TakeAim","survmod:TacticalManeuver+1","survmod:GoForFace","survmod:FlashbangTrap","survmod:HiddenTactic+1","survmod:ComplexMutation+1","survmod:QuickDash","survmod:Exploit+1","survmod:ExplosiveTrap","survmod:FenceTrap","survmod:MarkedShot+1","survmod:AcidTrap","survmod:RejectWeakness","survmod:DuckAndFlare+1","survmod:ShrapnelTraps","survmod:ExplosiveTrap","survmod:NockAnArrow+1"],"relics":["survmod:InnateMutation","NeowsBlessing","Molten Egg 2","jedi:battlestandard","wanderingMiniBosses:MasterThiefsPresence","infinitespire:Beetle Shell"],"acts_visited":["Exordium","TheCity"],"potions_floor_usage":[18,20,21,22,22,29,30],"damage_taken":[{"damage":0,"enemies":"Small Slimes","floor":1,"turns":1},{"damage":0,"enemies":"infinitespire:Voidling","floor":2,"turns":1},{"damage":0,"enemies":"Jaw Worm","floor":3,"turns":1},{"damage":5,"enemies":"Large Slime","floor":4,"turns":8},{"damage":0,"enemies":"2 Fungi Beasts","floor":5,"turns":5},{"damage":4,"enemies":"Exordium Thugs","floor":7,"turns":5},{"damage":2,"enemies":"Large Slime","floor":10,"turns":8},{"damage":0,"enemies":"Looter","floor":12,"turns":3},{"damage":1,"enemies":"Exordium Wildlife","floor":14,"turns":3},{"damage":9,"enemies":"The Guardian","floor":16,"turns":9},{"damage":1,"enemies":"3 Byrds","floor":18,"turns":4},{"damage":8,"enemies":"Spheric Guardian","floor":19,"turns":6},{"damage":0,"enemies":"Centurion and Healer","floor":20,"turns":4},{"damage":17,"enemies":"Snecko","floor":21,"turns":7},{"damage":10,"enemies":"Cultist and Chosen","floor":22,"turns":6},{"damage":7,"enemies":"3 Cultists","floor":24,"turns":5},{"damage":2,"enemies":"Snake Plant","floor":27,"turns":4},{"damage":2,"enemies":"Centurion and Healer","floor":28,"turns":6},{"damage":10,"enemies":"Shelled Parasite and Fungi","floor":29,"turns":7},{"damage":9,"enemies":"Snake Plant","floor":30,"turns":4}],"seed_played":"-6946564590262268074","potions_obtained":[{"floor":1,"key":"Swift Potion"},{"floor":2,"key":"Block Potion"},{"floor":7,"key":"Strength Potion"},{"floor":14,"key":"Fire Potion"},{"floor":18,"key":"infinitespire:BlackPotion"},{"floor":21,"key":"Fire Potion"},{"floor":28,"key":"construct:ShiftPotion"},{"floor":29,"key":"SpeedPotion"}],"is_trial":false,"path_per_floor":["M","M","M","M","M","R","M","R","T","M","?","M","R","M","R","B",null,"M","M","M","M","M","R","M","R","T","M","M","M","M"],"character_chosen":"THE_SURVIVOR","items_purchased":[],"campfire_rested":1,"item_purchase_floors":[],"current_hp_per_floor":[50,50,50,45,45,45,41,41,41,39,39,39,39,38,38,29,50,49,41,41,24,14,29,22,22,22,20,18,8,0,0],"gold":1153,"neow_bonus":"THREE_ENEMY_KILL","is_daily":false,"chose_seed":false,"campfire_upgraded":5,"win_rate":0.0,"timestamp":1612231109,"path_taken":["M","M","M","M","M","R","M","R","T","M","?","M","R","M","R","BOSS","M","M","M","M","M","R","M","R","T","M","M","M","?"],"items_purchased_type":[],"build_version":"2020-12-22","purchased_purges":0,"victory":false,"max_hp_per_floor":[50,50,50,50,50,50,50,50,50,50,50,50,50,50,50,50,50,50,50,50,50,50,50,50,50,50,50,50,50,50,50],"card_choices":[{"not_picked":["survmod:BearTrap","survmod:PenetratingShot"],"picked":"survmod:TrickShot","floor":1},{"not_picked":["survmod:SwiftKick","survmod:Hawkeye"],"picked":"survmod:ExplosiveTrap","floor":2},{"not_picked":["survmod:FenceTrap","survmod:Hawkeye"],"picked":"survmod:TakeAim","floor":3},{"not_picked":["survmod:DuckAndFlare","survmod:SimpleMutation"],"picked":"survmod:TacticalManeuver","floor":4},{"not_picked":["survmod:Hawkeye","survmod:DuckAndFlare"],"picked":"survmod:GoForFace","floor":5},{"not_picked":["survmod:Marksmanship","survmod:WalledOffTraps"],"picked":"survmod:FlashbangTrap","floor":7},{"not_picked":["survmod:GoForFace","survmod:BearTrap"],"picked":"survmod:HiddenTactic","floor":10},{"not_picked":["survmod:OverwhelmingAssault","survmod:GoForFace"],"picked":"survmod:ComplexMutation+1","floor":12},{"not_picked":["survmod:UnfortunateEscape","survmod:OverexertingShot+1"],"picked":"survmod:QuickDash","floor":14},{"not_picked":["survmod:DesperateAmbush+1","survmod:VersatilePower"],"picked":"survmod:Exploit","floor":16},{"not_picked":["survmod:KnowThyEnemy","survmod:QuickDash+1"],"picked":"survmod:ExplosiveTrap","floor":18},{"not_picked":["survmod:MarkTrap","survmod:OverexertingShot+1"],"picked":"survmod:FenceTrap","floor":19},{"not_picked":["survmod:PenetratingShot+1","survmod:BearTrap"],"picked":"survmod:MarkedShot+1","floor":20},{"not_picked":["survmod:KnowThyEnemy+1","survmod:PersonalMark"],"picked":"survmod:AcidTrap","floor":21},{"not_picked":["survmod:QuickThinking","survmod:SimpleMutation+1"],"picked":"survmod:RejectWeakness","floor":22},{"not_picked":["survmod:FindCover","survmod:TakeAim"],"picked":"survmod:DuckAndFlare+1","floor":24},{"not_picked":["survmod:MercifulShot+1","survmod:MarkedShot+1"],"picked":"survmod:ShrapnelTraps","floor":27},{"not_picked":["survmod:GoForFace","survmod:ComplexMutation+1"],"picked":"survmod:ExplosiveTrap","floor":28},{"not_picked":["survmod:OverexertingShot+1","survmod:FenceTrap"],"picked":"survmod:NockAnArrow+1","floor":29}],"player_experience":759130,"relics_obtained":[{"floor":9,"key":"Molten Egg 2"},{"floor":19,"key":"wanderingMiniBosses:MasterThiefsPresence"},{"floor":26,"key":"infinitespire:Beetle Shell"}],"event_choices":[{"cards_removed":["survmod:Strike"],"damage_healed":0,"gold_gain":0,"player_choice":"Purged","damage_taken":0,"max_hp_gain":0,"max_hp_loss":0,"event_name":"Purifier","floor":11,"gold_loss":0}],"is_beta":false,"boss_relics":[{"not_picked":["Busted Crown","Coffee Dripper"],"picked":"jedi:battlestandard"}],"items_purged_floors":[],"is_endless":false,"potions_floor_spawned":[1,2,7,14,18,19,21,28,29],"killed_by":"Snake Plant","ascension_level":0}}