{"host":"rantoq7h0pygex6x","time":1612272487,"event":{"mods":["AchievementEnabler","BaseMod","BetterRewards","Minty Spire (QoL Compilation)"],"gold_per_floor":[111,111,180,8,25,25,49,78,125,125,90,90,105,134,134,207,207,223,223,233,233,183,218,218,218],"floor_reached":24,"language":"ENG","playtime":588,"items_purged":["Strike_B","Strike_B","Strike_B"],"score":640,"play_id":"7a947093-b96b-4488-bb93-735fa5f3d0ff","local_time":"20210202212807","is_ascension_mode":true,"campfire_choices":[{"data":"Sunder","floor":6,"key":"SMITH"},{"floor":10,"key":"REST"},{"data":"Consume","floor":12,"key":"SMITH"},{"floor":15,"key":"REST"}],"circlet_count":0,"master_deck":["AscendersBane","Strike_B+1","Defend_B","Defend_B","Defend_B","Defend_B","Zap+1","Dualcast","Sweeping Beam","Loop","Sunder+1","FTL+1","Ball Lightning","Ball Lightning","Consume+1","Capacitor","Loop","Conserve Battery","Seek+1","Conserve Battery"],"relics":["Cracked Core","FossilizedHelix","Runic Capacitor","Odd Mushroom","Matryoshka","Whetstone","Smiling Mask","Potion Belt","Nuclear Battery","Dream Catcher"],"acts_visited":["Exordium","TheCity"],"potions_floor_usage":[24],"damage_taken":[{"damage":1.0,"enemies":"2 Louse","floor":1.0,"turns":2.0},{"damage":0,"enemies":"Jaw Worm","floor":5,"turns":2},{"damage":6,"enemies":"The Mushroom Lair","floor":7,"turns":3},{"damage":20,"enemies":"3 Sentries","floor":8,"turns":6},{"damage":0,"enemies":"Small Slimes","floor":13,"turns":2},{"damage":15,"enemies":"Lagavulin","floor":14,"turns":5},{"damage":41,"enemies":"Hexaghost","floor":16,"turns":6},{"damage":0,"enemies":"Chosen","floor":18,"turns":3},{"damage":21,"enemies":"Shell Parasite","floor":20,"turns":5},{"damage":33,"enemies":"Gremlin Leader","floor":23,"turns":5},{"damage":8,"enemies":"Snake Plant","floor":24,"turns":1}],"seed_played":"3128696813997647695","potions_obtained":[{"floor":5,"key":"Ancient Potion"},{"floor":14,"key":"Regen Potion"},{"floor":18,"key":"FocusPotion"},{"floor":23,"key":"Swift Potion"}],"is_trial":false,"path_per_floor":["M","?","?","$","M","R","?","E","T","R","?","R","M","E","R","B",null,"M","?","M","?","$","E","M"],"character_chosen":"DEFECT","items_purchased":["Sweeping Beam","Loop","Sunder","FTL","Runic Capacitor"],"campfire_rested":2,"item_purchase_floors":[0,0,0,0,4],"current_hp_per_floor":[41,30,30,30,30,30,24,4,4,25,42,42,42,27,48,7,55,55,55,34,34,34,1,0,0],"gold":218,"neow_bonus":"","is_daily":false,"chose_seed":false,"campfire_upgraded":2,"win_rate":0.0,"timestamp":1612272487,"path_taken":["M","?","?","$","M","R","?","E","T","R","?","R","M","E","R","BOSS","M","?","?","?","$","E","M"],"items_purchased_type":["Card","Card","Card","Card","Relic"],"build_version":"2020-12-22","purchased_purges":3,"victory":false,"max_hp_per_floor":[71,71,71,71,71,71,71,71,71,71,71,71,71,71,71,71,71,71,71,71,71,71,71,71,71],"card_choices":[{"not_picked":["Beam Cell","Stack"],"picked":"Ball Lightning","floor":1.0},{"not_picked":["Ball Lightning","Rip and Tear"],"picked":"Consume","floor":5},{"not_picked":["Stack","Redo"],"picked":"Capacitor","floor":7},{"not_picked":["Recycle","Compile Driver"],"picked":"Loop","floor":8},{"not_picked":["Hologram","Gash"],"picked":"Conserve Battery","floor":13},{"not_picked":["Fission","Gash","Rebound"],"picked":"SKIP","floor":14},{"not_picked":["Amplify","Hyperbeam"],"picked":"Seek","floor":16},{"not_picked":["Gash","Turbo"],"picked":"Conserve Battery","floor":18},{"not_picked":["Leap","Recycle","Doom and Gloom"],"picked":"SKIP","floor":20},{"not_picked":["Redo","Gash","Compile Driver"],"picked":"SKIP","floor":23}],"player_experience":972440,"relics_obtained":[{"floor":7,"key":"Odd Mushroom"},{"floor":8,"key":"Matryoshka"},{"floor":9,"key":"Whetstone"},{"floor":9,"key":"Smiling Mask"},{"floor":14,"key":"Potion Belt"},{"floor":23,"key":"Dream Catcher"}],"event_choices":[{"damage_healed":0.0,"max_hp_gain":0.0,"max_hp_loss":0.0,"gold_gain":0.0,"event_name":"Scrap Ooze","player_choice":"Success","floor":2.0,"gold_loss":0.0,"damage_taken":11.0,"relics_obtained":["FossilizedHelix"]},{"damage_healed":0.0,"max_hp_gain":0.0,"max_hp_loss":0.0,"gold_gain":69.0,"event_name":"Golden Wing","player_choice":"Gained Gold","floor":3.0,"gold_loss":0.0,"damage_taken":0.0},{"damage_healed":0,"gold_gain":0,"player_choice":"Fought Mushrooms","damage_taken":0,"max_hp_gain":0,"max_hp_loss":0,"event_name":"Mushrooms","floor":7,"gold_loss":0},{"damage_healed":17,"gold_gain":0,"player_choice":"Healed","damage_taken":0,"max_hp_gain":0,"max_hp_loss":0,"event_name":"The Cleric","floor":11,"gold_loss":35},{"damage_healed":0,"gold_gain":0,"player_choice":"Upgraded","damage_taken":0,"max_hp_gain":0,"max_hp_loss":0,"event_name":"Upgrade Shrine","floor":19,"gold_loss":0,"cards_upgraded":["Zap"]},{"damage_healed":0,"gold_gain":0,"player_choice":"Forge","damage_taken":0,"max_hp_gain":0,"max_hp_loss":0,"event_name":"Accursed Blacksmith","floor":21,"gold_loss":0,"cards_upgraded":["Seek"]}],"is_beta":false,"boss_relics":[{"not_picked":["Velvet Choker","Ectoplasm"],"picked":"Nuclear Battery"}],"items_purged_floors":[0,0,22],"is_endless":false,"potions_floor_spawned":[5,14,18,23],"killed_by":"Snake Plant","ascension_level":20}}