{"host":"vt6dr1xq3iy14a3e","time":1612275287,"event":{"mods":["AchievementEnabler","BaseMod","Colored Map","DeckTracker","Minty Spire (QoL Compilation)","StSLib","SuperFastMode"],"gold_per_floor":[117,134,84,103,123,153,153,153,179,179,206,56,56,56,56,161,161,179,196,1,1,13,38,56,56,56,86,86,86,119,139,139,235,235,254,301,301,301,321,354,354,387,387,398,398,427,442,460,460,460],"floor_reached":51,"language":"KOR","playtime":3032,"items_purged":["Defend_P","Strike_P"],"score":1582,"play_id":"dc91bb2f-6ef0-4b9c-b0aa-1fb842c4d4e4","local_time":"20210202231447","is_ascension_mode":true,"campfire_choices":[{"data":"Eruption","floor":7,"key":"SMITH"},{"data":"SashWhip","floor":10,"key":"SMITH"},{"floor":15,"key":"REST"},{"data":"TalkToTheHand","floor":29,"key":"SMITH"},{"data":"EmptyMind","floor":32,"key":"SMITH"},{"data":"Scrawl","floor":41,"key":"SMITH"},{"data":"WreathOfFlame","floor":45,"key":"SMITH"},{"data":"Prostrate","floor":49,"key":"SMITH"}],"circlet_count":0,"master_deck":["Strike_P","Strike_P","Defend_P","Defend_P","Defend_P","Eruption+1","Vigilance","FlyingSleeves","WheelKick","WreathOfFlame+1","TalkToTheHand+1","SashWhip+1","EmptyMind+1","Wallop+1","Ragnarok+1","Prostrate+1","Trip+1","FlurryOfBlows+1","Tantrum+1","CutThroughFate+1","Wallop+1","FearNoEvil+1","Scrawl+1","FlurryOfBlows+1","EmptyMind+1"],"relics":["Runic Pyramid","Mercury Hourglass","Molten Egg 2","Centennial Puzzle","Art of War","Blood Vial","SlaversCollar","Happy Flower","Meat on the Bone","Bag of Marbles","Toy Ornithopter","Letter Opener","VioletLotus","FossilizedHelix","Ginger","Ancient Tea Set","HornCleat"],"acts_visited":["TheCity","TheBeyond"],"potions_floor_usage":[6,16,18,23,36],"damage_taken":[{"damage":4,"enemies":"2 Louse","floor":1,"turns":3},{"damage":4,"enemies":"Jaw Worm","floor":2,"turns":3},{"damage":5,"enemies":"Small Slimes","floor":4,"turns":3},{"damage":3,"enemies":"Looter","floor":5,"turns":5},{"damage":12,"enemies":"Lagavulin","floor":6,"turns":6},{"damage":7,"enemies":"Gremlin Nob","floor":11,"turns":4},{"damage":0,"enemies":"Slime Boss","floor":16,"turns":5},{"damage":0,"enemies":"Shell Parasite","floor":18,"turns":2},{"damage":7,"enemies":"Chosen","floor":19,"turns":4},{"damage":0,"enemies":"Snecko","floor":22,"turns":5},{"damage":2,"enemies":"Slavers","floor":23,"turns":6},{"damage":15,"enemies":"3 Cultists","floor":24,"turns":3},{"damage":6,"enemies":"Book of Stabbing","floor":27,"turns":2},{"damage":0,"enemies":"Gremlin Leader","floor":30,"turns":2},{"damage":7,"enemies":"Chosen and Byrds","floor":31,"turns":3},{"damage":11,"enemies":"Collector","floor":33,"turns":5},{"damage":10,"enemies":"3 Shapes","floor":35,"turns":6},{"damage":0,"enemies":"2 Orb Walkers","floor":36,"turns":2},{"damage":0,"enemies":"Orb Walker","floor":39,"turns":2},{"damage":7,"enemies":"Nemesis","floor":40,"turns":5},{"damage":0,"enemies":"Giant Head","floor":42,"turns":6},{"damage":0,"enemies":"Transient","floor":44,"turns":5},{"damage":0,"enemies":"Reptomancer","floor":46,"turns":2},{"damage":0,"enemies":"Spire Growth","floor":47,"turns":2},{"damage":0,"enemies":"Sphere and 2 Shapes","floor":48,"turns":3},{"damage":0,"enemies":"Donu and Deca","floor":50,"turns":5}],"seed_played":"-7225926930901886531","potions_obtained":[{"floor":4,"key":"BottledMiracle"},{"floor":5,"key":"Dexterity Potion"},{"floor":6,"key":"Strength Potion"},{"floor":16,"key":"DistilledChaos"},{"floor":18,"key":"FairyPotion"},{"floor":19,"key":"ColorlessPotion"},{"floor":30,"key":"FearPotion"},{"floor":33,"key":"Energy Potion"},{"floor":39,"key":"LiquidMemories"},{"floor":44,"key":"LiquidBronze"}],"is_trial":false,"path_per_floor":["M","M","?","M","M","E","R","T","T","R","E","$","?","$","R","B",null,"M","M","$","?","M","E","M","$","T","E","?","R","E","M","R","B",null,"M","?","?","?","M","E","R","E","T","M","R","E","M","M","R","B",null],"character_chosen":"WATCHER","items_purchased":["Wallop+1","Trip"],"campfire_rested":1,"item_purchase_floors":[12,20],"current_hp_per_floor":[61,57,57,52,49,37,37,37,37,37,30,30,12,12,33,35,63,65,60,60,60,62,62,49,49,49,45,45,45,47,42,42,45,65,57,64,64,57,59,54,54,56,56,58,58,60,62,64,64,66],"gold":460,"neow_bonus":"BOSS_RELIC","is_daily":false,"chose_seed":false,"campfire_upgraded":7,"win_rate":0.0,"timestamp":1612275287,"path_taken":["M","M","?","M","M","E","R","?","T","R","E","$","?","?","R","BOSS","M","?","$","?","M","E","M","?","T","E","?","R","E","M","R","BOSS","M","?","?","?","M","E","R","E","T","M","R","E","M","M","R","BOSS"],"items_purchased_type":["Card","Card"],"build_version":"2020-12-22","purchased_purges":2,"victory":true,"max_hp_per_floor":[72,72,72,72,72,72,72,72,72,72,72,72,72,72,72,72,72,72,72,72,72,72,72,72,72,72,72,72,72,72,72,72,72,72,72,72,72,72,72,72,72,72,72,72,72,72,72,72,72,72],"card_choices":[{"not_picked":["ThirdEye","JustLucky"],"picked":"FlyingSleeves","floor":1},{"not_picked":["DeceiveReality","JustLucky"],"picked":"WheelKick","floor":2},{"not_picked":["ThirdEye","ForeignInfluence"],"picked":"WreathOfFlame","floor":4},{"not_picked":["Prostrate","FlurryOfBlows"],"picked":"TalkToTheHand","floor":5},{"not_picked":["ForeignInfluence","WaveOfTheHand"],"picked":"SashWhip","floor":6},{"not_picked":["CrushJoints+1","ClearTheMind"],"picked":"EmptyMind","floor":11},{"not_picked":["Establishment","Omniscience"],"picked":"Ragnarok+1","floor":16},{"not_picked":["ClearTheMind","Indignation","InnerPeace"],"picked":"SKIP","floor":18},{"not_picked":["Collect","ClearTheMind"],"picked":"Prostrate","floor":19},{"not_picked":["Worship","ThirdEye+1"],"picked":"FlurryOfBlows+1","floor":22},{"not_picked":["WreathOfFlame","BowlingBash+1"],"picked":"Tantrum+1","floor":23},{"not_picked":["Halt","SashWhip+1","ClearTheMind"],"picked":"SKIP","floor":24},{"not_picked":["Consecrate+1","BowlingBash+1"],"picked":"CutThroughFate+1","floor":27},{"not_picked":["JustLucky+1","ThirdEye"],"picked":"Wallop+1","floor":30},{"not_picked":["SashWhip+1","Prostrate"],"picked":"FearNoEvil+1","floor":31},{"not_picked":["Ragnarok+1","SpiritShield"],"picked":"Scrawl","floor":33},{"not_picked":["Halt","WheelKick+1","Crescendo+1"],"picked":"SKIP","floor":35},{"not_picked":["Conclude+1","CrushJoints+1","BattleHymn+1"],"picked":"SKIP","floor":39},{"not_picked":["Swivel+1","JustLucky+1","Vengeance+1"],"picked":"SKIP","floor":40},{"not_picked":["TalkToTheHand+1","SandsOfTime+1","LikeWater"],"picked":"SKIP","floor":42},{"not_picked":["CrushJoints+1","FollowUp+1"],"picked":"FlurryOfBlows+1","floor":44},{"not_picked":["Judgement","LikeWater+1"],"picked":"EmptyMind+1","floor":46},{"not_picked":["EmptyMind","Meditate+1","EmptyFist+1"],"picked":"SKIP","floor":47},{"not_picked":["BowlingBash+1","JustLucky+1","Fasting2+1"],"picked":"SKIP","floor":48}],"player_experience":1024245,"relics_obtained":[{"floor":6,"key":"Mercury Hourglass"},{"floor":8,"key":"Molten Egg 2"},{"floor":9,"key":"Centennial Puzzle"},{"floor":11,"key":"Art of War"},{"floor":23,"key":"Happy Flower"},{"floor":26,"key":"Meat on the Bone"},{"floor":27,"key":"Bag of Marbles"},{"floor":30,"key":"Letter Opener"},{"floor":36,"key":"FossilizedHelix"},{"floor":40,"key":"Ginger"},{"floor":42,"key":"Ancient Tea Set"},{"floor":46,"key":"HornCleat"}],"event_choices":[{"cards_removed":["Strike_P"],"damage_healed":0,"gold_gain":0,"player_choice":"Card Removal","damage_taken":0,"max_hp_gain":0,"max_hp_loss":0,"event_name":"The Cleric","floor":3,"gold_loss":50},{"damage_healed":0,"gold_gain":0,"player_choice":"Success","damage_taken":18,"relics_obtained":["Blood Vial"],"max_hp_gain":0,"max_hp_loss":0,"event_name":"Scrap Ooze","floor":13,"gold_loss":0},{"damage_healed":0,"gold_gain":0,"player_choice":"Forge","damage_taken":0,"max_hp_gain":0,"max_hp_loss":0,"event_name":"Accursed Blacksmith","floor":21,"gold_loss":0,"cards_upgraded":["Trip"]},{"damage_healed":0,"gold_gain":0,"player_choice":"Opened","damage_taken":0,"relics_obtained":["Toy Ornithopter"],"max_hp_gain":0,"max_hp_loss":0,"event_name":"The Mausoleum","floor":28,"gold_loss":0},{"damage_healed":0,"gold_gain":0,"player_choice":"Fight","damage_taken":0,"max_hp_gain":0,"max_hp_loss":0,"event_name":"Mysterious Sphere","floor":36,"gold_loss":0},{"damage_healed":0,"gold_gain":0,"player_choice":"Ignored","damage_taken":0,"max_hp_gain":0,"max_hp_loss":0,"event_name":"Tomb of Lord Red Mask","floor":37,"gold_loss":0},{"damage_healed":0,"gold_gain":0,"player_choice":"Damaged","damage_taken":7,"max_hp_gain":0,"max_hp_loss":0,"event_name":"Wheel of Change","floor":38,"gold_loss":0}],"is_beta":false,"boss_relics":[{"not_picked":["Tiny House","Runic Dome"],"picked":"SlaversCollar"},{"not_picked":["Fusion Hammer","Calling Bell"],"picked":"VioletLotus"}],"items_purged_floors":[12,20],"is_endless":false,"potions_floor_spawned":[4,5,6,16,18,19,30,33,35,39,44,47,48],"ascension_level":7}}