{"host":"i0avyit1s6jb1siw","time":1612297764,"event":{"mods":["BaseMod","DeckTracker","Dota2Spire","Highlight Path","Minty Spire (QoL Compilation)","Quick Restart","StSLib","SuperFastMode"],"gold_per_floor":[112,131,131,146,146,146,164,191,191,191,116,132,143,143,159,178,178,178,178,178],"floor_reached":19,"language":"ENG","playtime":368,"items_purged":[],"score":242,"play_id":"494c9101-16c9-4e44-9f8f-8e51724d5b50","local_time":"20210202212924","is_ascension_mode":true,"campfire_choices":[{"data":"Poisoned Stab","floor":6.0,"key":"SMITH"},{"floor":10.0,"key":"REST"},{"data":"Noxious Fumes","floor":14,"key":"SMITH"},{"data":"Neutralize","floor":17,"key":"SMITH"},{"data":"Blade Dance","floor":18,"key":"SMITH"}],"circlet_count":0,"master_deck":["AscendersBane","Strike_G","Strike_G","Strike_G","Defend_G","Defend_G","Defend_G","Defend_G","Defend_G","Survivor","Neutralize+1","Infinite Blades","PiercingWail","Poisoned Stab+1","Noxious Fumes+1","Backflip","Blade Dance+1","Backstab"],"relics":["Runic Dome","Ginger","CaptainsWheel"],"acts_visited":["Exordium"],"potions_floor_usage":[],"damage_taken":[{"damage":4.0,"enemies":"2 Louse","floor":1.0,"turns":2.0},{"damage":0.0,"enemies":"Jaw Worm","floor":2.0,"turns":5.0},{"damage":19.0,"enemies":"Small Slimes","floor":4.0,"turns":4.0},{"damage":2.0,"enemies":"2 Fungi Beasts","floor":7.0,"turns":4.0},{"damage":15.0,"enemies":"Lagavulin","floor":8.0,"turns":6.0},{"damage":4.0,"enemies":"3 Louse","floor":12.0,"turns":4.0},{"damage":0,"enemies":"Large Slime","floor":13,"turns":4},{"damage":7,"enemies":"Exordium Thugs","floor":15,"turns":5},{"damage":0,"enemies":"Exordium Wildlife","floor":16,"turns":4},{"damage":21,"enemies":"Hexaghost","floor":19,"turns":9}],"seed_played":"-1670537559286819018","potions_obtained":[{"floor":1.0,"key":"LiquidMemories"},{"floor":8.0,"key":"PowerPotion"},{"floor":15,"key":"Fire Potion"},{"floor":16,"key":"LiquidMemories"}],"is_trial":false,"path_per_floor":["M","M","?","M","?","R","M","E","T","R","?","M","M","R","M","M","R","R","B"],"character_chosen":"THE_SILENT","items_purchased":[],"campfire_rested":1,"item_purchase_floors":[],"current_hp_per_floor":[55,55,55,36,29,29,27,12,12,31,31,27,27,27,20,20,20,20,0,0],"gold":178,"neow_bonus":"BOSS_RELIC","is_daily":false,"chose_seed":false,"campfire_upgraded":4,"win_rate":0.0,"timestamp":1612297764,"path_taken":["M","M","?","M","?","R","M","E","T","R","?","M","M","R","M","M","R","R","BOSS"],"items_purchased_type":[],"build_version":"2020-12-22","purchased_purges":0,"victory":false,"max_hp_per_floor":[66,66,66,66,66,66,66,66,66,66,66,66,66,66,66,66,66,66,66,66],"card_choices":[{"not_picked":["Reflex","Bane"],"picked":"Infinite Blades","floor":1.0},{"not_picked":["Underhanded Strike","Catalyst"],"picked":"PiercingWail","floor":2.0},{"not_picked":["Dagger Spray","Dodge and Roll"],"picked":"Poisoned Stab","floor":4.0},{"not_picked":["Choke","Leg Sweep"],"picked":"Noxious Fumes","floor":7.0},{"not_picked":["Deflect","Sucker Punch"],"picked":"Backflip","floor":8.0},{"not_picked":["Prepared","Catalyst"],"picked":"Blade Dance","floor":12.0},{"not_picked":["Underhanded Strike","Dagger Spray","Slice"],"picked":"SKIP","floor":13},{"not_picked":["Prepared","Outmaneuver"],"picked":"Backstab","floor":15},{"not_picked":["Outmaneuver","Infinite Blades","Slice"],"picked":"SKIP","floor":16}],"player_experience":2396464,"relics_obtained":[{"floor":8.0,"key":"Ginger"},{"floor":9.0,"key":"CaptainsWheel"}],"event_choices":[{"damage_healed":0.0,"max_hp_gain":0.0,"max_hp_loss":0.0,"gold_gain":0.0,"event_name":"Liars Game","player_choice":"Ignored","floor":3.0,"gold_loss":0.0,"damage_taken":0.0},{"cards_removed":["Strike_G"],"damage_healed":0.0,"max_hp_gain":0.0,"max_hp_loss":0.0,"gold_gain":0.0,"event_name":"Golden Wing","player_choice":"Card Removal","floor":5.0,"gold_loss":0.0,"damage_taken":7.0},{"cards_removed":["Strike_G"],"damage_healed":0.0,"max_hp_gain":0.0,"max_hp_loss":0.0,"gold_gain":0.0,"event_name":"The Cleric","player_choice":"Card Removal","floor":11.0,"gold_loss":75.0,"damage_taken":0.0}],"is_beta":false,"boss_relics":[],"items_purged_floors":[],"is_endless":false,"potions_floor_spawned":[1,8,15,16],"killed_by":"Hexaghost","ascension_level":20}}