{"host":"vqgrg90fv56geajp","time":1612277240,"event":{"mods":["BaseMod","Colored Map","Colored Powertips","Minty Spire (QoL Compilation)","Quick Restart","Rare Cards Sparkle","Relic Stats"],"gold_per_floor":[116,130,141,43,318,318,330,360,360,373,3,3,3],"floor_reached":12,"language":"ENG","playtime":540,"items_purged":["Regret"],"score":160,"play_id":"124c47a6-434a-4e5d-8d5d-e7338f7adde5","local_time":"20210202164720","is_ascension_mode":true,"campfire_choices":[{"floor":6,"key":"REST"}],"circlet_count":0,"master_deck":["AscendersBane","Strike_G","Strike_G","Strike_G","Strike_G","Strike_G","Defend_G","Defend_G","Defend_G","Defend_G","Defend_G","Survivor","Neutralize","Poisoned Stab","Cloak And Dagger","Terror","Well Laid Plans","Underhanded Strike","Infinite Blades","Dash","Calculated Gamble","Blade Dance"],"relics":["HoveringKite","Smiling Mask","Molten Egg 2","Gremlin Horn"],"acts_visited":["Exordium"],"potions_floor_usage":[8,8,12],"damage_taken":[{"damage":5,"enemies":"Small Slimes","floor":1,"turns":7},{"damage":12,"enemies":"Cultist","floor":2,"turns":5},{"damage":3,"enemies":"2 Louse","floor":3,"turns":3},{"damage":2,"enemies":"2 Fungi Beasts","floor":7,"turns":4},{"damage":31,"enemies":"Lagavulin","floor":8,"turns":6},{"damage":10,"enemies":"Red Slaver","floor":10,"turns":4},{"damage":26,"enemies":"Gremlin Nob","floor":12,"turns":3}],"seed_played":"3808665174294185092","potions_obtained":[{"floor":3,"key":"Poison Potion"},{"floor":7,"key":"Poison Potion"},{"floor":10,"key":"SteroidPotion"}],"is_trial":false,"path_per_floor":["M","M","M","$","?","R","M","E","T","M","$","E"],"character_chosen":"THE_SILENT","items_purchased":["Well Laid Plans","Underhanded Strike","Blade Dance","Gremlin Horn"],"campfire_rested":1,"item_purchase_floors":[4,4,11,11],"current_hp_per_floor":[54,42,39,39,39,58,56,25,25,15,15,0,0],"gold":3,"neow_bonus":"BOSS_RELIC","is_daily":false,"chose_seed":false,"campfire_upgraded":0,"win_rate":0.0,"timestamp":1612277240,"path_taken":["M","M","M","$","?","R","M","E","T","?","$","E"],"items_purchased_type":["Card","Card","Card","Relic"],"build_version":"2020-12-22","purchased_purges":1,"victory":false,"max_hp_per_floor":[66,66,66,66,66,66,66,66,66,66,66,66,66],"relic_stats":{"Gremlin Horn":[0,0],"counters":[7,32],"HoveringKite":[6],"Smiling Mask":25,"obtain_stats":[{"Gremlin Horn":11,"HoveringKite":0,"Molten Egg 2":9,"Smiling Mask":8,"Ring of the Snake":0},{"Gremlin Horn":6,"HoveringKite":0,"Molten Egg 2":5,"Smiling Mask":5,"Ring of the Snake":0},{"Gremlin Horn":29,"HoveringKite":0,"Molten Egg 2":25,"Smiling Mask":25,"Ring of the Snake":0}]},"card_choices":[{"not_picked":["Deflect","Catalyst"],"picked":"Poisoned Stab","floor":1},{"not_picked":["Acrobatics","Prepared"],"picked":"Cloak And Dagger","floor":2},{"not_picked":["Concentrate","Bane"],"picked":"Terror","floor":3},{"not_picked":["Quick Slash","Dodge and Roll"],"picked":"Infinite Blades","floor":7},{"not_picked":["Crippling Poison","Poisoned Stab"],"picked":"Dash","floor":8},{"not_picked":["Masterful Stab+1","Riddle With Holes+1"],"picked":"Calculated Gamble","floor":10}],"player_experience":2543497,"relics_obtained":[{"floor":8,"key":"Smiling Mask"},{"floor":9,"key":"Molten Egg 2"}],"event_choices":[{"damage_healed":0,"gold_gain":275,"player_choice":"Desecrate","damage_taken":0,"max_hp_gain":0,"max_hp_loss":0,"event_name":"Golden Shrine","floor":5,"gold_loss":0,"cards_obtained":["Regret"]}],"is_beta":false,"boss_relics":[],"items_purged_floors":[11],"is_endless":false,"potions_floor_spawned":[3,7,10],"killed_by":"Gremlin Nob","ascension_level":20}}