{"host":"2se5dq1do2gp0x9k","time":1612281381,"event":{"mods":["AchievementEnabler","BaseMod","Block Reminder","Colored Map","Colored Powertips","Minty Spire (QoL Compilation)","Relic Stats","StSLib","SuperFastMode"],"gold_per_floor":[115,39,39,56,75,107,107,135,160,160,189,205,205,221,221,295,295,307,307,334,352,352,352,33,33,33,33,61,61,86,101,101,177,177,193,212,225,225,225,225,225],"floor_reached":40,"language":"ENG","playtime":2044,"items_purged":["Defend_P"],"score":1030,"play_id":"d9adc2a7-0703-46a8-9034-40086a484691","local_time":"20210202075621","is_ascension_mode":true,"campfire_choices":[{"data":"Eruption","floor":7.0,"key":"SMITH"},{"data":"Tantrum","floor":10.0,"key":"SMITH"},{"data":"Fasting2","floor":13.0,"key":"SMITH"},{"data":"Wallop","floor":15.0,"key":"SMITH"},{"data":"Protect","floor":23.0,"key":"SMITH"},{"data":"BowlingBash","floor":25.0,"key":"SMITH"},{"data":"Halt","floor":29.0,"key":"SMITH"},{"data":"CrushJoints","floor":32.0,"key":"SMITH"}],"circlet_count":0,"master_deck":["AscendersBane","Eruption+1","Vigilance","CarveReality","Tantrum+1","Halt","Halt+1","Fasting2+1","BowlingBash+1","CarveReality","Wallop+1","Protect+1","FlyingSleeves+1","DevaForm","Evaluate","FearNoEvil","Conclude","Wireheading","CrushJoints+1","DeusExMachina","WheelKick","DeusExMachina","Brilliance","Swivel","BowlingBash","Master of Strategy","Discovery","Chrysalis"],"relics":["Philosopher\u0027s Stone","Centennial Puzzle","Juzu Bracelet","Toy Ornithopter","Mango","SlaversCollar","Red Mask","ClockworkSouvenir","FossilizedHelix","Dream Catcher","Pandora\u0027s Box","Ancient Tea Set"],"acts_visited":["TheCity","TheBeyond"],"potions_floor_usage":[40],"damage_taken":[{"damage":9.0,"enemies":"Cultist","floor":1.0,"turns":4.0},{"damage":11.0,"enemies":"Jaw Worm","floor":4.0,"turns":4.0},{"damage":2.0,"enemies":"Small Slimes","floor":5.0,"turns":4.0},{"damage":21.0,"enemies":"Lagavulin","floor":6.0,"turns":7.0},{"damage":0.0,"enemies":"Gremlin Nob","floor":8.0,"turns":2.0},{"damage":16.0,"enemies":"3 Sentries","floor":11.0,"turns":4.0},{"damage":0.0,"enemies":"2 Fungi Beasts","floor":12.0,"turns":2.0},{"damage":0.0,"enemies":"Gremlin Gang","floor":14.0,"turns":2.0},{"damage":19.0,"enemies":"Hexaghost","floor":16.0,"turns":5.0},{"damage":4.0,"enemies":"Spheric Guardian","floor":18.0,"turns":3.0},{"damage":49.0,"enemies":"Masked Bandits","floor":20.0,"turns":5.0},{"damage":19.0,"enemies":"3 Byrds","floor":21.0,"turns":4.0},{"damage":0.0,"enemies":"Gremlin Leader","floor":28.0,"turns":4.0},{"damage":15.0,"enemies":"Slavers","floor":30.0,"turns":3.0},{"damage":12.0,"enemies":"Shelled Parasite and Fungi","floor":31.0,"turns":3.0},{"damage":0.0,"enemies":"Collector","floor":33.0,"turns":6.0},{"damage":17.0,"enemies":"3 Darklings","floor":35.0,"turns":3.0},{"damage":0.0,"enemies":"3 Shapes","floor":36.0,"turns":3.0},{"damage":4.0,"enemies":"Sphere and 2 Shapes","floor":37.0,"turns":4.0},{"damage":103,"enemies":"Giant Head","floor":40,"turns":5}],"seed_played":"3713184849616626158","potions_obtained":[{"floor":1.0,"key":"BlessingOfTheForge"},{"floor":3.0,"key":"PowerPotion"},{"floor":5.0,"key":"AttackPotion"},{"floor":14.0,"key":"DuplicationPotion"},{"floor":16.0,"key":"Regen Potion"},{"floor":21.0,"key":"Swift Potion"},{"floor":30.0,"key":"ColorlessPotion"},{"floor":31.0,"key":"Explosive Potion"},{"floor":35.0,"key":"PowerPotion"}],"is_trial":false,"path_per_floor":["M","$","?","M","M","E","R","E","T","R","E","M","R","M","R","B",null,"M","?","?","M","?","R","$","R","T","?","E","R","E","M","R","B",null,"M","M","M","?","?","E"],"character_chosen":"WATCHER","items_purchased":["Tantrum","FearNoEvil","ClockworkSouvenir"],"campfire_rested":0,"item_purchase_floors":[2,24,24],"current_hp_per_floor":[52,52,52,41,39,18,18,18,18,18,21,21,21,21,21,2,62,58,58,28,9,82,82,82,82,82,76,76,76,66,59,59,59,76,59,59,55,45,45,0,0],"gold":225,"neow_bonus":"BOSS_RELIC","is_daily":false,"chose_seed":false,"campfire_upgraded":8,"win_rate":0.0,"timestamp":1612281381,"path_taken":["M","$","?","?","M","E","R","E","T","R","E","M","R","M","R","BOSS","M","?","?","M","?","R","$","R","T","?","E","R","E","M","R","BOSS","M","M","M","?","?","E"],"items_purchased_type":["Card","Card","Relic"],"build_version":"2020-12-22","purchased_purges":1,"victory":false,"max_hp_per_floor":[68,68,68,68,68,68,68,68,68,68,82,82,82,82,82,82,82,82,82,82,82,82,82,82,82,82,82,82,82,82,82,82,82,82,82,82,82,82,82,82,82],"relic_stats":{"Centennial Puzzle":[30],"Dream Catcher":0,"counters":[20,77],"Pandora\u0027s Box":["WheelKick","DeusExMachina","Brilliance","Swivel","BowlingBash"],"Juzu Bracelet":1,"obtain_stats":[{"Mango":11,"Juzu Bracelet":8,"Ancient Tea Set":39,"ClockworkSouvenir":24,"SlaversCollar":17,"Centennial Puzzle":6,"Dream Catcher":30,"Philosopher\u0027s Stone":0,"Pandora\u0027s Box":34,"Red Mask":20,"PureWater":0,"Toy Ornithopter":9,"FossilizedHelix":26},{"Mango":6,"Juzu Bracelet":5,"Ancient Tea Set":19,"ClockworkSouvenir":12,"SlaversCollar":9,"Centennial Puzzle":4,"Dream Catcher":14,"Philosopher\u0027s Stone":0,"Pandora\u0027s Box":16,"Red Mask":11,"PureWater":0,"Toy Ornithopter":5,"FossilizedHelix":12},{"Mango":25,"Juzu Bracelet":21,"Ancient Tea Set":72,"ClockworkSouvenir":46,"SlaversCollar":34,"Centennial Puzzle":19,"Dream Catcher":53,"Philosopher\u0027s Stone":0,"Pandora\u0027s Box":62,"Red Mask":42,"PureWater":0,"Toy Ornithopter":21,"FossilizedHelix":46}],"Toy Ornithopter":30},"card_choices":[{"not_picked":["SignatureMove","EmptyBody"],"picked":"CarveReality","floor":1.0},{"not_picked":["FlyingSleeves","FlurryOfBlows"],"picked":"Halt","floor":4.0},{"not_picked":["JustLucky","ReachHeaven"],"picked":"Halt","floor":5.0},{"not_picked":["SashWhip","Worship"],"picked":"Fasting2","floor":6.0},{"not_picked":["Sanctity","MentalFortress"],"picked":"BowlingBash","floor":8.0},{"not_picked":["Pray","FollowUp"],"picked":"CarveReality","floor":11.0},{"not_picked":["Prostrate","Protect"],"picked":"Wallop","floor":12.0},{"not_picked":["MentalFortress","EmptyBody"],"picked":"Protect","floor":14.0},{"not_picked":["WheelKick","EmptyBody"],"picked":"FlyingSleeves+1","floor":18.0},{"not_picked":["JustLucky","Halt"],"picked":"Evaluate","floor":21.0},{"not_picked":["FearNoEvil","DevaForm"],"picked":"Conclude","floor":28.0},{"not_picked":["SignatureMove","EmptyFist"],"picked":"Wireheading","floor":30.0},{"not_picked":["WheelKick+1","Protect"],"picked":"CrushJoints","floor":31.0},{"not_picked":["ConjureBlade","Alpha"],"picked":"DeusExMachina","floor":33.0},{"not_picked":["ClearTheMind","EmptyFist","Crescendo+1"],"picked":"SKIP","floor":35.0},{"not_picked":["FlyingSleeves","Crescendo","Swivel"],"picked":"SKIP","floor":36.0},{"not_picked":["CutThroughFate","CrushJoints+1","Sanctity"],"picked":"SKIP","floor":37.0},{"not_picked":["Forethought","Impatience"],"picked":"Master of Strategy","floor":38.0},{"not_picked":["Violence","Enlightenment"],"picked":"Discovery","floor":38.0},{"not_picked":["Panache","The Bomb"],"picked":"Chrysalis","floor":38.0}],"player_experience":4049789,"relics_obtained":[{"floor":6.0,"key":"Centennial Puzzle"},{"floor":8.0,"key":"Juzu Bracelet"},{"floor":9.0,"key":"Toy Ornithopter"},{"floor":11.0,"key":"Mango"},{"floor":20.0,"key":"Red Mask"},{"floor":26.0,"key":"FossilizedHelix"},{"floor":30.0,"key":"Dream Catcher"}],"event_choices":[{"damage_healed":0.0,"max_hp_gain":0.0,"max_hp_loss":0.0,"gold_gain":0.0,"event_name":"Lab","player_choice":"Got Potions","floor":3.0,"gold_loss":0.0,"damage_taken":0.0},{"damage_healed":0.0,"max_hp_gain":0.0,"max_hp_loss":0.0,"gold_gain":0.0,"cards_transformed":["Strike_P","Strike_P"],"event_name":"Drug Dealer","player_choice":"Became Test Subject","floor":19.0,"gold_loss":0.0,"damage_taken":0.0,"cards_obtained":["Weave","DevaForm"]},{"damage_healed":0.0,"max_hp_gain":0.0,"max_hp_loss":0.0,"gold_gain":0.0,"event_name":"Masked Bandits","player_choice":"Fought Bandits","floor":20.0,"gold_loss":0.0,"damage_taken":0.0},{"cards_removed":["Weave"],"damage_healed":73.0,"max_hp_gain":0.0,"max_hp_loss":0.0,"gold_gain":0.0,"event_name":"Bonfire Elementals","player_choice":"Offered Uncommon","floor":22.0,"gold_loss":0.0,"damage_taken":0.0},{"damage_healed":0.0,"max_hp_gain":0.0,"max_hp_loss":0.0,"gold_gain":0.0,"event_name":"Knowing Skull","player_choice":"","floor":27.0,"potions_obtained":[],"gold_loss":0.0,"damage_taken":6.0,"cards_obtained":[]},{"damage_healed":0.0,"max_hp_gain":0.0,"max_hp_loss":0.0,"gold_gain":0.0,"event_name":"SensoryStone","player_choice":"Memory 3","floor":38.0,"gold_loss":0.0,"damage_taken":10.0},{"damage_healed":0.0,"max_hp_gain":0.0,"max_hp_loss":0.0,"gold_gain":0.0,"event_name":"WeMeetAgain","player_choice":"Gave Potion","floor":39.0,"gold_loss":0.0,"damage_taken":0.0,"relics_obtained":["Ancient Tea Set"]}],"is_beta":false,"boss_relics":[{"not_picked":["Busted Crown","Ectoplasm"],"picked":"SlaversCollar"},{"not_picked":["Fusion Hammer","Runic Dome"],"picked":"Pandora\u0027s Box"}],"items_purged_floors":[24],"is_endless":false,"potions_floor_spawned":[1,4,5,14,16,18,21,30,31,35],"killed_by":"Giant Head","ascension_level":18}}