{"host":"kntpungskobv1jqb","time":1612241525,"event":{"mods":["BaseMod","Minty Spire (QoL Compilation)","Replay The Spire","StSLib","SuperFastMode"],"gold_per_floor":[109,125,125,125,151,178,178,198,198,198,198,232,232,232,232,232,232],"floor_reached":16,"language":"ZHS","playtime":259,"items_purged":[],"score":258,"play_id":"ed034b21-03f6-4460-8c8e-bc943a4aa6ae","local_time":"20210202125205","is_ascension_mode":true,"campfire_choices":[{"floor":10,"key":"REST"}],"circlet_count":0,"master_deck":["AscendersBane","Strike_B","Strike_B","Strike_B","Defend_B","Defend_B","Defend_B","Zap","Dualcast","Ball Lightning+1","Chaos+1","Defragment","Reinforced Body+1","Force Field","Steam"],"relics":["Cracked Core","NeowsBlessing","Juzu Bracelet","Replay:Multitool","Odd Mushroom","Replay:Baseball","Replay:Rubber Ducky","SsserpentHead"],"acts_visited":["Exordium"],"potions_floor_usage":[12,16],"damage_taken":[{"damage":0,"enemies":"Cultist","floor":1,"turns":1},{"damage":0,"enemies":"Jaw Worm","floor":2,"turns":1},{"damage":0,"enemies":"Lagavulin","floor":6,"turns":1},{"damage":26,"enemies":"The Mushroom Lair","floor":8,"turns":4},{"damage":38,"enemies":"Gremlin Nob","floor":12,"turns":4},{"damage":41,"enemies":"Slime Boss","floor":16,"turns":7}],"seed_played":"4044433459271123345","potions_obtained":[{"floor":2,"key":"ColorlessPotion"},{"floor":12,"key":"Ancient Potion"}],"is_trial":false,"path_per_floor":["M","M","?","?","T","E","R","?","T","R","$","E","?","?","R","B"],"character_chosen":"DEFECT","items_purchased":[],"campfire_rested":1,"item_purchase_floors":[],"current_hp_per_floor":[64,64,64,57,57,57,57,31,31,52,52,14,14,14,35,0,0],"gold":232,"neow_bonus":"THREE_ENEMY_KILL","is_daily":false,"chose_seed":false,"campfire_upgraded":0,"win_rate":0.0,"timestamp":1612241525,"path_taken":["M","M","?","?","?","E","R","?","T","R","$","E","?","?","R","BOSS"],"items_purchased_type":[],"build_version":"2020-12-22","purchased_purges":0,"victory":false,"max_hp_per_floor":[71,71,71,71,71,71,71,71,71,71,71,71,71,71,71,71,71],"card_choices":[{"not_picked":["Cold Snap","Aggregate"],"picked":"Ball Lightning","floor":1},{"not_picked":["ReplayGash","Panic Button"],"picked":"Chaos","floor":2},{"not_picked":["Time Bomb","Static Discharge"],"picked":"Defragment","floor":6},{"not_picked":["Double Energy","Auto Shields"],"picked":"Force Field","floor":8},{"not_picked":["Gash","Go for the Eyes"],"picked":"Steam","floor":12}],"player_experience":530035,"relics_obtained":[{"floor":5,"key":"Juzu Bracelet"},{"floor":6,"key":"Replay:Multitool"},{"floor":8,"key":"Odd Mushroom"},{"floor":9,"key":"Replay:Baseball"},{"floor":12,"key":"Replay:Rubber Ducky"}],"event_choices":[{"damage_healed":0,"gold_gain":0,"player_choice":"Leave","damage_taken":0,"max_hp_gain":0,"max_hp_loss":0,"event_name":"The Cleric","floor":3,"gold_loss":0},{"cards_removed":["Strike_B"],"damage_healed":0,"gold_gain":0,"player_choice":"Card Removal","damage_taken":7,"max_hp_gain":0,"max_hp_loss":0,"event_name":"Golden Wing","floor":4,"gold_loss":0},{"damage_healed":0,"gold_gain":0,"player_choice":"Fought Mushrooms","damage_taken":0,"max_hp_gain":0,"max_hp_loss":0,"event_name":"Mushrooms","floor":8,"gold_loss":0},{"damage_healed":0,"gold_gain":0,"player_choice":"Trade","damage_taken":0,"relics_obtained":["SsserpentHead"],"max_hp_gain":0,"max_hp_loss":0,"event_name":"FaceTrader","floor":14,"gold_loss":0}],"is_beta":false,"boss_relics":[],"items_purged_floors":[],"is_endless":false,"potions_floor_spawned":[2,12],"killed_by":"Slime Boss","ascension_level":20}}