{"host":"e8062yfkmywf26f0","time":1612299579,"event":{"mods":["AchievementEnabler","BaseMod","Colored Map","Minty Spire (QoL Compilation)","Quick Restart","Shop Mod","StSLib"],"gold_per_floor":[111,12,12,12,23,23,34,50,50,83,94,124,124,142,142,142,142],"floor_reached":16,"language":"ENG","playtime":8866,"items_purged":["Regret"],"score":137,"play_id":"af9cda3e-9bf5-4270-b4b1-444980849f5a","local_time":"20210202205939","is_ascension_mode":false,"campfire_choices":[{"floor":6,"key":"REST"},{"floor":15,"key":"REST"}],"circlet_count":0,"master_deck":["Strike_R","Strike_R","Strike_R","Strike_R","Strike_R","Defend_R","Defend_R","Defend_R","Defend_R","Bash","Uppercut","Cleave","Carnage","Flame Barrier","Pommel Strike","Dropkick"],"relics":["Burning Blood","Calipers","HornCleat","Lantern","Frozen Egg 2"],"acts_visited":["Exordium"],"potions_floor_usage":[16],"damage_taken":[{"damage":7,"enemies":"Small Slimes","floor":1,"turns":5},{"damage":5,"enemies":"Jaw Worm","floor":5,"turns":4},{"damage":0,"enemies":"Cultist","floor":7,"turns":2},{"damage":6,"enemies":"Red Slaver","floor":8,"turns":5},{"damage":18,"enemies":"3 Sentries","floor":10,"turns":6},{"damage":0,"enemies":"Looter","floor":11,"turns":3},{"damage":36,"enemies":"Lagavulin","floor":12,"turns":6},{"damage":11,"enemies":"Exordium Wildlife","floor":14,"turns":2},{"damage":35,"enemies":"Slime Boss","floor":16,"turns":6}],"seed_played":"-7334079499774891642","potions_obtained":[{"floor":7,"key":"FearPotion"},{"floor":10,"key":"LiquidMemories"},{"floor":12,"key":"BlessingOfTheForge"}],"is_trial":false,"path_per_floor":["M","$","?","?","M","R","M","M","T","E","M","E","$","M","R","B"],"character_chosen":"IRONCLAD","items_purchased":["Cleave"],"campfire_rested":2,"item_purchase_floors":[2],"current_hp_per_floor":[95,95,70,75,76,101,101,101,101,89,95,65,65,60,90,55,55],"gold":142,"neow_bonus":"TWENTY_PERCENT_HP_BONUS","is_daily":false,"chose_seed":false,"campfire_upgraded":0,"win_rate":0.0,"timestamp":1612299579,"path_taken":["M","$","?","?","M","R","M","M","T","E","M","E","$","M","R","BOSS"],"items_purchased_type":["Card"],"build_version":"2020-12-22","purchased_purges":1,"victory":false,"max_hp_per_floor":[96,96,96,101,101,101,101,101,101,101,101,101,101,101,101,101,101],"card_choices":[{"not_picked":["Headbutt","Cleave"],"picked":"Uppercut","floor":1},{"not_picked":["Searing Blow","Evolve"],"picked":"Carnage","floor":5},{"not_picked":["Shrug It Off","Rage"],"picked":"Flame Barrier","floor":7},{"not_picked":["Sword Boomerang","Twin Strike"],"picked":"Pommel Strike","floor":8},{"not_picked":["Headbutt","Juggernaut","Anger"],"picked":"SKIP","floor":10},{"not_picked":["Armaments","True Grit","Twin Strike"],"picked":"SKIP","floor":11},{"not_picked":["Anger","Armaments"],"picked":"Dropkick","floor":12},{"not_picked":["Disarm","True Grit","Second Wind"],"picked":"SKIP","floor":14}],"player_experience":37588,"relics_obtained":[{"floor":9,"key":"HornCleat"},{"floor":10,"key":"Lantern"},{"floor":12,"key":"Frozen Egg 2"}],"event_choices":[{"damage_healed":0,"gold_gain":0,"player_choice":"Success","damage_taken":25,"relics_obtained":["Calipers"],"max_hp_gain":0,"max_hp_loss":0,"event_name":"Scrap Ooze","floor":3,"gold_loss":0},{"damage_healed":0,"gold_gain":0,"player_choice":"Donut","damage_taken":0,"max_hp_gain":5,"max_hp_loss":0,"event_name":"Big Fish","floor":4,"gold_loss":0}],"is_beta":false,"boss_relics":[],"items_purged_floors":[2],"is_endless":false,"potions_floor_spawned":[7,10,12],"killed_by":"Slime Boss","ascension_level":0}}