{"host":"dhlnk6yox2l1s6up","time":1612293732,"event":{"mods":["BaseMod","Bestiary","Colored Map","Highlight Path","Minty Spire (QoL Compilation)","Relic Stats","StSLib"],"gold_per_floor":[117,1,1,16,31,61,61,92,118,144,144,319,329,345,345,445,445,445,38,38,38,38,38,38],"floor_reached":23,"language":"ENG","playtime":885,"items_purged":["Strike_B"],"score":386,"play_id":"fc0cd03a-8fbb-43ea-84b0-12fd7312cef4","local_time":"20210202132212","is_ascension_mode":true,"campfire_choices":[{"data":"Rip and Tear","floor":7,"key":"SMITH"},{"floor":11,"key":"REST"},{"floor":15,"key":"REST"}],"circlet_count":0,"master_deck":["AscendersBane","Strike_B","Defend_B","Defend_B","Defend_B","Defend_B","Zap","Dualcast","Conserve Battery","Rip and Tear+1","All For One","Lockon","Gash","Cold Snap","Rainbow","Ball Lightning","Echo Form","Echo Form","Double Energy","Master of Strategy","Coolheaded","Gash","Steam","Static Discharge"],"relics":["Cracked Core","NeowsBlessing","Omamori","Orichalcum","Boot","Juzu Bracelet","Ectoplasm","Membership Card","Oddly Smooth Stone","Red Mask"],"acts_visited":["Exordium","TheCity"],"potions_floor_usage":[6,8,20,20],"damage_taken":[{"damage":0.0,"enemies":"Jaw Worm","floor":1.0,"turns":1.0},{"damage":0.0,"enemies":"Cultist","floor":4.0,"turns":1.0},{"damage":0,"enemies":"2 Louse","floor":5,"turns":1},{"damage":16,"enemies":"Gremlin Nob","floor":6,"turns":3},{"damage":24,"enemies":"Lagavulin","floor":8,"turns":4},{"damage":18,"enemies":"3 Sentries","floor":10,"turns":7},{"damage":13,"enemies":"Exordium Wildlife","floor":13,"turns":5},{"damage":13,"enemies":"Large Slime","floor":14,"turns":3},{"damage":0,"enemies":"Slime Boss","floor":16,"turns":5},{"damage":18,"enemies":"3 Byrds","floor":18,"turns":4},{"damage":22,"enemies":"Masked Bandits","floor":20,"turns":4},{"damage":29,"enemies":"Slavers","floor":23,"turns":2}],"seed_played":"-3877795523268262096","potions_obtained":[{"floor":1.0,"key":"DuplicationPotion"},{"floor":4,"key":"FocusPotion"},{"floor":10,"key":"SteroidPotion"},{"floor":14,"key":"Strength Potion"}],"is_trial":false,"path_per_floor":["M","$","?","M","M","E","R","E","T","E","R","?","M","M","R","B",null,"M","$","?","?","?","E"],"character_chosen":"DEFECT","items_purchased":["Rip and Tear","FocusPotion","Membership Card","Oddly Smooth Stone","Master of Strategy","Coolheaded","Gash"],"campfire_rested":2,"item_purchase_floors":[2,2,19,19,19,19,19],"current_hp_per_floor":[68,68,68,68,68,52,52,28,28,10,32,32,19,6,28,28,63,45,45,23,23,23,0,0],"gold":38,"neow_bonus":"THREE_ENEMY_KILL","is_daily":false,"chose_seed":false,"campfire_upgraded":1,"win_rate":0.0,"timestamp":1612293732,"path_taken":["M","$","?","?","M","E","R","E","T","E","R","?","M","M","R","BOSS","M","$","?","?","?","E"],"items_purchased_type":["Card","Potion","Relic","Relic","Card","Card","Card"],"build_version":"2020-12-22","purchased_purges":1,"victory":false,"max_hp_per_floor":[75,75,75,75,75,75,75,75,75,75,75,75,75,75,75,75,75,75,75,75,75,75,75,75],"relic_stats":{"counters":[12,40],"Ectoplasm":51,"Juzu Bracelet":1,"Orichalcum":[42],"Boot":[36],"obtain_stats":[{"NeowsBlessing":0,"Oddly Smooth Stone":19,"Ectoplasm":17,"Omamori":6,"Juzu Bracelet":10,"Red Mask":20,"Membership Card":19,"Orichalcum":8,"Cracked Core":0,"Boot":9},{"NeowsBlessing":0,"Oddly Smooth Stone":10,"Ectoplasm":9,"Omamori":4,"Juzu Bracelet":6,"Red Mask":11,"Membership Card":10,"Orichalcum":5,"Cracked Core":0,"Boot":5},{"NeowsBlessing":0,"Oddly Smooth Stone":34,"Ectoplasm":30,"Omamori":6,"Juzu Bracelet":17,"Red Mask":38,"Membership Card":34,"Orichalcum":10,"Cracked Core":0,"Boot":10}]},"card_choices":[{"not_picked":["Recycle","Barrage"],"picked":"Conserve Battery","floor":1.0},{"not_picked":["Fusion","Aggregate"],"picked":"Lockon","floor":4},{"not_picked":["Redo","Rebound"],"picked":"Gash","floor":5},{"not_picked":["Melter","Compile Driver","Sweeping Beam"],"picked":"SKIP","floor":6},{"not_picked":["Darkness","Lockon"],"picked":"Cold Snap","floor":8},{"not_picked":["Blizzard","Streamline"],"picked":"Rainbow","floor":10},{"not_picked":["Scrape","Compile Driver"],"picked":"Ball Lightning","floor":13},{"not_picked":["Recycle","Darkness"],"picked":"Echo Form","floor":14},{"not_picked":["Reboot","Meteor Strike"],"picked":"Echo Form","floor":16},{"not_picked":["Rebound+1","Melter"],"picked":"Double Energy","floor":18},{"not_picked":["Darkness","Rip and Tear+1"],"picked":"Steam","floor":20}],"player_experience":6091552,"relics_obtained":[{"floor":6,"key":"Omamori"},{"floor":8,"key":"Orichalcum"},{"floor":9,"key":"Boot"},{"floor":10,"key":"Juzu Bracelet"},{"floor":20,"key":"Red Mask"}],"event_choices":[{"damage_healed":0.0,"max_hp_gain":0.0,"max_hp_loss":0.0,"gold_gain":0.0,"cards_transformed":["Strike_B"],"event_name":"Transmorgrifier","player_choice":"Transformed","floor":3.0,"gold_loss":0.0,"damage_taken":0.0,"cards_obtained":["All For One"]},{"damage_healed":0,"gold_gain":175,"player_choice":"AGREE","damage_taken":0,"max_hp_gain":0,"max_hp_loss":0,"event_name":"Liars Game","floor":12,"gold_loss":0,"cards_obtained":["Doubt"]},{"damage_healed":0,"gold_gain":0,"player_choice":"Fought Bandits","damage_taken":0,"max_hp_gain":0,"max_hp_loss":0,"event_name":"Masked Bandits","floor":20,"gold_loss":0},{"damage_healed":0,"gold_gain":0,"cards_transformed":["Strike_B"],"player_choice":"Transformed","damage_taken":0,"max_hp_gain":0,"max_hp_loss":0,"event_name":"Transmorgrifier","floor":21,"gold_loss":0,"cards_obtained":["Static Discharge"]},{"damage_healed":0,"gold_gain":0,"player_choice":"Ignored","damage_taken":0,"max_hp_gain":0,"max_hp_loss":0,"event_name":"Vampires","floor":22,"gold_loss":0}],"is_beta":false,"boss_relics":[{"not_picked":["Runic Dome","Tiny House"],"picked":"Ectoplasm"}],"items_purged_floors":[19],"is_endless":false,"potions_floor_spawned":[1,4,10,14],"killed_by":"Slavers","ascension_level":10}}