{"host":"nlbr7nnijupf3yfg","time":1612235511,"event":{"mods":["AchievementEnabler","BaseMod","Colored Powertips","DeckTracker","Hubris","Minty Spire (QoL Compilation)","Replay The Spire","StSLib","SuperFastMode"],"gold_per_floor":[110,110,130,140,140,172,172,172,172,184,198,198,213,224,224,328,328,338,356,356,356,367,367,327,327,327,327,346,361,379,403,403,506,506,516,516,531,531,551,551,563,563,616,627,650,662,662,676,676,676],"floor_reached":51,"language":"ENG","playtime":891,"items_purged":[],"score":756,"play_id":"afb10552-aa9a-46c1-8b60-5ebcea25cfb5","local_time":"20210201221151","is_ascension_mode":true,"campfire_choices":[{"data":"Perfected Strike","floor":7,"key":"SMITH"},{"floor":12,"key":"REST"},{"floor":15,"key":"REST"},{"floor":23,"key":"REST"},{"data":"Metallicize","floor":25,"key":"SMITH"},{"data":"Feed","floor":27,"key":"SMITH"},{"floor":40,"key":"REST"},{"floor":42,"key":"REST"},{"floor":47,"key":"REST"},{"floor":49,"key":"REST"}],"circlet_count":0,"master_deck":["Feed+1","Strike_R","Strike_R","Strike_R","Strike_R","Defend_R+1","Defend_R","Defend_R","Bash","Sword Boomerang","Cleave","Bash","Flex","Perfected Strike+1","Ghostly Armor+1","Infernal Blade","Ghostly Armor","Immolate","Immolate","Perfected Strike","Metallicize+1","Entrench","Armaments","Double Tap","Spot Weakness+1","Apotheosis","Double Tap","Heavy Blade+1"],"relics":["Runic Dome","ReplayTheSpireMod:Shallot","Quantum Egg","Busted Crown","hubris:MysteriousPyramids","Replay:Mystery Machine","hubris:VirtuousBlindfold","Happy Flower","hubris:Spice"],"acts_visited":["Exordium","TheCity","TheBeyond"],"potions_floor_usage":[16,16,33,33,50,50],"damage_taken":[{"damage":8,"enemies":"2 Louse","floor":1,"turns":3},{"damage":5,"enemies":"Cultist","floor":3,"turns":4},{"damage":12,"enemies":"Jaw Worm","floor":4,"turns":2},{"damage":18,"enemies":"Replay:BlueRogue","floor":6,"turns":4},{"damage":1,"enemies":"Gremlin Gang","floor":10,"turns":3},{"damage":22,"enemies":"Exordium Wildlife","floor":11,"turns":4},{"damage":5,"enemies":"3 Louse","floor":13,"turns":2},{"damage":0,"enemies":"Large Slime","floor":14,"turns":3},{"damage":71,"enemies":"Hexaghost","floor":16,"turns":10},{"damage":6,"enemies":"2 Thieves","floor":18,"turns":3},{"damage":9,"enemies":"Chosen","floor":19,"turns":2},{"damage":16,"enemies":"Shelled Parasite and Fungi","floor":22,"turns":3},{"damage":11,"enemies":"Sentry and Sphere","floor":28,"turns":5},{"damage":0,"enemies":"Snake Plant","floor":29,"turns":2},{"damage":4,"enemies":"Snecko","floor":30,"turns":4},{"damage":11,"enemies":"Pondfish","floor":33,"turns":13},{"damage":0,"enemies":"3 Darklings","floor":35,"turns":3},{"damage":3,"enemies":"3 Shapes","floor":37,"turns":3},{"damage":43,"enemies":"Maw","floor":39,"turns":7},{"damage":30,"enemies":"Writhing Mass","floor":41,"turns":4},{"damage":0,"enemies":"Jaw Worm Horde","floor":44,"turns":2},{"damage":10,"enemies":"3 Darklings","floor":46,"turns":3},{"damage":34,"enemies":"4 Shapes","floor":48,"turns":2},{"damage":72,"enemies":"Replay:Hell Engine","floor":50,"turns":7}],"seed_played":"-6627111949732630327","potions_obtained":[{"floor":3,"key":"Swift Potion"},{"floor":11,"key":"Dexterity Potion"},{"floor":13,"key":"BlessingOfTheForge"},{"floor":16,"key":"ColorlessPotion"},{"floor":21,"key":"PowerPotion"},{"floor":22,"key":"Fire Potion"},{"floor":33,"key":"SteroidPotion"},{"floor":35,"key":"Milkshake"},{"floor":41,"key":"Energy Potion"}],"is_trial":false,"path_per_floor":["M","?","M","M","$","E","R","?","T","M","M","R","M","M","R","B",null,"M","M","?","?","M","R","?","R","T","R","M","M","M","T","R","B",null,"M","?","M","?","M","R","M","R","T","M","?","M","R","M","R","B",null],"character_chosen":"IRONCLAD","items_purchased":[],"campfire_rested":7,"item_purchase_floors":[],"current_hp_per_floor":[75,75,73,64,64,46,46,46,46,48,26,53,51,54,83,12,77,71,62,62,62,46,75,75,75,75,75,68,72,72,72,72,61,98,102,102,103,103,64,100,70,106,106,106,66,56,95,65,105,33],"gold":676,"neow_bonus":"BOSS_RELIC","is_daily":false,"chose_seed":false,"campfire_upgraded":3,"win_rate":0.0,"timestamp":1612235511,"path_taken":["M","?","M","M","?","E","R","?","T","?","?","R","M","M","R","BOSS","M","M","?","?","?","R","?","R","T","R","M","M","?","?","R","BOSS","M","?","M","?","?","R","M","R","T","M","?","?","R","M","R","BOSS"],"items_purchased_type":[],"build_version":"2020-12-22","purchased_purges":0,"victory":true,"max_hp_per_floor":[83,83,86,89,89,89,89,89,89,92,92,92,95,98,98,98,98,98,98,98,98,98,98,98,98,98,98,102,106,110,110,110,110,110,114,114,118,118,122,122,122,122,122,122,130,130,130,134,134,134],"card_choices":[{"not_picked":["Reckless Charge","Havoc"],"picked":"Sword Boomerang","floor":1},{"not_picked":["Blood for Blood","Massacre"],"picked":"Flex","floor":3},{"not_picked":["Replay:Undeath\u0027s Touch","Dual Wield"],"picked":"Perfected Strike","floor":4},{"not_picked":["hubris:CleavingFinish","Wild Strike"],"picked":"Ghostly Armor","floor":6},{"not_picked":["Warcry","ReplayTheSpireMod:Corrosion Curse"],"picked":"Infernal Blade","floor":10},{"not_picked":["Wild Strike","ReplayTheSpireMod:Corrosion Curse","Reckless Charge"],"picked":"SKIP","floor":11},{"not_picked":["Power Through","hubris:CleavingFinish"],"picked":"Ghostly Armor","floor":13},{"not_picked":["Body Slam","Seeing Red"],"picked":"Immolate","floor":14},{"not_picked":["Limit Break","Brutality"],"picked":"Immolate","floor":16},{"not_picked":["Clash+1"],"picked":"SKIP","floor":18},{"not_picked":[],"picked":"Perfected Strike","floor":19},{"not_picked":[],"picked":"Metallicize","floor":22},{"not_picked":["Warcry"],"picked":"SKIP","floor":28},{"not_picked":[],"picked":"Entrench","floor":29},{"not_picked":["Havoc"],"picked":"SKIP","floor":30},{"not_picked":[],"picked":"Double Tap","floor":33},{"not_picked":[],"picked":"Spot Weakness+1","floor":35},{"not_picked":[],"picked":"Apotheosis","floor":36},{"not_picked":["Sever Soul"],"picked":"SKIP","floor":37},{"not_picked":["Havoc"],"picked":"SKIP","floor":39},{"not_picked":["hubris:ReadiedAction"],"picked":"SKIP","floor":41},{"not_picked":["Clash+1"],"picked":"SKIP","floor":44},{"not_picked":[],"picked":"Heavy Blade+1","floor":46},{"not_picked":["Searing Blow"],"picked":"SKIP","floor":48}],"player_experience":39783,"relics_obtained":[{"floor":6,"key":"ReplayTheSpireMod:Shallot"},{"floor":9,"key":"Quantum Egg"},{"floor":26,"key":"hubris:MysteriousPyramids"},{"floor":31,"key":"Replay:Mystery Machine"},{"floor":43,"key":"Happy Flower"},{"floor":45,"key":"hubris:Spice"}],"event_choices":[{"damage_healed":0,"gold_gain":0,"player_choice":"2 cards matched","damage_taken":0,"max_hp_gain":0,"max_hp_loss":0,"event_name":"Match and Keep!","floor":2,"gold_loss":0,"cards_obtained":["Cleave","Bash"]},{"cards_removed":["Strike_R"],"damage_healed":0,"gold_gain":0,"player_choice":"Offered Basic","damage_taken":0,"max_hp_gain":0,"max_hp_loss":0,"event_name":"Bonfire Elementals","floor":8,"gold_loss":0},{"damage_healed":0,"gold_gain":0,"player_choice":"Ignored","damage_taken":0,"max_hp_gain":0,"max_hp_loss":0,"event_name":"Ghosts","floor":20,"gold_loss":0},{"damage_healed":0,"gold_gain":0,"player_choice":"Got Potions","damage_taken":0,"max_hp_gain":0,"max_hp_loss":0,"event_name":"Lab","floor":21,"gold_loss":0},{"damage_healed":0,"gold_gain":0,"player_choice":"Upgraded Two","damage_taken":0,"max_hp_gain":0,"max_hp_loss":0,"event_name":"Designer","floor":24,"gold_loss":40,"cards_upgraded":["Defend_R","Ghostly Armor"]},{"damage_healed":0,"gold_gain":0,"player_choice":"Memory 1","damage_taken":0,"max_hp_gain":0,"max_hp_loss":0,"event_name":"SensoryStone","floor":36,"gold_loss":0},{"damage_healed":0,"gold_gain":0,"player_choice":"1 cards matched","damage_taken":0,"max_hp_gain":0,"max_hp_loss":0,"event_name":"Match and Keep!","floor":38,"gold_loss":0,"cards_obtained":["Double Tap"]}],"is_beta":false,"boss_relics":[{"not_picked":["hubris:RunicObelisk","hubris:GrandSneckoEye"],"picked":"Busted Crown"},{"not_picked":["ReplayTheSpireMod:DimensionalGlitch","Tiny House"],"picked":"hubris:VirtuousBlindfold"}],"items_purged_floors":[],"is_endless":false,"potions_floor_spawned":[3,11,13,16,22,30,33,35,39,41,46],"ascension_level":5}}