{"host":"m0bekkrd201b63ug","time":1612231726,"event":{"mods":["AchievementEnabler","BaseMod","Colored Powertips","Minty Spire (QoL Compilation)","Rare Cards Sparkle","StSLib","SuperFastMode","everything is the same but u backflip on backflip","slay the spire mod where everything is the same but ironclad has a cowboy hat"],"gold_per_floor":[119,194,194,194,210,210,225,225,299,299,315,329,329,170,170,241,241,253,237,162,179,1,1,1,1,27,27,27],"floor_reached":27,"language":"ENG","playtime":966,"items_purged":["Strike_G","Strike_G"],"score":352,"play_id":"a0556466-b436-4a67-9d66-7eb6ace1f4a3","local_time":"20210202000846","is_ascension_mode":true,"campfire_choices":[{"data":"Footwork","floor":6.0,"key":"SMITH"},{"data":"Neutralize","floor":13,"key":"SMITH"},{"floor":15,"key":"REST"},{"data":"Footwork","floor":23,"key":"SMITH"},{"floor":25,"key":"REST"}],"circlet_count":0,"master_deck":["AscendersBane","Defend_G","Defend_G","Defend_G","Defend_G","Defend_G","Survivor","Neutralize+1","Heel Hook+1","Footwork+1","Footwork","Escape Plan","Flying Knee+1","Noxious Fumes","Malaise","Escape Plan+1","Footwork+1"],"relics":["Empty Cage","Molten Egg 2","Velvet Choker","Lantern"],"acts_visited":["Exordium","TheCity"],"potions_floor_usage":[12,16,21,27],"damage_taken":[{"damage":2.0,"enemies":"Small Slimes","floor":1.0,"turns":6.0},{"damage":4.0,"enemies":"Jaw Worm","floor":5.0,"turns":5.0},{"damage":2.0,"enemies":"2 Louse","floor":7.0,"turns":3.0},{"damage":26,"enemies":"Lots of Slimes","floor":11,"turns":9},{"damage":10,"enemies":"Exordium Thugs","floor":12,"turns":7},{"damage":7,"enemies":"Slime Boss","floor":16,"turns":14},{"damage":9,"enemies":"Spheric Guardian","floor":18,"turns":7},{"damage":8,"enemies":"2 Thieves","floor":19,"turns":5},{"damage":7,"enemies":"Cultist and Chosen","floor":21,"turns":12},{"damage":5,"enemies":"Colosseum Slavers","floor":27,"turns":8},{"damage":33,"enemies":"Colosseum Nobs","floor":27,"turns":6}],"seed_played":"1927935949746043380","potions_obtained":[{"floor":4.0,"key":"SpeedPotion"},{"floor":4.0,"key":"SteroidPotion"},{"floor":12,"key":"DuplicationPotion"},{"floor":16,"key":"Strength Potion"},{"floor":18,"key":"PowerPotion"}],"is_trial":false,"path_per_floor":["M","?","?","?","M","R","M","T","T","?","M","M","R","$","R","B",null,"M","M","?","M","$","R","?","R","T","?"],"character_chosen":"THE_SILENT","items_purchased":["Flying Knee+1","Noxious Fumes","Footwork"],"campfire_rested":2,"item_purchase_floors":[14,14,22],"current_hp_per_floor":[57,46,46,46,42,42,40,40,40,40,14,4,4,4,23,16,54,45,37,37,30,30,30,12,33,33,0,0],"gold":27,"neow_bonus":"BOSS_RELIC","is_daily":false,"chose_seed":false,"campfire_upgraded":3,"win_rate":0.0,"timestamp":1612231726,"path_taken":["M","?","?","?","?","R","M","?","T","?","M","M","R","$","R","BOSS","M","M","?","M","$","R","?","R","T","?"],"items_purchased_type":["Card","Card","Card"],"build_version":"2020-12-22","purchased_purges":2,"victory":false,"max_hp_per_floor":[66,66,66,66,66,66,66,66,66,66,66,66,66,66,66,66,66,66,66,66,66,66,66,71,71,71,71,71],"card_choices":[{"not_picked":["Backflip","Underhanded Strike"],"picked":"Heel Hook","floor":1.0},{"not_picked":["Poisoned Stab","Endless Agony"],"picked":"Footwork","floor":5.0},{"not_picked":["Slice","PiercingWail"],"picked":"Footwork","floor":7.0},{"not_picked":["Acrobatics","Deflect","Flying Knee+1"],"picked":"SKIP","floor":11},{"not_picked":["Dagger Spray+1","Acrobatics"],"picked":"Escape Plan","floor":12},{"not_picked":["Bullet Time","Wraith Form v2"],"picked":"Malaise","floor":16},{"not_picked":["Blur","Dagger Throw+1"],"picked":"Escape Plan+1","floor":18},{"not_picked":["Distraction","Finisher+1","Underhanded Strike+1"],"picked":"SKIP","floor":19},{"not_picked":["Well Laid Plans","Caltrops","All Out Attack+1"],"picked":"SKIP","floor":21}],"player_experience":224892,"relics_obtained":[{"floor":8.0,"key":"Molten Egg 2"},{"floor":26,"key":"Lantern"}],"event_choices":[{"damage_healed":0.0,"max_hp_gain":0.0,"max_hp_loss":0.0,"gold_gain":75.0,"event_name":"World of Goop","player_choice":"Gather Gold","floor":2.0,"gold_loss":0.0,"damage_taken":11.0},{"damage_healed":0.0,"max_hp_gain":0.0,"max_hp_loss":0.0,"gold_gain":0.0,"event_name":"Living Wall","player_choice":"Grow","floor":3.0,"gold_loss":0.0,"damage_taken":0.0,"cards_upgraded":["Heel Hook"]},{"damage_healed":0.0,"max_hp_gain":0.0,"max_hp_loss":0.0,"gold_gain":0.0,"event_name":"Lab","player_choice":"Got Potions","floor":4.0,"gold_loss":0.0,"damage_taken":0.0},{"damage_healed":0,"gold_gain":0,"player_choice":"Searched \u00270\u0027 times","damage_taken":0,"max_hp_gain":0,"max_hp_loss":0,"event_name":"Dead Adventurer","floor":10,"gold_loss":0},{"cards_removed":["Strike_G"],"damage_healed":0,"gold_gain":0,"player_choice":"Gave Gold","damage_taken":0,"max_hp_gain":0,"max_hp_loss":0,"event_name":"Beggar","floor":20,"gold_loss":75},{"damage_healed":0,"gold_gain":0,"player_choice":"Shed Blood","damage_taken":23,"max_hp_gain":5,"max_hp_loss":0,"event_name":"Forgotten Altar","floor":24,"gold_loss":0},{"damage_healed":0,"gold_gain":0,"player_choice":"Fight","damage_taken":0,"max_hp_gain":0,"max_hp_loss":0,"event_name":"Colosseum","floor":27,"gold_loss":0},{"damage_healed":0,"gold_gain":0,"player_choice":"Fought Nobs","damage_taken":0,"max_hp_gain":0,"max_hp_loss":0,"event_name":"Colosseum","floor":27,"gold_loss":0}],"is_beta":false,"boss_relics":[{"not_picked":["Runic Dome","Runic Pyramid"],"picked":"Velvet Choker"}],"items_purged_floors":[14,22],"is_endless":false,"potions_floor_spawned":[12,16,18,27],"killed_by":"Colosseum Nobs","ascension_level":15}}