{"host":"lehbxtjrpalkmwwj","time":1612267051,"event":{"mods":["BaseMod","Colored Powertips","GungeonMod","Minty Spire (QoL Compilation)","Replay The Spire","Shop Mod","StSLib","The Bug Knight","The Cursed","The Gatherer"],"gold_per_floor":[110,198,8,8,20,20,54,68,68,1,20,20,45,65,65,169,169,180,199,209,58,71,98,98,116,116,144,157,190,190,225,225,324,324,341,341,351,363,375,408,426,444,444,444,471,471,503,523,523,523,523,523,10,36,36],"floor_reached":56,"language":"ZHS","playtime":2725,"items_purged":["ReplayTheSpireMod:Splinters","Pain","Defend_B"],"score":1569,"play_id":"e8359265-330c-4a7b-beb4-2fae41925c6c","local_time":"20210202195731","is_ascension_mode":true,"campfire_choices":[{"floor":6.0,"key":"RECALL"},{"data":"Genetic Algorithm","floor":12.0,"key":"SMITH"},{"floor":15.0,"key":"REST"},{"data":"Defragment","floor":24.0,"key":"SMITH"},{"data":"ReplayTheSpireMod:Reroute Power","floor":30.0,"key":"SMITH"},{"floor":32.0,"key":"REST"},{"floor":44,"key":"REST"},{"floor":46,"key":"REST"},{"floor":49,"key":"REST"},{"floor":52,"key":"REST"}],"circlet_count":0,"master_deck":["Strike_B","Strike_B","Strike_B","Strike_B","Defend_B","Defend_B","Defend_B","Zap","Dualcast","Echo Form","Genetic Algorithm+1","Melter","Cold Snap+1","Cold Snap","Cold Snap","Meteor Strike","Defragment+1","Go for the Eyes+1","Auto Shields","Redo","Thunder Strike","Undo+1","Cold Snap+1","Barrage+1","Capacitor","Capacitor","BootSequence","ReplayRNGCard","Panic Button+1","ReplayGash","ReplayTheSpireMod:Reroute Power+1","Buffer+1","Genetic Algorithm+1","Core Surge","Barrage+1","Fission","Flash of Steel","Time Bomb","Reprogram+1","ReplayTheSpireMod:Reroute Power","Redo","Force Field+1","Barrage+1","Gash","Core Surge","Heatsinks+1","Storm+1","DemoMod:Invincible+1","Time Bomb+1"],"relics":["Cracked Core","Replay:Mystery Machine","DemoMod:GnawedKey","WarpedTongs","Quantum Egg","DemoMod:WhiteGuonStone","Painkiller Herb","Orichalcum","Solar Panel","HollowMod:LifeEnderRelic","Frozen Egg 2","ReplayTheSpireMod:Lightbulb","Fusion Hammer","Whetstone","Snack Pack","Omamori","Onion Ring","Blue Doll","Gremlin Food"],"acts_visited":["Exordium","TheCity","TheBeyond","TheEnding"],"potions_floor_usage":[41,55,55],"damage_taken":[{"damage":7.0,"enemies":"2 Louse","floor":1.0,"turns":2.0},{"damage":12.0,"enemies":"Jaw Worm","floor":5.0,"turns":3.0},{"damage":10.0,"enemies":"Replay:BlueRogue","floor":7.0,"turns":6.0},{"damage":8.0,"enemies":"Small Slimes","floor":8.0,"turns":2.0},{"damage":12.0,"enemies":"Red Slaver","floor":11.0,"turns":2.0},{"damage":10.0,"enemies":"HollowMod:MossKnight","floor":13.0,"turns":6.0},{"damage":4.0,"enemies":"Gremlin Gang","floor":14.0,"turns":3.0},{"damage":26.0,"enemies":"The Guardian","floor":16.0,"turns":12.0},{"damage":9.0,"enemies":"Shell Parasite","floor":18.0,"turns":6.0},{"damage":0.0,"enemies":"Spheric Guardian","floor":19.0,"turns":3.0},{"damage":21.0,"enemies":"Chosen and Byrds","floor":20.0,"turns":7.0},{"damage":0.0,"enemies":"Snecko","floor":22.0,"turns":4.0},{"damage":6.0,"enemies":"Gremlin Leader","floor":23.0,"turns":8.0},{"damage":2.0,"enemies":"Cultist and Chosen","floor":25.0,"turns":5.0},{"damage":23.0,"enemies":"Slavers","floor":27.0,"turns":8.0},{"damage":0.0,"enemies":"3 Cultists","floor":28.0,"turns":5.0},{"damage":0.0,"enemies":"Replay:Snechameleon","floor":29.0,"turns":6.0},{"damage":0.0,"enemies":"Gremlin Leader","floor":31.0,"turns":10.0},{"damage":24.0,"enemies":"Collector","floor":33.0,"turns":11.0},{"damage":9.0,"enemies":"3 Darklings","floor":35.0,"turns":6.0},{"damage":0.0,"enemies":"Orb Walker","floor":37.0,"turns":3.0},{"damage":16.0,"enemies":"3 Darklings","floor":38.0,"turns":8.0},{"damage":16.0,"enemies":"Maw","floor":39.0,"turns":6.0},{"damage":0.0,"enemies":"Reptomancer","floor":40.0,"turns":7.0},{"damage":0,"enemies":"Spire Growth","floor":41,"turns":4},{"damage":0,"enemies":"Writhing Mass","floor":42,"turns":6},{"damage":0,"enemies":"Giant Head","floor":45,"turns":9},{"damage":0,"enemies":"HollowMod:StalkingDevout","floor":47,"turns":8},{"damage":16,"enemies":"Jaw Worm Horde","floor":48,"turns":5},{"damage":38,"enemies":"Awakened One","floor":50,"turns":11},{"damage":36,"enemies":"Shield and Spear","floor":54,"turns":9},{"damage":54,"enemies":"The Heart","floor":55,"turns":9}],"seed_played":"7478643839330240182","potions_obtained":[{"floor":1.0,"key":"Dexterity Potion"},{"floor":5.0,"key":"Weak Potion"},{"floor":16.0,"key":"LiquidMemories"},{"floor":27.0,"key":"Fire Potion"},{"floor":28.0,"key":"BlessingOfTheForge"},{"floor":29.0,"key":"FairyPotion"},{"floor":31.0,"key":"PotionOfCapacity"},{"floor":35.0,"key":"FearPotion"},{"floor":40.0,"key":"ColorlessPotion"},{"floor":42,"key":"EssenceOfDarkness"},{"floor":45,"key":"DemoMod:LeadSkinPotion"}],"is_trial":false,"path_per_floor":["M","?","$","?","M","R","E","M","T","$","M","R","E","M","R","B",null,"?","?","?","T","?","E","T","?","T","E","?","E","T","E","T","B",null,"?","?","?","?","?","E","?","?","T","T","E","T","E","?","T","B",null,"T","T","E","B",null],"character_chosen":"DEFECT","items_purchased":["DemoMod:GnawedKey","Defragment","Capacitor","Storm+1","Blue Doll","DemoMod:Invincible+1"],"campfire_rested":6,"item_purchase_floors":[3,10,21,53,53,53],"current_hp_per_floor":[68,68,68,68,56,56,46,38,38,38,26,26,16,12,34,8,75,66,66,45,45,45,39,39,37,37,16,16,20,20,20,42,20,75,66,66,66,52,38,42,44,44,44,66,75,75,75,67,75,55,75,75,75,53,15],"gold":36,"neow_bonus":"THREE_RARE_CARDS","is_daily":false,"chose_seed":false,"campfire_upgraded":3,"win_rate":0.0,"timestamp":1612267051,"path_taken":["M","?","$","?","?","R","E","?","T","?","?","R","E","?","R","BOSS","?","?","?","T","?","E","T","?","T","E","?","E","T","E","T","BOSS","?","?","?","?","?","E","?","?","T","T","E","T","E","?","T","BOSS","T","T","E","BOSS"],"items_purchased_type":["Relic","Card","Card","Card","Relic","Card"],"build_version":"2020-12-22","purchased_purges":3,"victory":true,"max_hp_per_floor":[75,75,75,75,75,75,75,75,75,75,75,75,75,75,75,75,75,75,75,75,75,75,75,75,75,75,75,75,75,75,75,75,75,75,75,75,75,75,75,75,75,75,75,75,75,75,75,75,75,75,75,75,75,75,75],"card_choices":[{"not_picked":["Reboot","Rainbow"],"picked":"Echo Form","floor":0.0},{"not_picked":["Gash","Crystallizer"],"picked":"Genetic Algorithm","floor":1.0},{"not_picked":["Hologram","Go for the Eyes"],"picked":"Melter","floor":2.0},{"not_picked":["Conserve Battery","Leap"],"picked":"Cold Snap","floor":2.0},{"not_picked":["Panic Button","Stack"],"picked":"Cold Snap","floor":5.0},{"not_picked":["Go for the Eyes","Barrage"],"picked":"Cold Snap","floor":7.0},{"not_picked":["Panic Button","Cold Snap"],"picked":"Meteor Strike","floor":8.0},{"not_picked":["Leap","Sweeping Beam"],"picked":"Go for the Eyes","floor":11.0},{"not_picked":["Conserve Battery","Go for the Eyes"],"picked":"Auto Shields","floor":13.0},{"not_picked":["Compile Driver","Barrage"],"picked":"Redo","floor":14.0},{"not_picked":["Meteor Strike","Mirror Shield"],"picked":"Thunder Strike","floor":16.0},{"not_picked":["Gash","Compile Driver"],"picked":"Undo+1","floor":18.0},{"not_picked":["Heatsinks+1","BasicCrystalCard"],"picked":"Cold Snap+1","floor":19.0},{"not_picked":["Streamline","Cold Snap"],"picked":"Barrage+1","floor":20.0},{"not_picked":["Beam Cell","Hologram"],"picked":"BootSequence","floor":22.0},{"not_picked":["Rebound","Hologram"],"picked":"ReplayRNGCard","floor":23.0},{"not_picked":["Cold Snap+1","Aggregate"],"picked":"Panic Button+1","floor":25.0},{"not_picked":["Turbo","Beam Cell"],"picked":"ReplayGash","floor":27.0},{"not_picked":["Streamline","Compile Driver"],"picked":"ReplayTheSpireMod:Reroute Power","floor":28.0},{"not_picked":["Doom and Gloom","Aggregate"],"picked":"Buffer+1","floor":29.0},{"not_picked":["Sweeping Beam","Stack"],"picked":"Genetic Algorithm+1","floor":31.0},{"not_picked":["Meteor Strike","Multi-Cast"],"picked":"Core Surge","floor":33.0},{"not_picked":["Coolheaded+1","Beam Cell+1"],"picked":"Barrage+1","floor":35.0},{"not_picked":["Streamline+1","Conserve Battery"],"picked":"Time Bomb","floor":37.0},{"not_picked":["Cold Snap+1","Rebound"],"picked":"Reprogram+1","floor":38.0},{"not_picked":["Capacitor+1","ReplaySolidLightProjector"],"picked":"ReplayTheSpireMod:Reroute Power","floor":39.0},{"not_picked":["Turbo","ReplayTheSpireMod:System Scan+1"],"picked":"Redo","floor":40.0},{"not_picked":["ReplayGash","Ball Lightning"],"picked":"Force Field+1","floor":41},{"not_picked":["Genetic Algorithm","White Noise"],"picked":"Barrage+1","floor":42},{"not_picked":["Streamline","Capacitor+1"],"picked":"Gash","floor":45},{"not_picked":["ReplayTheSpireMod:Calculation Training","Self Repair+1"],"picked":"Core Surge","floor":47},{"not_picked":["Chill","Redo"],"picked":"Heatsinks+1","floor":48},{"not_picked":["Hologram+1","Panic Button+1"],"picked":"Time Bomb+1","floor":54}],"player_experience":100077,"relics_obtained":[{"floor":2.0,"key":"Replay:Mystery Machine"},{"floor":7.0,"key":"Quantum Egg"},{"floor":13.0,"key":"DemoMod:WhiteGuonStone"},{"floor":23.0,"key":"Orichalcum"},{"floor":26.0,"key":"Solar Panel"},{"floor":27.0,"key":"HollowMod:LifeEnderRelic"},{"floor":29.0,"key":"Frozen Egg 2"},{"floor":31.0,"key":"ReplayTheSpireMod:Lightbulb"},{"floor":40.0,"key":"Whetstone"},{"floor":43,"key":"Snack Pack"},{"floor":45,"key":"Omamori"},{"floor":47,"key":"Onion Ring"},{"floor":54,"key":"Gremlin Food"}],"event_choices":[{"damage_healed":0.0,"max_hp_gain":0.0,"max_hp_loss":0.0,"gold_gain":0.0,"event_name":"Accursed Blacksmith","player_choice":"Rummage","floor":4.0,"gold_loss":0.0,"damage_taken":0.0,"relics_obtained":["WarpedTongs"],"cards_obtained":["Pain"]},{"damage_healed":0.0,"max_hp_gain":0.0,"max_hp_loss":0.0,"gold_gain":0.0,"event_name":"Match and Keep!","player_choice":"2 cards matched","floor":36.0,"gold_loss":0.0,"damage_taken":0.0,"cards_obtained":["Fission","Flash of Steel"]}],"is_beta":false,"boss_relics":[{"not_picked":["Replay:Bronze Core","Nuclear Battery"],"picked":"Painkiller Herb"},{"not_picked":["Tiny House","Replay:Drink Me"],"picked":"Fusion Hammer"}],"items_purged_floors":[3,21,53],"is_endless":false,"potions_floor_spawned":[1,5,16,19,27,28,29,31,35,40,42,45,47,54],"ascension_level":2}}