{"host":"8jwif9mna8ud19ho","time":1612272977,"event":{"mods":["BaseMod","Better Vampires","Marisa£¨ìFÓê¡¡Ä§ÀíÉ³£©","Minty Spire (QoL Compilation)","Reimu£¨²©ÀöÁéÃÎ£©","RumiaBox-Â¶Ã×æ«µÄÉñÃØºÐ×Ó","StSLib","¡¾ÒÅÎï¿¨ÅÆ¡¿REMEMod"],"gold_per_floor":[114,39,189,189,114,158,158,198,198,198,212,233,58,78,78,169,169,187,187,187,202,77,110,110,145,193,33,33,64,64,79,79,172,172,197,40,105,126,126,165,196,236,259,278,323,348,366,436,436,436,436,436,88,121,121],"floor_reached":56,"language":"ZHS","playtime":1772,"items_purged":["Doubt","Strike_P","Defend_P","Defend_P"],"score":2678,"play_id":"5ae183d1-99bc-4f81-b5e0-dc363fe3f866","local_time":"20210202213617","is_ascension_mode":true,"campfire_choices":[{"data":"Feed","floor":7.0,"key":"SMITH"},{"data":"TalkToTheHand","floor":15.0,"key":"SMITH"},{"data":"Ragnarok","floor":24.0,"key":"SMITH"},{"data":"Fasting2","floor":28.0,"key":"SMITH"},{"floor":32.0,"key":"REST"},{"floor":49.0,"key":"RECALL"},{"data":"CardOfSanctity:ReiMu","floor":52.0,"key":"SMITH"}],"circlet_count":0,"master_deck":["AscendersBane","Strike_P","Strike_P","Strike_P","Eruption+1","Vigilance","Feed+1","FlurryOfBlows","TalkToTheHand+1","Ragnarok+1","Fasting2+1","CardOfSanctity:ReiMu+1","Bullet Time","Immolate","Whirlwind","RainPray2:ReiMu","Acrobatics","REME_Whirling","Aggregate","Footwork","After Image","Deep Breath","InnerPeace"],"relics":["PureWater","REME_ComplimentaryCards","NeowsBlessing","Golden Idol","Omamori","Pen Nib","Letter Opener","Sozu","PlanX","Nunchaku","Mastiff:ReiMu","PrismaticShard","REME_IWantAll","Runic Dome","Membership Card","MoreBug","Lizard Tail","Singing Bowl","Shovel","CeramicFish","Question Card","Damaru","Ccalipers","Chemical X","Vajra","Centennial Puzzle"],"acts_visited":["Exordium","TheCity","TheBeyond","TheEnding"],"potions_floor_usage":[],"damage_taken":[{"damage":0.0,"enemies":"Small Slimes","floor":1.0,"turns":2.0},{"damage":0.0,"enemies":"Lagavulin","floor":6.0,"turns":2.0},{"damage":0.0,"enemies":"3 Sentries","floor":8.0,"turns":2.0},{"damage":0.0,"enemies":"2 Louse","floor":11.0,"turns":2.0},{"damage":0.0,"enemies":"Cultist","floor":12.0,"turns":2.0},{"damage":0.0,"enemies":"2 Fungi Beasts","floor":14.0,"turns":2.0},{"damage":66.0,"enemies":"The Guardian","floor":16.0,"turns":11.0},{"damage":12.0,"enemies":"Shell Parasite","floor":18.0,"turns":8.0},{"damage":0.0,"enemies":"Spheric Guardian","floor":21.0,"turns":2.0},{"damage":44.0,"enemies":"Slavers","floor":23.0,"turns":4.0},{"damage":13.0,"enemies":"Gremlin Leader","floor":25.0,"turns":6.0},{"damage":6.0,"enemies":"Book of Stabbing","floor":29.0,"turns":4.0},{"damage":0.0,"enemies":"3 Cultists","floor":31.0,"turns":2.0},{"damage":33.0,"enemies":"Collector","floor":33.0,"turns":4.0},{"damage":13.0,"enemies":"3 Darklings","floor":35.0,"turns":3.0},{"damage":0.0,"enemies":"2 Orb Walkers","floor":37.0,"turns":2.0},{"damage":2.0,"enemies":"Orb Walker","floor":38.0,"turns":2.0},{"damage":22.0,"enemies":"Giant Head","floor":40.0,"turns":3.0},{"damage":0.0,"enemies":"Mind Bloom Boss Battle","floor":41.0,"turns":3.0},{"damage":27.0,"enemies":"Nemesis","floor":42.0,"turns":5.0},{"damage":6.0,"enemies":"3 Darklings","floor":44.0,"turns":3.0},{"damage":0.0,"enemies":"Giant Head","floor":45.0,"turns":4.0},{"damage":0.0,"enemies":"Spire Growth","floor":46.0,"turns":2.0},{"damage":39.0,"enemies":"4 Shapes","floor":47.0,"turns":3.0},{"damage":0.0,"enemies":"Reptomancer","floor":48.0,"turns":3.0},{"damage":64.0,"enemies":"Donu and Deca","floor":50.0,"turns":6.0},{"damage":39.0,"enemies":"Shield and Spear","floor":54.0,"turns":3.0},{"damage":61,"enemies":"The Heart","floor":55,"turns":6}],"seed_played":"-104035607650749199","potions_obtained":[{"floor":6.0,"key":"Explosive Potion"},{"floor":16.0,"key":"Strength Potion"}],"is_trial":false,"path_per_floor":["M","?","?","?","$","E","R","E","T","?","M","M","$","M","R","B",null,"M","?","?","M","$","E","R","E","T","$","R","E","?","M","R","B",null,"M","$","?","M","T","E","?","E","T","M","E","M","M","E","R","B",null,"R","$","E","B",null],"character_chosen":"WATCHER","items_purchased":["TalkToTheHand","PrismaticShard","Membership Card","Ccalipers","Chemical X","Vajra","InnerPeace"],"campfire_rested":1,"item_purchase_floors":[13,27,36,53,53,53,53],"current_hp_per_floor":[64,64,64,64,64,67,67,71,71,71,75,79,79,83,83,21,71,63,63,63,67,67,27,27,14,14,14,14,8,8,8,37,11,82,69,69,76,78,78,60,66,46,46,46,46,52,19,27,27,51,131,131,131,98,41],"gold":121,"neow_bonus":"THREE_ENEMY_KILL","is_daily":false,"chose_seed":false,"campfire_upgraded":5,"win_rate":0.0,"timestamp":1612272977,"path_taken":["M","?","?","?","$","E","R","E","T","?","?","M","$","M","R","BOSS","M","?","?","M","$","E","R","E","T","?","R","E","?","M","R","BOSS","M","$","?","M","?","E","?","E","T","M","E","M","M","E","R","BOSS","R","$","E","BOSS"],"items_purchased_type":["Card","Relic","Relic","Relic","Relic","Relic","Card"],"build_version":"2020-12-22","purchased_purges":4,"victory":true,"max_hp_per_floor":[71,71,71,64,64,67,67,71,71,71,75,79,79,83,83,87,87,91,91,91,95,95,99,99,99,99,99,99,99,99,99,99,106,106,106,106,113,117,117,119,125,131,131,137,137,143,149,157,157,157,157,157,157,163,167],"card_choices":[{"not_picked":["Prostrate","SignatureMove"],"picked":"FlurryOfBlows","floor":1.0},{"not_picked":["Collect","ReachHeaven","FlurryOfBlows"],"picked":"SKIP","floor":6.0},{"not_picked":["Halt","CarveReality","CutThroughFate"],"picked":"SKIP","floor":8.0},{"not_picked":["PathToVictory","ClearTheMind","CrushJoints"],"picked":"SKIP","floor":11.0},{"not_picked":["Halt","REME_Repentance","Crescendo"],"picked":"SKIP","floor":12.0},{"not_picked":["Crescendo","CrushJoints","ThirdEye"],"picked":"SKIP","floor":14.0},{"not_picked":["ConjureBlade","Scrawl"],"picked":"Ragnarok","floor":16.0},{"not_picked":["ThirdEye","JustLucky","FlurryOfBlows"],"picked":"SKIP","floor":18.0},{"not_picked":["Wireheading","Collect","Sanctity"],"picked":"SKIP","floor":21.0},{"not_picked":["BowlingBash","Wish","CrushJoints+1"],"picked":"SKIP","floor":23.0},{"not_picked":["Evaluate","FlurryOfBlows"],"picked":"Fasting2","floor":25.0},{"not_picked":["REME_BuildACard","EmergencyTakeOff:ReiMu","Riddle With Holes"],"picked":"SKIP","floor":29.0},{"not_picked":["TightArray:ReiMu+1","Sword Boomerang","WindmillStrike"],"picked":"SKIP","floor":31.0},{"not_picked":["CardOfSanctity:ReiMu","Bullet Time","Immolate"],"picked":"Singing Bowl","floor":33.0},{"not_picked":["Sweeping Beam","Dagger Spray","Defragment+1"],"picked":"SKIP","floor":35.0},{"not_picked":["Whirlwind","RainPray2:ReiMu","Acrobatics"],"picked":"Singing Bowl","floor":37.0},{"not_picked":["ForcedLanding:ReiMu","SpreadBorder2:ReiMu","GravityBeat"],"picked":"SKIP","floor":38.0},{"not_picked":["Sucker Punch","Swift Strike+1","Dark Shackles"],"picked":"Singing Bowl","floor":40.0},{"not_picked":["Ball Lightning","Perfected Strike+1","All For One"],"picked":"Singing Bowl","floor":41.0},{"not_picked":["Dark Shackles","ThirdEye","Predator"],"picked":"Singing Bowl","floor":42.0},{"not_picked":["Amulet:ReiMu","Wild Strike","FoulBorder2:ReiMu"],"picked":"Singing Bowl","floor":44.0},{"not_picked":["Beam Cell","Underhanded Strike"],"picked":"REME_Whirling","floor":45.0},{"not_picked":["Hologram","GasGiant+1","Headbutt","UpKicking:ReiMu+1"],"picked":"Singing Bowl","floor":46.0},{"not_picked":["Hologram","REME_SingleHolding+1","Blind","PowerUp"],"picked":"Singing Bowl","floor":47.0},{"not_picked":["Aggregate","Footwork","After Image","Deep Breath"],"picked":"Singing Bowl","floor":48.0},{"not_picked":["ThirdEye","WonderfulDomain:ReiMu+1","UnstableBomb","Consecrate"],"picked":"Singing Bowl","floor":54.0}],"player_experience":1125732,"relics_obtained":[{"floor":6.0,"key":"Omamori"},{"floor":8.0,"key":"Pen Nib"},{"floor":9.0,"key":"Letter Opener"},{"floor":23.0,"key":"PlanX"},{"floor":25.0,"key":"Nunchaku"},{"floor":26.0,"key":"Mastiff:ReiMu"},{"floor":29.0,"key":"REME_IWantAll"},{"floor":37.0,"key":"MoreBug"},{"floor":39.0,"key":"Lizard Tail"},{"floor":40.0,"key":"Singing Bowl"},{"floor":41.0,"key":"Shovel"},{"floor":42.0,"key":"CeramicFish"},{"floor":45.0,"key":"Question Card"},{"floor":48.0,"key":"Damaru"},{"floor":54.0,"key":"Centennial Puzzle"}],"event_choices":[{"cards_removed":["Defend_P"],"damage_healed":0.0,"max_hp_gain":0.0,"max_hp_loss":0.0,"gold_gain":0.0,"event_name":"The Cleric","player_choice":"Card Removal","floor":2.0,"gold_loss":75.0,"damage_taken":0.0},{"damage_healed":0.0,"max_hp_gain":0.0,"max_hp_loss":0.0,"gold_gain":150.0,"event_name":"Liars Game","player_choice":"AGREE","floor":3.0,"gold_loss":0.0,"damage_taken":0.0,"cards_obtained":["Doubt"]},{"damage_healed":0.0,"max_hp_gain":0.0,"max_hp_loss":7.0,"gold_gain":0.0,"event_name":"Golden Idol","player_choice":"Lose Max HP","floor":4.0,"gold_loss":0.0,"damage_taken":0.0,"relics_obtained":["Golden Idol"]},{"damage_healed":0.0,"max_hp_gain":0.0,"max_hp_loss":0.0,"gold_gain":0.0,"event_name":"Upgrade Shrine","player_choice":"Upgraded","floor":10.0,"gold_loss":0.0,"damage_taken":0.0,"cards_upgraded":["Eruption"]},{"damage_healed":0.0,"max_hp_gain":0.0,"max_hp_loss":0.0,"gold_gain":0.0,"event_name":"Vampires","player_choice":"Ignored","floor":19.0,"gold_loss":0.0,"damage_taken":0.0},{"damage_healed":0.0,"max_hp_gain":0.0,"max_hp_loss":0.0,"gold_gain":0.0,"event_name":"Ghosts","player_choice":"Ignored","floor":20.0,"gold_loss":0.0,"damage_taken":0.0},{"cards_removed":["Defend_P"],"damage_healed":0.0,"max_hp_gain":0.0,"max_hp_loss":0.0,"gold_gain":0.0,"event_name":"Back to Basics","player_choice":"Elegance","floor":30.0,"gold_loss":0.0,"damage_taken":0.0},{"damage_healed":0.0,"max_hp_gain":0.0,"max_hp_loss":0.0,"gold_gain":0.0,"event_name":"Mysterious Sphere","player_choice":"Fight","floor":37.0,"gold_loss":0.0,"damage_taken":0.0},{"damage_healed":0.0,"max_hp_gain":0.0,"max_hp_loss":0.0,"gold_gain":0.0,"event_name":"MindBloom","player_choice":"Fight","floor":41.0,"gold_loss":0.0,"damage_taken":0.0}],"is_beta":false,"boss_relics":[{"not_picked":["REME_DuelDisc","HolyWater"],"picked":"Sozu"},{"not_picked":["AddBug","Velvet Choker"],"picked":"Runic Dome"}],"items_purged_floors":[5,13,22,53],"is_endless":false,"potions_floor_spawned":[6,16,18,29,37,38,42,47,48],"ascension_level":19}}