{"host":"oehe2dxjvdgux73m","time":1612275389,"event":{"mods":["AchievementEnabler","BaseMod","Colored Map","Colored Powertips","DeckTracker","Keyboard Shortcuts","Minty Spire (QoL Compilation)","Permanent Neow","Quick Restart","StSLib","SuperFastMode"],"gold_per_floor":[11,31,45,45,62,91,91,13,40,40,40],"floor_reached":10,"language":"KOR","playtime":272,"items_purged":[],"score":136,"play_id":"2c403d12-dde8-486e-8cd8-573832f6a698","local_time":"20210202231629","is_ascension_mode":true,"campfire_choices":[{"data":"Noxious Fumes","floor":7,"key":"SMITH"}],"circlet_count":0,"master_deck":["AscendersBane","Strike_G","Strike_G","Strike_G","Strike_G","Defend_G","Defend_G","Defend_G","Defend_G","Defend_G","Survivor","Neutralize","Adrenaline","Predator","Noxious Fumes+1","Endless Agony","Dodge and Roll","Blade Dance","Poisoned Stab"],"relics":["Ring of the Snake","Bronze Scales","Snake Skull"],"acts_visited":["Exordium"],"potions_floor_usage":[6,6],"damage_taken":[{"damage":0,"enemies":"Cultist","floor":1,"turns":4},{"damage":3,"enemies":"Jaw Worm","floor":2,"turns":4},{"damage":1,"enemies":"Small Slimes","floor":3,"turns":3},{"damage":0,"enemies":"Exordium Wildlife","floor":5,"turns":3},{"damage":24,"enemies":"Lagavulin","floor":6,"turns":6},{"damage":31,"enemies":"3 Sentries","floor":10,"turns":7}],"seed_played":"1182394151574359388","potions_obtained":[{"floor":1,"key":"ColorlessPotion"},{"floor":5,"key":"Strength Potion"}],"is_trial":false,"path_per_floor":["M","M","M","?","M","E","R","$","T","E"],"character_chosen":"THE_SILENT","items_purchased":["Blade Dance","Poisoned Stab"],"campfire_rested":0,"item_purchase_floors":[8,8],"current_hp_per_floor":[59,56,55,55,55,31,31,31,31,0,0],"gold":40,"neow_bonus":"THREE_RARE_CARDS","is_daily":false,"chose_seed":false,"campfire_upgraded":1,"win_rate":0.0,"timestamp":1612275389,"path_taken":["M","M","?","?","?","E","R","?","T","E"],"items_purchased_type":["Card","Card"],"build_version":"2020-12-22","purchased_purges":0,"victory":false,"max_hp_per_floor":[66,66,66,66,66,66,66,66,66,66,66],"card_choices":[{"not_picked":["Envenom","Phantasmal Killer"],"picked":"Adrenaline","floor":0},{"not_picked":["Bane","Dagger Throw"],"picked":"Predator","floor":1},{"not_picked":["Predator","Distraction","Eviscerate"],"picked":"SKIP","floor":2},{"not_picked":["Catalyst","Crippling Poison"],"picked":"Noxious Fumes","floor":3},{"not_picked":["Infinite Blades","Expertise"],"picked":"Endless Agony","floor":5},{"not_picked":["Choke","Underhanded Strike"],"picked":"Dodge and Roll","floor":6}],"player_experience":353416,"relics_obtained":[{"floor":6,"key":"Bronze Scales"},{"floor":9,"key":"Snake Skull"}],"event_choices":[{"cards_removed":["Strike_G"],"damage_healed":0,"gold_gain":0,"player_choice":"Offered Basic","damage_taken":0,"max_hp_gain":0,"max_hp_loss":0,"event_name":"Bonfire Elementals","floor":4,"gold_loss":0}],"is_beta":false,"boss_relics":[],"items_purged_floors":[],"is_endless":false,"potions_floor_spawned":[1,5],"killed_by":"3 Sentries","ascension_level":20}}