{"host":"2ty4h143nj8vwezc","time":1612233153,"event":{"mods":["BaseMod","Colored Map","Googly Eyes","Highlight Path","Minty Spire (QoL Compilation)","Quick Restart","StSLib"],"gold_per_floor":[119,43,43,8,8,8,33,43,43,60,91,109,109,129,129,129,129],"floor_reached":16,"language":"ENG","playtime":879,"items_purged":[],"score":257,"play_id":"d84cda92-82c8-41bc-8f2d-73a58b7dd5b8","local_time":"20210201213233","is_ascension_mode":true,"campfire_choices":[{"data":"Doppelganger","floor":6,"key":"SMITH"},{"floor":13,"key":"REST"},{"floor":15,"key":"REST"}],"circlet_count":0,"master_deck":["AscendersBane","Strike_G","Strike_G","Strike_G","Strike_G","Defend_G","Defend_G","Defend_G","Defend_G","Defend_G","Survivor","Neutralize","Setup","Noxious Fumes","Doppelganger+1","Footwork","Catalyst","PiercingWail","Caltrops"],"relics":["Ring of the Snake","NeowsBlessing","Bottled Lightning","Pen Nib","Tingsha"],"acts_visited":["Exordium"],"potions_floor_usage":[10,11,11,12,16],"damage_taken":[{"damage":0,"enemies":"2 Louse","floor":1,"turns":1},{"damage":0,"enemies":"Gremlin Nob","floor":7,"turns":1},{"damage":0,"enemies":"Jaw Worm","floor":8,"turns":1},{"damage":1,"enemies":"Cultist","floor":10,"turns":4},{"damage":34,"enemies":"3 Sentries","floor":11,"turns":9},{"damage":15,"enemies":"Lots of Slimes","floor":12,"turns":6},{"damage":18,"enemies":"Exordium Thugs","floor":14,"turns":5},{"damage":22,"enemies":"Slime Boss","floor":16,"turns":11}],"seed_played":"-1261147027400775308","potions_obtained":[{"floor":1,"key":"EntropicBrew"},{"floor":11,"key":"Fire Potion"},{"floor":14,"key":"PowerPotion"}],"is_trial":false,"path_per_floor":["M","$","?","?","?","R","E","M","T","M","E","M","R","M","R","B"],"character_chosen":"THE_SILENT","items_purchased":["Noxious Fumes"],"campfire_rested":2,"item_purchase_floors":[2],"current_hp_per_floor":[59,59,59,59,59,59,59,59,59,58,24,9,28,10,29,7,7],"gold":129,"neow_bonus":"THREE_ENEMY_KILL","is_daily":false,"chose_seed":false,"campfire_upgraded":1,"win_rate":0.0,"timestamp":1612233153,"path_taken":["M","$","?","?","?","R","E","M","T","M","E","?","R","M","R","BOSS"],"items_purchased_type":["Card"],"build_version":"2020-12-22","purchased_purges":0,"victory":false,"max_hp_per_floor":[66,66,66,66,66,66,66,66,66,66,66,66,66,66,66,66,66],"card_choices":[{"not_picked":["Skewer","Deadly Poison"],"picked":"Setup","floor":1},{"not_picked":["Quick Slash","Prepared"],"picked":"Footwork","floor":7},{"not_picked":["Predator","Dodge and Roll","Cloak And Dagger"],"picked":"SKIP","floor":8},{"not_picked":["Flying Knee","Leg Sweep"],"picked":"Catalyst","floor":10},{"not_picked":["Outmaneuver","Dagger Throw"],"picked":"PiercingWail","floor":11},{"not_picked":["Dagger Throw","Finisher"],"picked":"Caltrops","floor":12},{"not_picked":["Predator","Sucker Punch","Blade Dance"],"picked":"SKIP","floor":14}],"player_experience":323729,"relics_obtained":[{"floor":7,"key":"Bottled Lightning"},{"floor":9,"key":"Pen Nib"},{"floor":11,"key":"Tingsha"}],"event_choices":[{"damage_healed":0,"gold_gain":0,"player_choice":"Leave","damage_taken":0,"max_hp_gain":0,"max_hp_loss":0,"event_name":"The Cleric","floor":3,"gold_loss":0},{"damage_healed":0,"gold_gain":0,"player_choice":"Left Gold","damage_taken":0,"max_hp_gain":0,"max_hp_loss":0,"event_name":"World of Goop","floor":4,"gold_loss":35},{"damage_healed":0,"gold_gain":0,"cards_transformed":["Strike_G"],"player_choice":"Transformed","damage_taken":0,"max_hp_gain":0,"max_hp_loss":0,"event_name":"Transmorgrifier","floor":5,"gold_loss":0,"cards_obtained":["Doppelganger"]}],"is_beta":false,"boss_relics":[],"items_purged_floors":[],"is_endless":false,"potions_floor_spawned":[1,11,14],"killed_by":"Slime Boss","ascension_level":18}}