{"host":"9ahx8fyo8ahtgkt3","time":1612278276,"event":{"mods":["BaseMod","Bestiary","Better Third Choice","BetterRewards","Colored Powertips","Conspire","Curses Come First","Downfall","Evolution","Hubris","Infinite Spire","Minty Spire (QoL Compilation)","Quick Restart","Replay The Spire","Shop Mod","Spicy Shops","StSLib","Synergy Search"],"gold_per_floor":[113,113,113,155,179,213,84,98,144,162,162,174,174,190,190,294,294,305,112,131,6,6,6,35,85,85,164,164,164,181,181,181,285,435,451,468,468,319,319],"floor_reached":38,"language":"DEU","playtime":3834,"items_purged":["Bane","Strike_G","Strike_G"],"score":590,"play_id":"a5c62ad4-3646-42ea-a77f-351ac57e1091","local_time":"20210202160436","is_ascension_mode":false,"campfire_choices":[{"floor":15.0,"key":"DIG"},{"data":"Acrobatics","floor":23.0,"key":"SMITH"},{"data":"conspire:PoisonWeapons","floor":29.0,"key":"SMITH"},{"data":"Fluid Movement","floor":32.0,"key":"SMITH"}],"circlet_count":0,"master_deck":["Replay:Fractal Strike+1","Survivor","Neutralize","ReplayTheSpireMod:From All Sides+1","Backstab","ReplayTheSpireMod:The Works+1","Well Laid Plans+1","conspire:PoisonWeapons+1","Escape Plan","Fluid Movement+1","Acrobatics+1","Backflip","Backflip+1","Noxious Fumes","Looming Evil","Adrenaline","hubris:Despair","Writhe","ReplayTheSpireMod:Splinters","ReplayTheSpireMod:Splinters","Doubt","Normality","Spreading Infection","ReplayTheSpireMod:Faulty Equipment","Decay","Acrobatics"],"relics":["EVO:Axolotl","Sizzling Blood","hubris:PeanutButter","Replay:Mystery Machine","Happy Flower","ReplayTheSpireMod:Lightbulb","hubris:Icosahedron","Replay:PocketPolymizer","WristBlade","BargainBundle","infinitespire:WardingShard","Ring of Hypnosis","Ring of Greed","Blue Doll","hubris:MobiusCoin","War Paint","infinitespire:ShieldingShard","Kintsugi","MerchantsRug"],"acts_visited":["Exordium","TheCity","TheBeyond"],"potions_floor_usage":[36],"damage_taken":[{"damage":0.0,"enemies":"Cultist","floor":1.0,"turns":3.0},{"damage":6.0,"enemies":"conspire:MimicChest","floor":4.0,"turns":8.0},{"damage":12.0,"enemies":"3 Sentries","floor":6.0,"turns":8.0},{"damage":0.0,"enemies":"2 Louse","floor":8.0,"turns":1.0},{"damage":0.0,"enemies":"Small Slimes","floor":10.0,"turns":2.0},{"damage":0.0,"enemies":"Blue Slaver","floor":12.0,"turns":2.0},{"damage":0.0,"enemies":"Looter","floor":14.0,"turns":2.0},{"damage":18.0,"enemies":"Hexaghost","floor":16.0,"turns":8.0},{"damage":1.0,"enemies":"Chosen","floor":18.0,"turns":4.0},{"damage":1.0,"enemies":"3 Byrds","floor":20.0,"turns":5.0},{"damage":8.0,"enemies":"Slavers","floor":24.0,"turns":4.0},{"damage":0.0,"enemies":"Centurion and Healer","floor":30.0,"turns":3.0},{"damage":0.0,"enemies":"Automaton","floor":33.0,"turns":3.0},{"damage":0.0,"enemies":"3 Darklings","floor":35.0,"turns":2.0},{"damage":0,"enemies":"3 Shapes","floor":36,"turns":4},{"damage":79,"enemies":"hubris:Merchant","floor":38,"turns":7}],"seed_played":"-7123817533139186513","potions_obtained":[{"floor":4.0,"key":"FearPotion"},{"floor":8.0,"key":"Adrenaline Potion"},{"floor":10.0,"key":"LiquidMemories"},{"floor":13.0,"key":"Toxic Potion"},{"floor":18.0,"key":"Elixir"},{"floor":30.0,"key":"Ancient Potion"},{"floor":36,"key":"sneckomod:MuddlingPotion"}],"is_trial":false,"path_per_floor":["M","?","?","?","T","E","$","M","T","M","?","M","?","M","R","B",null,"M","$","M","$","?","R","E","?","T","T","?","R","M","?","R","B",null,"M","M","?","$"],"character_chosen":"THE_SILENT","items_purchased":["Well Laid Plans+1","BargainBundle","GhostInAJar","Guardian:BlockOnCardUsePotion","MerchantsRug"],"campfire_rested":0,"item_purchase_floors":[7,19,19,19,38],"current_hp_per_floor":[70,74,74,72,72,64,64,68,68,72,72,74,74,74,74,60,74,74,74,74,74,74,74,70,70,70,70,70,70,74,60,60,64,79,79,79,79,0,0],"gold":319,"neow_bonus":"ONE_RANDOM_RARE_CARD","is_daily":false,"chose_seed":false,"campfire_upgraded":3,"win_rate":0.0,"timestamp":1612278276,"path_taken":["M","?","?","?","?","E","$","M","T","?","?","M","?","M","R","BOSS","M","$","?","$","?","R","E","?","T","?","?","R","?","?","R","BOSS","M","M","?","$"],"items_purchased_type":["Card","Relic","Potion","Potion","Relic"],"build_version":"2020-12-22","purchased_purges":3,"victory":false,"max_hp_per_floor":[70,74,74,74,74,74,74,74,74,74,74,74,74,74,74,74,74,74,74,74,74,74,74,74,74,74,74,74,74,74,79,79,79,79,79,79,79,79,79],"card_choices":[{"not_picked":["Quick Slash","Caltrops","Deadly Poison"],"picked":"SKIP","floor":1.0},{"not_picked":["Underhanded Strike","Blur"],"picked":"Backstab","floor":4.0},{"not_picked":["ReplayTheSpireMod:Necrosis","Eviscerate"],"picked":"ReplayTheSpireMod:The Works","floor":6.0},{"not_picked":["ReplayTheSpireMod:Tripwire","Sucker Punch","Draining Mist"],"picked":"SKIP","floor":8.0},{"not_picked":["Hidden Blade","Caltrops","Leg Sweep"],"picked":"SKIP","floor":10.0},{"not_picked":["Reflex","hubris:SlightOfHand"],"picked":"conspire:PoisonWeapons","floor":12.0},{"not_picked":["All Out Attack","Dagger Spray","Outmaneuver"],"picked":"SKIP","floor":14.0},{"not_picked":["Toxin Wave","Flying Knee"],"picked":"Escape Plan","floor":18.0},{"not_picked":["ReplayTheSpireMod:The Works","conspire:PoisonWeapons"],"picked":"Fluid Movement","floor":20.0},{"not_picked":["Poisoned Stab+1","Outmaneuver","Slice+1"],"picked":"SKIP","floor":24.0},{"not_picked":["Poisoned Stab","Endless Agony"],"picked":"Backflip+1","floor":30.0},{"not_picked":["ReplayTheSpireMod:Necrosis","Poison Darts"],"picked":"Adrenaline","floor":33.0},{"not_picked":["Sucker Punch+1","Crippling Poison+1","ReplayTheSpireMod:Tripwire+1"],"picked":"SKIP","floor":35.0},{"not_picked":["Backflip+1","Outmaneuver"],"picked":"Acrobatics","floor":36}],"player_experience":27695,"relics_obtained":[{"floor":4.0,"key":"hubris:PeanutButter"},{"floor":5.0,"key":"Replay:Mystery Machine"},{"floor":6.0,"key":"Happy Flower"},{"floor":9.0,"key":"ReplayTheSpireMod:Lightbulb"},{"floor":15.0,"key":"Replay:PocketPolymizer"},{"floor":24.0,"key":"infinitespire:WardingShard"},{"floor":25.0,"key":"Ring of Hypnosis"},{"floor":25.0,"key":"Ring of Greed"},{"floor":25.0,"key":"Blue Doll"},{"floor":25.0,"key":"hubris:MobiusCoin"},{"floor":26.0,"key":"War Paint"},{"floor":27.0,"key":"infinitespire:ShieldingShard"}],"event_choices":[{"damage_healed":0.0,"max_hp_gain":0.0,"max_hp_loss":0.0,"gold_gain":0.0,"event_name":"Lab","player_choice":"Got Potions","floor":13.0,"gold_loss":0.0,"damage_taken":0.0},{"damage_healed":0.0,"max_hp_gain":0.0,"max_hp_loss":0.0,"gold_gain":0.0,"event_name":"The Library","player_choice":"Read","floor":22.0,"gold_loss":0.0,"damage_taken":0.0,"cards_obtained":["Acrobatics"]},{"cards_removed":["Delirium"],"damage_healed":0.0,"max_hp_gain":0.0,"max_hp_loss":0.0,"gold_gain":0.0,"event_name":"Wheel of Change","player_choice":"Card Removal","floor":28.0,"gold_loss":0.0,"damage_taken":0.0},{"damage_healed":0.0,"max_hp_gain":5.0,"max_hp_loss":0.0,"gold_gain":0.0,"event_name":"Forgotten Altar","player_choice":"Shed Blood","floor":31.0,"gold_loss":0.0,"damage_taken":19.0},{"cards_removed":["Defend_G"],"damage_healed":0,"gold_gain":0,"player_choice":"Removed Skill","damage_taken":0,"max_hp_gain":0,"max_hp_loss":0,"event_name":"Falling","floor":37,"gold_loss":0}],"is_beta":false,"boss_relics":[{"not_picked":["Replay:Ancient Bell","Astrolabe"],"picked":"WristBlade"},{"not_picked":["HoveringKite","ReplayTheSpireMod:DimensionalGlitch"],"picked":"Kintsugi"}],"items_purged_floors":[7,19,21],"is_endless":false,"potions_floor_spawned":[4,8,10,18,30,36],"killed_by":"hubris:Merchant","ascension_level":0}}