{"host":"4mwxwqvoirj3cq7x","time":1612234335,"event":{"mods":["BaseMod","KinomotoSakuraMod(Ä¾Ö®±¾Ó£)","Minty Spire (QoL Compilation)","StSLib"],"gold_per_floor":[113,132,132,57,77,108,120,148,148,166,184,11,11,31,31,109,109,125,139,139,139,158,158,58,77,77,94,94,94],"floor_reached":28,"language":"ZHS","playtime":1011,"items_purged":["ClowCardTheShield","ClowCardTheSword"],"score":421,"play_id":"e0e3c5b8-4520-4f98-9851-b03a15fc7a4b","local_time":"20210202105215","is_ascension_mode":true,"campfire_choices":[{"data":"ClowCardTheFly","floor":13.0,"key":"SMITH"},{"data":"ClowCardTheBig","floor":15.0,"key":"SMITH"},{"floor":23.0,"key":"REST"}],"circlet_count":0,"master_deck":["SakuraCardTheSword+","AscendersBane","ClowCardTheSword","ClowCardTheSword","ClowCardTheShield","ClowCardTheShield","ClowCardTheShield","SpellCardSeal+1","SpellCardRelease","ClowCardTheFirey+1","ClowCardTheGlow","ClowCardTheFly+1","ClowCardTheWave","ClowCardTheMove+1","ClowCardTheBig+1","ClowCardTheWatery+1","ClowCardTheLight","Necronomicurse","ClowCardTheChange+1","ClowCardTheMove+1","Doubt"],"relics":["KSMOD_SealedBook","KSMOD_SealedWand","Toxic Egg 2","CaptainsWheel","InkBottle","Pen Nib","Cursed Key","Necronomicon","Bottled Lightning"],"acts_visited":["Exordium","TheCity"],"potions_floor_usage":[],"damage_taken":[{"damage":2.0,"enemies":"Jaw Worm","floor":1.0,"turns":2.0},{"damage":0.0,"enemies":"Cultist","floor":2.0,"turns":4.0},{"damage":0.0,"enemies":"2 Louse","floor":5.0,"turns":1.0},{"damage":20.0,"enemies":"3 Sentries","floor":6.0,"turns":5.0},{"damage":8.0,"enemies":"Red Slaver","floor":7.0,"turns":3.0},{"damage":1.0,"enemies":"Gremlin Nob","floor":8.0,"turns":3.0},{"damage":0.0,"enemies":"Large Slime","floor":10.0,"turns":1.0},{"damage":0.0,"enemies":"2 Fungi Beasts","floor":11.0,"turns":2.0},{"damage":5.0,"enemies":"3 Louse","floor":14.0,"turns":4.0},{"damage":2.0,"enemies":"The Guardian","floor":16.0,"turns":6.0},{"damage":6.0,"enemies":"Chosen","floor":18.0,"turns":2.0},{"damage":0.0,"enemies":"Shell Parasite","floor":19.0,"turns":2.0},{"damage":6.0,"enemies":"Snake Plant","floor":22.0,"turns":2.0},{"damage":12.0,"enemies":"Centurion and Healer","floor":25.0,"turns":3.0},{"damage":0.0,"enemies":"Snecko","floor":27.0,"turns":2.0},{"damage":12,"enemies":"Gremlin Leader","floor":28,"turns":1}],"seed_played":"-1958416120941508733","potions_obtained":[{"floor":2.0,"key":"Fire Potion"},{"floor":5.0,"key":"Weak Potion"},{"floor":8.0,"key":"GamblersBrew"},{"floor":10.0,"key":"Ancient Potion"},{"floor":18.0,"key":"DistilledChaos"}],"is_trial":false,"path_per_floor":["M","M","?","$","M","E","M","E","T","M","M","$","R","M","R","B",null,"M","M","?","?","M","R","$","M","T","M","E"],"character_chosen":"KINOMOTOSAKURA","items_purchased":["Pen Nib"],"campfire_rested":1,"item_purchase_floors":[12],"current_hp_per_floor":[57,57,57,57,57,37,29,28,28,28,28,28,28,23,23,21,54,48,48,27,9,3,24,24,12,12,12,0,0],"gold":94,"neow_bonus":"UPGRADE_CARD","is_daily":false,"chose_seed":false,"campfire_upgraded":2,"win_rate":0.0,"timestamp":1612234335,"path_taken":["M","M","?","?","M","E","M","E","T","M","M","$","R","M","R","BOSS","M","M","?","?","M","R","?","M","T","M","E"],"items_purchased_type":["Relic"],"build_version":"2020-12-22","purchased_purges":2,"victory":false,"max_hp_per_floor":[65,65,65,65,65,65,65,65,65,65,65,65,65,65,65,65,65,65,65,65,70,70,70,70,70,70,70,70,70],"card_choices":[{"not_picked":["ClowCardTheErase","ClowCardTheArrow"],"picked":"ClowCardTheFirey","floor":1.0},{"not_picked":["ClowCardTheRain","ClowCardTheArrow"],"picked":"ClowCardTheGlow","floor":2.0},{"not_picked":["ClowCardTheFirey","ClowCardTheErase"],"picked":"ClowCardTheFly","floor":5.0},{"not_picked":["ClowCardTheFloat","ClowCardTheMaze+1"],"picked":"ClowCardTheWave","floor":6.0},{"not_picked":["ClowCardTheMist+1","ClowCardTheIllusion+1","ClowCardTheWood+1"],"picked":"SKIP","floor":7.0},{"not_picked":["ClowCardTheLock+1","ClowCardTheStorm"],"picked":"ClowCardTheMove+1","floor":8.0},{"not_picked":["ClowCardTheLittle","ClowCardTheSweet+1"],"picked":"ClowCardTheBig","floor":10.0},{"not_picked":["ClowCardTheThrough","ClowCardTheRain+1"],"picked":"ClowCardTheWatery+1","floor":11.0},{"not_picked":["ClowCardTheShot","ClowCardTheErase","ClowCardTheMirror+1"],"picked":"SKIP","floor":14.0},{"not_picked":["ClowCardTheTime+1","ClowCardTheFight"],"picked":"ClowCardTheLight","floor":16.0},{"not_picked":["ClowCardTheSand","ClowCardTheMist+1","ClowCardTheMaze+1"],"picked":"SKIP","floor":18.0},{"not_picked":["ClowCardThePower","ClowCardTheFloat","ClowCardTheCloud+1"],"picked":"SKIP","floor":19.0},{"not_picked":["ClowCardThePower","ClowCardTheFloat","ClowCardTheCloud+1"],"picked":"SKIP","floor":19.0},{"not_picked":["ClowCardTheIllusion+1","ClowCardTheSilent+1"],"picked":"ClowCardTheChange+1","floor":22.0},{"not_picked":["ClowCardTheShadow+1","ClowCardTheWatery+1"],"picked":"ClowCardTheMove+1","floor":25.0},{"not_picked":["ClowCardTheMirror+1","ClowCardTheLibra+1","ClowCardTheFirey+1"],"picked":"SKIP","floor":27.0}],"player_experience":627429,"relics_obtained":[{"floor":6.0,"key":"Toxic Egg 2"},{"floor":8.0,"key":"CaptainsWheel"},{"floor":9.0,"key":"InkBottle"},{"floor":20.0,"key":"Necronomicon"},{"floor":26.0,"key":"Bottled Lightning"}],"event_choices":[{"damage_healed":0.0,"max_hp_gain":0.0,"max_hp_loss":0.0,"gold_gain":0.0,"event_name":"Upgrade Shrine","player_choice":"Upgraded","floor":3.0,"gold_loss":0.0,"damage_taken":0.0,"cards_upgraded":["ClowCardTheFirey"]},{"damage_healed":0.0,"max_hp_gain":0.0,"max_hp_loss":0.0,"gold_gain":0.0,"event_name":"Cursed Tome","player_choice":"Obtained Book","floor":20.0,"gold_loss":0.0,"damage_taken":21.0},{"damage_healed":0.0,"max_hp_gain":5.0,"max_hp_loss":0.0,"gold_gain":0.0,"event_name":"Forgotten Altar","player_choice":"Shed Blood","floor":21.0,"gold_loss":0.0,"damage_taken":23.0}],"is_beta":false,"boss_relics":[{"not_picked":["SacredBark","Runic Pyramid"],"picked":"Cursed Key"}],"items_purged_floors":[4,24],"is_endless":false,"potions_floor_spawned":[2,5,8,10,11,18],"killed_by":"Gremlin Leader","ascension_level":16}}