{"host":"c2vrdknshfutmcsq","time":1612275850,"event":{"mods":["BaseMod","Minty Spire (QoL Compilation)"],"gold_per_floor":[365,440,440,465,476,476,492,492,546,546,69,86,112,132,132,208,208,228,10,38,38,38,38],"floor_reached":22,"language":"ENG","playtime":1091,"items_purged":[],"score":355,"play_id":"21ff8631-4675-4b03-a2a0-c4d3374109d2","local_time":"20210202152410","is_ascension_mode":true,"campfire_choices":[{"data":"Dualcast","floor":6.0,"key":"SMITH"},{"floor":8.0,"key":"REST"},{"data":"Zap","floor":10.0,"key":"SMITH"},{"floor":15.0,"key":"REST"}],"circlet_count":0,"master_deck":["AscendersBane","Strike_B","Strike_B","Strike_B","Defend_B","Defend_B","Defend_B","Defend_B","Zap+1","Dualcast+1","Capacitor","Stack","FTL","Go for the Eyes","Aggregate","Conserve Battery","Electrodynamics","Buffer","Rip and Tear","Ball Lightning","Auto Shields"],"relics":["FrozenCore","Centennial Puzzle","Oddly Smooth Stone","Matryoshka","Ancient Tea Set","Ornamental Fan","Boot","Red Mask"],"acts_visited":["Exordium","TheCity"],"potions_floor_usage":[],"damage_taken":[{"damage":2.0,"enemies":"2 Louse","floor":1.0,"turns":3.0},{"damage":4.0,"enemies":"Jaw Worm","floor":5.0,"turns":2.0},{"damage":0.0,"enemies":"Small Slimes","floor":7.0,"turns":4.0},{"damage":3.0,"enemies":"3 Louse","floor":12.0,"turns":4.0},{"damage":20.0,"enemies":"Lagavulin","floor":13.0,"turns":8.0},{"damage":0.0,"enemies":"2 Fungi Beasts","floor":14.0,"turns":4.0},{"damage":23.0,"enemies":"The Guardian","floor":16.0,"turns":12.0},{"damage":4.0,"enemies":"Chosen","floor":18.0,"turns":9.0},{"damage":28.0,"enemies":"Masked Bandits","floor":20.0,"turns":5.0},{"damage":0,"enemies":"Shell Parasite","floor":22,"turns":1}],"seed_played":"1889009356594188932","potions_obtained":[{"floor":1.0,"key":"Weak Potion"},{"floor":14.0,"key":"ColorlessPotion"},{"floor":16.0,"key":"ColorlessPotion"},{"floor":18.0,"key":"EssenceOfSteel"}],"is_trial":false,"path_per_floor":["M","?","?","T","M","R","M","R","T","R","$","M","E","M","R","B",null,"M","$","?","?","M"],"character_chosen":"DEFECT","items_purchased":["Matryoshka","Go for the Eyes","Ancient Tea Set","Boot","Ball Lightning"],"campfire_rested":2,"item_purchase_floors":[11,11,11,19,19],"current_hp_per_floor":[44,33,26,26,22,22,22,43,43,43,43,40,20,20,41,18,58,54,54,26,26,26,26],"gold":38,"neow_bonus":"TWO_FIFTY_GOLD","is_daily":false,"chose_seed":false,"campfire_upgraded":2,"win_rate":0.0,"timestamp":1612275850,"path_taken":["M","?","?","?","M","R","M","R","T","R","?","M","E","?","R","BOSS","M","$","?","?","M"],"items_purchased_type":["Relic","Card","Relic","Relic","Card"],"build_version":"2020-12-22","purchased_purges":0,"victory":false,"max_hp_per_floor":[71,71,71,71,71,71,71,71,71,71,71,71,71,71,71,71,71,71,71,71,71,71,71],"card_choices":[{"not_picked":["Reprogram","Hologram"],"picked":"Capacitor","floor":1.0},{"not_picked":["Beam Cell","Self Repair"],"picked":"Stack","floor":5.0},{"not_picked":["Turbo","Go for the Eyes"],"picked":"FTL","floor":7.0},{"not_picked":["Steam","Fusion"],"picked":"Aggregate","floor":12.0},{"not_picked":["Steam","Beam Cell"],"picked":"Conserve Battery","floor":13.0},{"not_picked":["Consume","Beam Cell"],"picked":"Electrodynamics","floor":14.0},{"not_picked":["Electrodynamics","Core Surge"],"picked":"Buffer","floor":16.0},{"not_picked":["Go for the Eyes","Scrape"],"picked":"Rip and Tear","floor":18.0},{"not_picked":["Turbo","Lockon"],"picked":"Auto Shields","floor":20.0}],"player_experience":1334437,"relics_obtained":[{"floor":4.0,"key":"Centennial Puzzle"},{"floor":9.0,"key":"Oddly Smooth Stone"},{"floor":13.0,"key":"Ornamental Fan"},{"floor":20.0,"key":"Red Mask"}],"event_choices":[{"damage_healed":0.0,"max_hp_gain":0.0,"max_hp_loss":0.0,"gold_gain":75.0,"event_name":"World of Goop","player_choice":"Gather Gold","floor":2.0,"gold_loss":0.0,"damage_taken":11.0},{"cards_removed":["Strike_B"],"damage_healed":0.0,"max_hp_gain":0.0,"max_hp_loss":0.0,"gold_gain":0.0,"event_name":"Golden Wing","player_choice":"Card Removal","floor":3.0,"gold_loss":0.0,"damage_taken":7.0},{"damage_healed":0.0,"max_hp_gain":0.0,"max_hp_loss":0.0,"gold_gain":0.0,"event_name":"Masked Bandits","player_choice":"Fought Bandits","floor":20.0,"gold_loss":0.0,"damage_taken":0.0},{"damage_healed":0.0,"max_hp_gain":0.0,"max_hp_loss":0.0,"gold_gain":0.0,"event_name":"Cursed Tome","player_choice":"Ignored","floor":21.0,"gold_loss":0.0,"damage_taken":0.0}],"is_beta":false,"boss_relics":[{"not_picked":["Tiny House","Nuclear Battery"],"picked":"FrozenCore"}],"items_purged_floors":[],"is_endless":false,"potions_floor_spawned":[1,14,16,18],"killed_by":"Shell Parasite","ascension_level":19}}