{"host":"d61fcf2p3sjwe6yo","time":1612263224,"event":{"mods":["AchievementEnabler","BaseMod","Colored Map","Downfall","Minty Spire (QoL Compilation)","StSLib","SuperFastMode"],"gold_per_floor":[349,366,381,398,8,8,8,37,50,50,67,78,95,122,134,209,209,9,23,40,54,39,139,439,439,473,473,491,510,510,546,556,636,636,636,665,676,685,434,455,478,517,417,444,472,483,550,570,588,588,588,615,92,92,92,92],"floor_reached":57,"language":"ENG","playtime":4048,"items_purged":["Slimebound:Strike_Slimebound","downfall:Malfunctioning","Slimebound:Defend_Slimebound"],"score":2029,"play_id":"1c378d3d-6c9b-4cdf-99ee-ec507d8d9beb","local_time":"20210202135344","is_ascension_mode":true,"campfire_choices":[{"floor":1,"key":"RECALL"},{"data":"Slimebound:MassFeed","floor":6,"key":"SMITH"},{"data":"Slimebound:Split","floor":10,"key":"SMITH"},{"data":"Slimebound:ForwardTackle","floor":18,"key":"SMITH"},{"data":"Slimebound:ForwardTackle","floor":27,"key":"SMITH"},{"data":"Slimebound:TagTeam","floor":35,"key":"SMITH"},{"data":"Slimebound:MassRepurpose","floor":43,"key":"SMITH"},{"floor":54,"key":"REST"}],"circlet_count":0,"master_deck":["AscendersBane","Slimebound:Defend_Slimebound","Slimebound:Defend_Slimebound","Slimebound:Split+1","Slimebound:Schlurp","Slimebound:SplitSpecialist","Slimebound:SplitMire","Slimebound:ComboTackle","Slimebound:MassFeed+1","Slimebound:SplitMire","Slimebound:Schlurp","Slimebound:ItLooksTasty+1","Slimebound:ForwardTackle+1","Slimebound:SlimeBrawl","Slimebound:SplitAcid","Slimebound:Prepare","Slimebound:LeechLife","Slimebound:PressTheAttack","Slimebound:GoopSpray+1","Slimebound:SplitAcid","Slimebound:ForwardTackle+1","Slimebound:Prepare","Slimebound:RallyTheTroops","Slimebound:Prepare","Slimebound:SplitSpecialist","Slimebound:SplitAcid","Slimebound:TagTeam+1","Slimebound:ItLooksTasty+1","Slimebound:SplitLeeching","Slimebound:Prepare+1","Slimebound:MassRepurpose+1","Slimebound:LivingWall","Slimebound:ComboTackle+1","Slimebound:LevelUp","Slimebound:SplitSpecialist","Slimebound:OozeBath","expansioncontent:StudyTheSpire","expansioncontent:Chronoboost"],"relics":["Slimebound:AbsorbEndCombat","Guardian:PocketSentry","Sundial","Strawberry","Ginger","Black Star","downfall:HeartBlessingRed","downfall:HeartBlessingGreen","MutagenicStrength","Old Coin","Meat on the Bone","InkBottle","CeramicFish","Toy Ornithopter","Philosopher\u0027s Stone","Slimebound:AggressiveSlimeRelic","Smiling Mask","Shuriken","downfall:HeartBlessingBlue","Nunchaku","Bronze Scales","Toolbox","Pocketwatch","Kunai","Cauldron","Art of War"],"acts_visited":["Exordium","TheCity","TheBeyond","TheEnding"],"potions_floor_usage":[11,13,16,26,31,31,39,50,53,56,56],"damage_taken":[{"damage":4,"enemies":"Cultist","floor":2,"turns":4},{"damage":2,"enemies":"2 Louse","floor":3,"turns":5},{"damage":0,"enemies":"Small Slimes","floor":4,"turns":4},{"damage":3,"enemies":"downfall:FleeingMerchant","floor":5,"turns":4},{"damage":29,"enemies":"3 Sentries","floor":8,"turns":6},{"damage":3,"enemies":"Blue Slaver","floor":9,"turns":5},{"damage":19,"enemies":"Lots of Slimes","floor":11,"turns":3},{"damage":8,"enemies":"Exordium Thugs","floor":12,"turns":3},{"damage":0,"enemies":"Large Slime","floor":13,"turns":4},{"damage":11,"enemies":"Gremlin Nob","floor":14,"turns":3},{"damage":1,"enemies":"3 Louse","floor":15,"turns":3},{"damage":10,"enemies":"IC_STATUS_ARCHETYPE","floor":16,"turns":8},{"damage":7,"enemies":"Spheric Guardian","floor":19,"turns":3},{"damage":4,"enemies":"Chosen","floor":20,"turns":4},{"damage":19,"enemies":"3 Cultists","floor":21,"turns":6},{"damage":12,"enemies":"downfall:FleeingMerchant","floor":22,"turns":4},{"damage":51,"enemies":"downfall:Augmenter","floor":23,"turns":7},{"damage":0,"enemies":"Gremlin Leader","floor":26,"turns":5},{"damage":10,"enemies":"Sentry and Sphere","floor":28,"turns":5},{"damage":24,"enemies":"Centurion and Healer","floor":29,"turns":7},{"damage":16,"enemies":"Slavers","floor":31,"turns":3},{"damage":17,"enemies":"Chosen and Byrds","floor":32,"turns":5},{"damage":59,"enemies":"SI_MIRROR_ARCHETYPE","floor":33,"turns":12},{"damage":19,"enemies":"3 Darklings","floor":36,"turns":4},{"damage":5,"enemies":"3 Shapes","floor":37,"turns":3},{"damage":3,"enemies":"downfall:FleeingMerchant","floor":39,"turns":4},{"damage":4,"enemies":"Sphere and 2 Shapes","floor":40,"turns":3},{"damage":4,"enemies":"Nemesis","floor":42,"turns":5},{"damage":43,"enemies":"Reptomancer","floor":44,"turns":5},{"damage":15,"enemies":"Spire Growth","floor":45,"turns":4},{"damage":28,"enemies":"Writhing Mass","floor":46,"turns":5},{"damage":0,"enemies":"downfall:FleeingMerchant","floor":47,"turns":1},{"damage":1,"enemies":"3 Darklings","floor":48,"turns":4},{"damage":6,"enemies":"Spire Growth","floor":49,"turns":5},{"damage":69,"enemies":"DF_ARCHETYPE_ORBS","floor":50,"turns":9},{"damage":118,"enemies":"downfall:CharBossMerchant","floor":52,"turns":9},{"damage":42,"enemies":"downfall:NeowBoss","floor":55,"turns":15},{"damage":78,"enemies":"downfall:NeowBossFinal","floor":56,"turns":11}],"seed_played":"301354604484678536","potions_obtained":[{"floor":2,"key":"Swift Potion"},{"floor":8,"key":"Slimebound:SlimedPotion"},{"floor":12,"key":"LiquidMemories"},{"floor":13,"key":"Fruit Juice"},{"floor":16,"key":"Fire Potion"},{"floor":21,"key":"BlessingOfTheForge"},{"floor":23,"key":"DistilledChaos"},{"floor":29,"key":"Fire Potion"},{"floor":31,"key":"Fire Potion"},{"floor":33,"key":"ColorlessPotion"},{"floor":42,"key":"Explosive Potion"},{"floor":45,"key":"Regen Potion"},{"floor":46,"key":"Dexterity Potion"},{"floor":52,"key":"Swift Potion"},{"floor":53,"key":"Fruit Juice"},{"floor":53,"key":"CultistPotion"}],"is_trial":false,"path_per_floor":["R","M","M","M","$","R","T","E","M","R","M","M","M","E","M","B",null,"R","M","M","M","$","?","T","?","E","R","M","M","?","E","M","B",null,"R","M","M","?","$","M","T","E","R","E","M","M","$","M","M","B",null,"E","$","R","B","B",null],"character_chosen":"SLIMEBOUND","items_purchased":["Guardian:PocketSentry","Slimebound:MassFeed","Slimebound:AggressiveSlimeRelic","Slimebound:LevelUp","Slimebound:SplitSpecialist","Toolbox","expansioncontent:StudyTheSpire","Cauldron","Art of War","expansioncontent:Chronoboost"],"campfire_rested":1,"item_purchase_floors":[5,5,39,47,47,47,53,53,53,53],"current_hp_per_floor":[44,48,52,56,59,59,59,47,48,48,55,55,74,69,86,84,115,115,114,123,112,108,120,120,112,120,120,118,116,116,108,113,70,120,120,111,116,116,126,126,126,134,144,121,132,118,118,119,117,92,142,44,54,103,89,41],"gold":92,"neow_bonus":"TWO_FIFTY_GOLD","is_daily":false,"chose_seed":false,"campfire_upgraded":6,"win_rate":0.0,"timestamp":1612263224,"path_taken":["R","M","M","M","$","R","T","E","M","R","?","M","M","E","M","BOSS","R","M","M","M","$","?","T","?","E","R","?","M","?","E","M","BOSS","R","M","M","?","$","M","T","E","R","E","M","?","$","M","M","BOSS","E","$","R","BOSS","BOSS"],"items_purchased_type":["Relic","Card","Relic","Card","Card","Relic","Card","Relic","Relic","Card"],"build_version":"2020-12-22","purchased_purges":3,"victory":true,"max_hp_per_floor":[65,65,65,65,65,65,65,76,76,76,96,100,113,113,125,125,125,125,125,125,125,125,125,125,125,125,125,129,133,133,137,137,137,137,137,141,145,145,145,145,145,145,155,155,155,155,155,155,155,159,159,159,164,164,164,164],"card_choices":[{"not_picked":["Slimebound:GrowthPunch","Slimebound:SlimeSpikes"],"picked":"Slimebound:Schlurp","floor":2},{"not_picked":["Slimebound:SplitBruiser","Slimebound:PressTheAttack"],"picked":"Slimebound:SplitSpecialist","floor":3},{"not_picked":["Slimebound:SplitAcid","Slimebound:SplitLeeching"],"picked":"Slimebound:SplitMire","floor":4},{"not_picked":["Slimebound:ProtectTheBoss","Slimebound:AcidTongue"],"picked":"Slimebound:ComboTackle","floor":5},{"not_picked":["Slimebound:MinionMaster","Slimebound:LeechingTouch"],"picked":"Slimebound:SplitMire","floor":8},{"not_picked":["Slimebound:SamplingLick","Slimebound:Gluttony"],"picked":"Slimebound:Schlurp","floor":9},{"not_picked":["Slimebound:LeechingTouch","Slimebound:LivingWall"],"picked":"Slimebound:ItLooksTasty","floor":11},{"not_picked":["Slimebound:Dissolve","Slimebound:DisruptingSlam"],"picked":"Slimebound:ForwardTackle","floor":12},{"not_picked":["Slimebound:SlimeSpikes","Slimebound:ComboTackle"],"picked":"Slimebound:SlimeBrawl","floor":13},{"not_picked":["Slimebound:LeechEnergy","Slimebound:SamplingLick"],"picked":"Slimebound:SplitAcid","floor":14},{"not_picked":["Slimebound:GoopSpray","Slimebound:DouseInSlime"],"picked":"Slimebound:Prepare","floor":15},{"not_picked":["Slimebound:PrepareCrush","Slimebound:WasteNot"],"picked":"Slimebound:LeechLife","floor":16},{"not_picked":["Slimebound:FormOfPuddle","Slimebound:Chomp"],"picked":"Slimebound:PressTheAttack","floor":19},{"not_picked":["Slimebound:DivideAndConquer","Slimebound:HauntingLick"],"picked":"Slimebound:GoopSpray+1","floor":20},{"not_picked":["Slimebound:RollThrough","Slimebound:FinishingTackle"],"picked":"Slimebound:SplitAcid","floor":21},{"not_picked":["Slimebound:SplitAcid","Slimebound:HungryTackle"],"picked":"Slimebound:ForwardTackle","floor":22},{"not_picked":["Slimebound:SplitMire","Slimebound:ItLooksTasty"],"picked":"Slimebound:Prepare","floor":23},{"not_picked":["Slimebound:TongueLash","Slimebound:RainOfGoop+1"],"picked":"Slimebound:RallyTheTroops","floor":26},{"not_picked":["Slimebound:SlimeSpikes","Slimebound:ComboTackle"],"picked":"Slimebound:Prepare","floor":28},{"not_picked":["Slimebound:SlimeSpikes","Slimebound:BestDefense"],"picked":"Slimebound:SplitSpecialist","floor":29},{"not_picked":["Slimebound:RollThrough+1","Slimebound:BestDefense"],"picked":"Slimebound:SplitAcid","floor":31},{"not_picked":["Slimebound:ComboTackle","Slimebound:GoopTackle","Slimebound:HauntingLick"],"picked":"SKIP","floor":32},{"not_picked":["Slimebound:SlimeSlap","Slimebound:WasteNot"],"picked":"Slimebound:TagTeam","floor":33},{"not_picked":["Slimebound:GoopSpray+1","Slimebound:Schlurp"],"picked":"Slimebound:ItLooksTasty+1","floor":36},{"not_picked":["Slimebound:RollThrough","Slimebound:BestDefense+1","Slimebound:ItLooksTasty"],"picked":"SKIP","floor":37},{"not_picked":["Slimebound:LivingWall","Slimebound:RollThrough"],"picked":"Slimebound:SplitLeeching","floor":39},{"not_picked":["Slimebound:SamplingLick","Slimebound:GoopTackle"],"picked":"Slimebound:Prepare+1","floor":40},{"not_picked":["Slimebound:Equalize","Slimebound:AcidTongue"],"picked":"Slimebound:MassRepurpose","floor":42},{"not_picked":["Slimebound:LeechEnergy","Slimebound:SplitLeeching","Slimebound:AcidTongue"],"picked":"SKIP","floor":44},{"not_picked":["Slimebound:PressTheAttack+1","Slimebound:GoopTackle+1"],"picked":"Slimebound:LivingWall","floor":45},{"not_picked":["Slimebound:GoopTackle","Slimebound:LeadByExample","Slimebound:HauntingLick"],"picked":"SKIP","floor":46},{"not_picked":["Slimebound:BestDefense","Slimebound:RainOfGoop"],"picked":"Slimebound:ComboTackle+1","floor":47},{"not_picked":["Slimebound:ItLooksTasty+1","Slimebound:SplitAcid"],"picked":"Slimebound:OozeBath","floor":48},{"not_picked":["Slimebound:GoopTackle","Slimebound:Gluttony","Slimebound:FormOfPuddle"],"picked":"SKIP","floor":49},{"not_picked":["Slimebound:RainOfGoop","Slimebound:SlimeSpikes","Slimebound:Grow"],"picked":"SKIP","floor":52}],"player_experience":757103,"relics_obtained":[{"floor":7,"key":"Sundial"},{"floor":8,"key":"Strawberry"},{"floor":14,"key":"Ginger"},{"floor":23,"key":"MutagenicStrength"},{"floor":24,"key":"Old Coin"},{"floor":26,"key":"Meat on the Bone"},{"floor":26,"key":"InkBottle"},{"floor":31,"key":"CeramicFish"},{"floor":31,"key":"Toy Ornithopter"},{"floor":42,"key":"Smiling Mask"},{"floor":42,"key":"Shuriken"},{"floor":44,"key":"Nunchaku"},{"floor":44,"key":"Bronze Scales"},{"floor":52,"key":"Pocketwatch"},{"floor":52,"key":"Kunai"}],"event_choices":[],"is_beta":false,"boss_relics":[{"not_picked":["bronze:MakeshiftBattery","Slimebound:AbsorbEndCombatUpgraded"],"picked":"Black Star"},{"not_picked":["Pandora\u0027s Box","Fusion Hammer"],"picked":"Philosopher\u0027s Stone"}],"items_purged_floors":[5,39,47],"is_endless":false,"potions_floor_spawned":[2,8,9,12,13,16,21,23,29,31,33,36,42,45,46,48,49,52],"ascension_level":13}}