{"host":"0m8zx4nh2snqg8t8","time":1612300970,"event":{"mods":["BaseMod","Hermit","Infinite Spire","Minty Spire (QoL Compilation)","Replay The Spire","StSLib","The Jungle"],"gold_per_floor":[115,115,129,129,129,179,9,54,73,99,170,95,67,67,80,80,80,181,231,242,242,242,242,242,256,270,270,270,298,298,315,315,225,72,88,88,190,190,210,221,237,22,0,32,32,49,49,60,87,87,87,87,87],"floor_reached":52,"language":"ENG","playtime":4299,"items_purged":["Sickly","Voices","Decay"],"score":699,"play_id":"622bfbbc-bee6-4836-a4f4-c63ba0d05b96","local_time":"20210202132250","is_ascension_mode":true,"campfire_choices":[{"floor":14,"key":"REST"},{"data":"Replay:Poison Smokescreen","floor":17,"key":"SMITH"},{"floor":27,"key":"REST"},{"floor":32,"key":"REST"},{"floor":36,"key":"REST"},{"floor":45,"key":"REST"},{"floor":50,"key":"REST"}],"circlet_count":0,"master_deck":["Strike_G+1","Strike_G+1","Survivor","Neutralize","Sadistic Nature","Deadly Poison","Hidden Blade+1","PiercingWail+1","Transmutation+1","Caltrops","Choke","Deadly Poison+1","ReplayTheSpireMod:Speed Training","Replay:Poison Smokescreen+1","Riddle With Holes","Riddle With Holes","Deadly Poison+1","PiercingWail","Clumsy","Adrenaline+1","Sucker Punch","Terror","theJungle:Gourd","theJungle:Gourd","theJungle:Gourd","theJungle:Gourd","theJungle:Gourd","Unload","Catalyst","Bouncing Flask","ReplayTheSpireMod:??????????????????????","Bouncing Flask+1","Replay:Poison Smokescreen","Bane+1","Blur+1","Calculated Gamble+1","Wraith Form v2+1","Dash","Envenom","Sucker Punch+1","Venomology","Cloak And Dagger+1","Backstab+1","Poison Darts","Envenom","ReplayTheSpireMod:The Works+1","Catalyst+1","Draining Mist+1","Accuracy","Quick Slash+1"],"relics":["Ring of the Snake","Ring of Greed","The Courier","Blue Doll","Ring of Misfortune","BargainBundle","Thread and Needle","PreservedInsect","ReplayTheSpireMod:Shallot","War Paint","ReplayTheSpireMod:CursedCoin","Tiny House","Replay:PocketPolymizer","Bottled Flame","Dream Catcher","Orrery","Replay:Drink Me","Guide Book","Red Mask","Molten Egg 2","Whetstone"],"acts_visited":["Exordium","Exordium","TheBeyond"],"potions_floor_usage":[7,8,10,10,18,18,18,26,37,40,48,52],"damage_taken":[{"damage":0,"enemies":"2 Louse","floor":1,"turns":3},{"damage":7,"enemies":"Small Slimes","floor":3,"turns":3},{"damage":13,"enemies":"Lagavulin","floor":8,"turns":6},{"damage":0,"enemies":"Jaw Worm","floor":9,"turns":4},{"damage":26,"enemies":"Gremlin Nob","floor":10,"turns":5},{"damage":4,"enemies":"3 Sentries","floor":12,"turns":5},{"damage":0,"enemies":"Lots of Slimes","floor":15,"turns":6},{"damage":16,"enemies":"Fading Forest","floor":18,"turns":11},{"damage":0,"enemies":"theJungle:Flameango_and_Byrd","floor":20,"turns":4},{"damage":12,"enemies":"theJungle:MUSHROOMGANG","floor":25,"turns":4},{"damage":33,"enemies":"theJungle:JungleHuntersEncounter","floor":26,"turns":6},{"damage":12,"enemies":"theJungle:Cassacara","floor":29,"turns":5},{"damage":29,"enemies":"theJungle:Snecko_Cultist_And_Trap","floor":31,"turns":9},{"damage":4,"enemies":"theJungle:SlimyTreeVines","floor":33,"turns":4},{"damage":1,"enemies":"Snake Plant","floor":35,"turns":5},{"damage":18,"enemies":"theJungle:FunGuy","floor":37,"turns":10},{"damage":4,"enemies":"3 Shapes","floor":39,"turns":8},{"damage":25,"enemies":"3 Darklings","floor":40,"turns":7},{"damage":5,"enemies":"Sphere and 2 Shapes","floor":41,"turns":7},{"damage":11,"enemies":"Nemesis","floor":44,"turns":9},{"damage":13,"enemies":"Spire Growth","floor":46,"turns":5},{"damage":8,"enemies":"Writhing Mass","floor":48,"turns":5},{"damage":33,"enemies":"Nightmare","floor":52,"turns":6}],"seed_played":"-7230588433429584556","potions_obtained":[{"floor":8,"key":"Regen Potion"},{"floor":9,"key":"Block Potion"},{"floor":12,"key":"BlessingOfTheForge"},{"floor":15,"key":"LiquidMemories"},{"floor":26,"key":"Elixir"},{"floor":35,"key":"LiquidMemories"},{"floor":37,"key":"BlessingOfTheForge"}],"is_trial":false,"path_per_floor":["M","?","M","PTL","PTL","?","$","E","M","E","T","E","$","R","M","?","R","B",null,"M","?","?","PTL","PTL","M","M","R","AVR","E","T","M","R","M","$","M","R","B",null,"M","M","M","$","?","E","R","M","T","M","T","R","?","NM"],"character_chosen":"THE_SILENT","items_purchased":["PiercingWail","BargainBundle","Transmutation+1","Fire Potion","Fruit Juice","ColorlessPotion","Caltrops","Choke","ReplayTheSpireMod:CursedCoin","Riddle With Holes","Deadly Poison+1","Fire Potion","Blur+1","Orrery","Guide Book"],"campfire_rested":6,"item_purchase_floors":[7,7,7,7,7,7,7,7,13,13,13,13,34,34,42],"current_hp_per_floor":[70,63,56,56,56,56,61,48,48,22,22,18,18,40,40,40,40,39,80,80,80,80,80,80,68,35,59,59,47,47,18,42,44,44,43,67,49,57,53,28,23,23,23,12,29,16,16,8,8,25,25,0,0],"gold":87,"neow_bonus":"RANDOM_COLORLESS_2","is_daily":false,"chose_seed":false,"campfire_upgraded":1,"win_rate":0.0,"timestamp":1612300970,"path_taken":["M","?","M","PTL","PTL","?","$","E","M","E","T","E","?","R","?","?","R","BOSS","M","?","?","PTL","PTL","M","M","R","AVR","E","T","M","R","M","$","M","R","BOSS","M","M","M","$","?","E","R","M","T","M","?","R","?","NM"],"items_purchased_type":["Card","Relic","Card","Potion","Potion","Potion","Card","Card","Relic","Card","Card","Potion","Card","Relic","Relic"],"build_version":"2020-12-22","purchased_purges":3,"victory":false,"max_hp_per_floor":[70,70,70,70,70,70,75,75,75,75,75,75,75,75,75,75,75,75,80,80,80,80,80,80,80,80,80,80,80,80,80,80,80,80,80,80,80,57,57,57,57,57,57,57,57,57,57,57,57,57,57,57,57],"card_choices":[{"not_picked":["Metamorphosis","Secret Weapon"],"picked":"Sadistic Nature","floor":0},{"not_picked":["Flying Knee","Sucker Punch"],"picked":"Deadly Poison","floor":1},{"not_picked":["Prepared","Dodge and Roll"],"picked":"Hidden Blade","floor":3},{"not_picked":["Dagger Spray","Blur"],"picked":"Deadly Poison","floor":8},{"not_picked":["Choke","Deflect"],"picked":"ReplayTheSpireMod:Speed Training","floor":9},{"not_picked":["Reflex","Flying Knee"],"picked":"Replay:Poison Smokescreen","floor":10},{"not_picked":["Dagger Spray","Dagger Throw","Eviscerate"],"picked":"SKIP","floor":12},{"not_picked":["Replay:Poison Smokescreen","Quick Slash"],"picked":"PiercingWail","floor":15},{"not_picked":["Storm of Steel","ReplayTheSpireMod:Necrosis"],"picked":"Adrenaline","floor":18},{"not_picked":["Reflex","Heel Hook"],"picked":"Sucker Punch","floor":19},{"not_picked":["Dagger Spray","Quick Slash"],"picked":"Terror","floor":20},{"not_picked":["Blade Dance","Bane"],"picked":"Catalyst","floor":25},{"not_picked":["Backflip","Calculated Gamble+1"],"picked":"Bouncing Flask","floor":26},{"not_picked":["Setup","Accuracy"],"picked":"Bouncing Flask+1","floor":29},{"not_picked":["After Image","ReplayTheSpireMod:Speed Training+1"],"picked":"Replay:Poison Smokescreen","floor":31},{"not_picked":["Replay:Poison Smokescreen","Poisoned Stab"],"picked":"Bane+1","floor":33},{"not_picked":["Atom Bomb","Bane+1"],"picked":"Calculated Gamble+1","floor":34},{"not_picked":["Acrobatics","Blade Dance+1"],"picked":"Wraith Form v2","floor":34},{"not_picked":["Sucker Punch","Cloak And Dagger+1"],"picked":"Dash","floor":35},{"not_picked":["Concentrate","Eviscerate"],"picked":"Sucker Punch+1","floor":36},{"not_picked":["Burst","Night Terror"],"picked":"Venomology","floor":37},{"not_picked":["Poisoned Stab","Blur+1"],"picked":"Cloak And Dagger+1","floor":39},{"not_picked":["Skewer+1","Dodge and Roll","Deflect"],"picked":"SKIP","floor":40},{"not_picked":["Cloak And Dagger","Poisoned Stab+1"],"picked":"Backstab+1","floor":41},{"not_picked":["Poisoned Stab+1","Dagger Spray+1"],"picked":"Poison Darts","floor":44},{"not_picked":["Reflex","Dodge and Roll"],"picked":"ReplayTheSpireMod:The Works+1","floor":45},{"not_picked":["Riddle With Holes+1","Dagger Throw+1"],"picked":"Catalyst+1","floor":46},{"not_picked":["Masterful Stab+1","Bane+1"],"picked":"Draining Mist+1","floor":48},{"not_picked":["Setup","Concentrate+1"],"picked":"Quick Slash+1","floor":50}],"player_experience":301195,"relics_obtained":[{"floor":6,"key":"Ring of Greed"},{"floor":6,"key":"The Courier"},{"floor":6,"key":"Blue Doll"},{"floor":6,"key":"Ring of Misfortune"},{"floor":8,"key":"Thread and Needle"},{"floor":10,"key":"PreservedInsect"},{"floor":11,"key":"ReplayTheSpireMod:Shallot"},{"floor":12,"key":"War Paint"},{"floor":29,"key":"Bottled Flame"},{"floor":30,"key":"Dream Catcher"},{"floor":44,"key":"Molten Egg 2"},{"floor":49,"key":"Whetstone"}],"event_choices":[{"cards_removed":["Strike_G"],"damage_healed":0,"gold_gain":0,"player_choice":"Card Removal","damage_taken":7,"max_hp_gain":0,"max_hp_loss":0,"event_name":"Golden Wing","floor":2,"gold_loss":0},{"damage_healed":0,"gold_gain":0,"player_choice":"Cursed","damage_taken":0,"max_hp_gain":0,"max_hp_loss":0,"event_name":"Wheel of Change","floor":16,"gold_loss":0,"cards_obtained":["Decay"]},{"damage_healed":0,"gold_gain":0,"player_choice":"1 cards matched","damage_taken":0,"max_hp_gain":0,"max_hp_loss":0,"event_name":"Match and Keep!","floor":22,"gold_loss":0,"cards_obtained":["Unload"]},{"damage_healed":0,"gold_gain":0,"player_choice":"Paid","damage_taken":0,"relics_obtained":["Red Mask"],"max_hp_gain":0,"max_hp_loss":0,"event_name":"Tomb of Lord Red Mask","floor":43,"gold_loss":22}],"is_beta":false,"boss_relics":[{"not_picked":["ReplayTheSpireMod:DimensionalGlitch","Busted Crown"],"picked":"Tiny House"},{"not_picked":["Replay:Fungal Core","Philosopher\u0027s Stone"],"picked":"Replay:Drink Me"}],"items_purged_floors":[7,13,42],"is_endless":false,"potions_floor_spawned":[8,9,12,15,18,20,26,35,37,39,44],"killed_by":"Nightmare","ascension_level":4}}