{"host":"npaoev7ccr7c867s","time":1612247485,"event":{"mods":["AchievementEnabler","Act Like it!","Aspiration","Bard","BaseMod","Beaked The Cultist","Better Altar","Better Match","Better Note","Better Sensory Stone","Better Skull","Better Third Choice","BetterRewards","CCEM2","Clawfect","Colored Map","Conspire","Downfall","GifTheSpireLib","Halation","Hermit","Highlight Path","Hubris","Hunter ??","Infinite Spire","Jedi Mod","Jorbs\u0027s Wanderer Trilogy","Mad Scientist","Marisa????????","Mimic Mod","Minty Spire (QoL Compilation)","Permanent Neow","Replay The Spire","SIMod","SOS???????","Shade Mod","Shop Mod","Spicy Shops","StSLib","Stuff the Spire","The Animator","The Blackbeard","The Construct","The Cursed","The Disciple","The Gatherer","The Hierophant","The IronCluck","The Jungle","The Mystic","The Necromancer","The Problem Sleuth","The Runesmith","The Servant 0.9.4","The Spell Scribe","The Wild Card","The Witch","TheSurvivalist","TheVacant","Unceasing Turn Reminder","everything is the same but u backflip on backflip","slay the spire mod where everything is the same but ironclad has a cowboy hat"],"gold_per_floor":[110,123,22,37,37,37,37,55,55,6,24,80,80,94,94,189,189,189],"floor_reached":17,"language":"ENG","playtime":1922,"items_purged":[],"score":197,"play_id":"cbe0827a-ff97-4871-88fc-eb070101cde3","local_time":"20210201223125","is_ascension_mode":false,"campfire_choices":[{"data":"Shade:Carnophage","floor":6,"key":"SMITH"},{"floor":13,"key":"REST"},{"data":"Shade:CallWraith","floor":15,"key":"SMITH"}],"circlet_count":0,"master_deck":["Shade:Strike_Shade","Shade:Strike_Shade","Shade:Strike_Shade","Shade:Strike_Shade","Shade:Defend_Shade","Shade:Defend_Shade","Shade:Defend_Shade","Shade:Defend_Shade","Shade:AnimateDead","Shade:CarefulCut","Shade:PoundOfFlesh","Shade:Doomsay","Shade:FleshToFlesh","Shade:FuneraryArmor","Shade:CallOfTheGrave","hubris:Ssssneak","Shade:FuneraryJewels","Shade:StitchTogether","Shade:ExtraLimbs","Shade:Brains","Shade:Carnophage+1","Shade:Trample","Shade:WallOfFlesh","Shade:CallWraith+1","Shade:SkeletonHug","Shade:SensePrey","Shade:GreaterAnimation"],"relics":["Shade:YorickSkull","hubris:TenFootPole","infinitespire:Beetle Shell","Ice Cream","jedi:battlestandard"],"acts_visited":["Exordium","TheCity"],"potions_floor_usage":[12],"damage_taken":[{"damage":0,"enemies":"Jaw Worm","floor":1,"turns":5},{"damage":0,"enemies":"Cultist","floor":2,"turns":4},{"damage":8,"enemies":"2 Louse","floor":4,"turns":4},{"damage":0,"enemies":"Large Slime","floor":8,"turns":9},{"damage":2,"enemies":"Looter","floor":11,"turns":4},{"damage":39,"enemies":"Gremlin Nob","floor":12,"turns":7},{"damage":10,"enemies":"Gremlin Gang","floor":14,"turns":3},{"damage":10,"enemies":"Fading Forest","floor":16,"turns":11}],"seed_played":"524307184190698089","potions_obtained":[{"floor":1,"key":"hexamod:SoulburnPotion"},{"floor":4,"key":"LifebloodPotion"},{"floor":12,"key":"Guardian:BlockOnCardUsePotion"},{"floor":14,"key":"Weak Potion"},{"floor":16,"key":"Toxic Potion"}],"is_trial":false,"path_per_floor":["M","M","$","M","$","R","?","M","T","$","M","?","R","M","R","B",null],"character_chosen":"SHADE","items_purchased":["Shade:PoundOfFlesh","Shade:Doomsay","Shade:FleshToFlesh","Shade:FuneraryArmor","Shade:CallOfTheGrave","hubris:TenFootPole","hubris:Ssssneak","Shade:ExtraLimbs","Shade:Brains","Shade:WallOfFlesh"],"campfire_rested":1,"item_purchase_floors":[0,0,0,0,0,0,0,3,3,10],"current_hp_per_floor":[58,58,58,50,50,50,50,57,57,57,55,23,42,32,32,39,65,65],"gold":189,"neow_bonus":"","is_daily":false,"chose_seed":false,"campfire_upgraded":2,"win_rate":0.0,"timestamp":1612247485,"path_taken":["M","M","$","M","$","R","?","M","T","?","M","?","R","M","R","BOSS"],"items_purchased_type":["Card","Card","Card","Card","Card","Relic","Card","Card","Card","Card"],"build_version":"2020-12-22","purchased_purges":0,"victory":false,"max_hp_per_floor":[65,65,65,65,65,65,65,65,65,65,65,65,65,65,65,65,65,65],"card_choices":[{"not_picked":["Shade:SkeletonHug","Shade:SoulToxin"],"picked":"Shade:FuneraryJewels","floor":1},{"not_picked":["Shade:GraveStillness","Shade:Brains"],"picked":"Shade:StitchTogether","floor":2},{"not_picked":["Shade:Bite_Shade","Shade:Patience"],"picked":"Shade:Carnophage","floor":4},{"not_picked":["Shade:TouchOfTheGrave","Shade:FleshLikeOak"],"picked":"Shade:Trample","floor":8},{"not_picked":["Shade:FreshBones","Shade:GraveStillness"],"picked":"Shade:CallWraith","floor":11},{"not_picked":["Shade:Trample","Shade:RitualOffering"],"picked":"Shade:SkeletonHug","floor":12},{"not_picked":["Shade:SpectralStrikes","Shade:Excise"],"picked":"Shade:SensePrey","floor":14},{"not_picked":["Shade:OfferingToTheBeyond","Shade:UnbarTheGrave"],"picked":"Shade:GreaterAnimation","floor":16}],"player_experience":217220,"relics_obtained":[{"floor":9,"key":"infinitespire:Beetle Shell"},{"floor":12,"key":"Ice Cream"}],"event_choices":[{"damage_healed":0,"gold_gain":1,"player_choice":"LEAVE","damage_taken":0,"max_hp_gain":0,"max_hp_loss":0,"event_name":"betterThird:BetterScrap","floor":7,"gold_loss":0,"cards_obtained":["Replay:Anticipation"]},{"damage_healed":0,"gold_gain":30,"player_choice":"Searched \u00273\u0027 times","damage_taken":0,"max_hp_gain":0,"max_hp_loss":0,"event_name":"Dead Adventurer","floor":12,"gold_loss":0}],"is_beta":false,"boss_relics":[{"not_picked":["hubris:GrandSneckoEye","Ring of Chaos"],"picked":"jedi:battlestandard"}],"items_purged_floors":[],"is_endless":false,"potions_floor_spawned":[1,4,12,14,16],"ascension_level":0}}