{"host":"9rexl4trwadr43zo","time":1612231648,"event":{"mods":["BaseMod","Colored Map","Minty Spire (QoL Compilation)"],"gold_per_floor":[119,119,138,16,31,31,65,65,117,147,171,196,196,224,224,224,224],"floor_reached":16,"language":"ENG","playtime":932,"items_purged":["Strike_R"],"score":132,"play_id":"a0ce1a5c-b222-4165-a6ba-f00e1d76f4d0","local_time":"20210202020728","is_ascension_mode":true,"campfire_choices":[{"data":"Bash","floor":6,"key":"SMITH"},{"floor":8,"key":"REST"},{"floor":13,"key":"REST"},{"floor":15,"key":"REST"}],"circlet_count":0,"master_deck":["Strike_R","Strike_R","Strike_R","Defend_R","Defend_R","Defend_R","Defend_R","Bash+1","Shrug It Off","Shrug It Off","Pommel Strike","Body Slam"],"relics":["Burning Blood","Oddly Smooth Stone","Anchor","Orichalcum","Odd Mushroom","Bottled Lightning","Ginger"],"acts_visited":["Exordium"],"potions_floor_usage":[12,12,16,16],"damage_taken":[{"damage":2,"enemies":"Small Slimes","floor":1,"turns":4},{"damage":0,"enemies":"2 Louse","floor":3,"turns":4},{"damage":14,"enemies":"Jaw Worm","floor":5,"turns":6},{"damage":40,"enemies":"Gremlin Nob","floor":7,"turns":6},{"damage":24,"enemies":"Lagavulin","floor":10,"turns":10},{"damage":32,"enemies":"The Mushroom Lair","floor":11,"turns":11},{"damage":8,"enemies":"Gremlin Nob","floor":12,"turns":5},{"damage":28,"enemies":"Lagavulin","floor":14,"turns":11},{"damage":40,"enemies":"Hexaghost","floor":16,"turns":16}],"seed_played":"5215116498613940940","potions_obtained":[{"floor":3,"key":"Ancient Potion"},{"floor":5,"key":"Swift Potion"},{"floor":10,"key":"CultistPotion"},{"floor":11,"key":"Block Potion"},{"floor":12,"key":"Block Potion"},{"floor":14,"key":"ColorlessPotion"}],"is_trial":false,"path_per_floor":["M","?","M","$","M","R","E","R","T","E","?","E","R","E","R","B"],"character_chosen":"IRONCLAD","items_purchased":["Shrug It Off"],"campfire_rested":3,"item_purchase_floors":[4],"current_hp_per_floor":[88,88,88,88,80,80,46,72,72,54,28,26,52,30,56,16,16],"gold":224,"neow_bonus":"TEN_PERCENT_HP_BONUS","is_daily":false,"chose_seed":false,"campfire_upgraded":1,"win_rate":0.0,"timestamp":1612231648,"path_taken":["M","?","M","$","M","R","E","R","T","E","?","E","R","E","R","BOSS"],"items_purchased_type":["Card"],"build_version":"2020-12-22","purchased_purges":1,"victory":false,"max_hp_per_floor":[88,88,88,88,88,88,88,88,88,88,88,88,88,88,88,88,88],"card_choices":[{"not_picked":["Heavy Blade","Wild Strike"],"picked":"Shrug It Off","floor":1},{"not_picked":["Twin Strike","Second Wind","Dual Wield"],"picked":"SKIP","floor":3},{"not_picked":["Metallicize","Sword Boomerang","Blood for Blood"],"picked":"SKIP","floor":5},{"not_picked":["Body Slam","Wild Strike"],"picked":"Pommel Strike","floor":7},{"not_picked":["Havoc","Headbutt","True Grit"],"picked":"SKIP","floor":10},{"not_picked":["Flex","Intimidate"],"picked":"Body Slam","floor":11},{"not_picked":["Twin Strike","Ghostly Armor","Searing Blow"],"picked":"SKIP","floor":12},{"not_picked":["Thunderclap","Second Wind","Dual Wield"],"picked":"SKIP","floor":14}],"player_experience":278507,"relics_obtained":[{"floor":7,"key":"Oddly Smooth Stone"},{"floor":9,"key":"Anchor"},{"floor":10,"key":"Orichalcum"},{"floor":11,"key":"Odd Mushroom"},{"floor":12,"key":"Bottled Lightning"},{"floor":14,"key":"Ginger"}],"event_choices":[{"cards_removed":["Strike_R"],"damage_healed":0,"gold_gain":0,"player_choice":"Forget","damage_taken":0,"max_hp_gain":0,"max_hp_loss":0,"event_name":"Living Wall","floor":2,"gold_loss":0},{"damage_healed":0,"gold_gain":0,"player_choice":"Fought Mushrooms","damage_taken":0,"max_hp_gain":0,"max_hp_loss":0,"event_name":"Mushrooms","floor":11,"gold_loss":0}],"is_beta":false,"boss_relics":[],"items_purged_floors":[4],"is_endless":false,"potions_floor_spawned":[3,5,10,11,12,14],"killed_by":"Hexaghost","ascension_level":1}}