{"host":"0fmi5fguj5lvt8pf","time":1612230350,"event":{"mods":["BaseMod","Colored Map","Curses Come First","Downfall","Minty Spire (QoL Compilation)","Permanent Neow","StSLib"],"gold_per_floor":[99,111,111,126,144,144,167,199,86,86,261,261,261,286,298,298,298,298],"floor_reached":16,"language":"ENG","playtime":789,"items_purged":["sneckomod:Strike"],"score":108,"play_id":"3c8d22a6-77d4-411a-9280-889256b3b8e4","local_time":"20210201174550","is_ascension_mode":false,"campfire_choices":[{"data":"sneckomod:TailWhip","floor":1.0,"key":"SMITH"},{"data":"sneckomod:DiceBoulder","floor":6,"key":"SMITH"}],"circlet_count":0,"master_deck":["sneckomod:Strike","sneckomod:Strike","sneckomod:Defend","sneckomod:Defend","sneckomod:TailWhip+1","sneckomod:SnekBite","sneckomod:Unknown","sneckomod:Unknown","Flash of Steel","sneckomod:UnknownUncommonPower","sneckomod:UnknownStrength","sneckomod:DiceBoulder+1","sneckomod:PureSnecko","sneckomod:QuickBite","sneckomod:IronFang","Doubt","Flash of Steel","sneckomod:Restock","sneckomod:UnknownDraw"],"relics":["sneckomod:SneckoSoul","hexamod:BolsterEngine","Girya","Anchor","bronze:DecasWashers"],"acts_visited":["Exordium"],"potions_floor_usage":[8,14],"damage_taken":[{"damage":0.0,"enemies":"2 Louse","floor":2.0,"turns":2.0},{"damage":6,"enemies":"Jaw Worm","floor":4,"turns":2},{"damage":2,"enemies":"Small Slimes","floor":5,"turns":3},{"damage":14,"enemies":"Gremlin Nob","floor":8,"turns":3},{"damage":0,"enemies":"downfall:FleeingMerchant","floor":9,"turns":4},{"damage":26,"enemies":"Lagavulin","floor":14,"turns":5},{"damage":6,"enemies":"Gremlin Gang","floor":15,"turns":3},{"damage":34,"enemies":"SI_SHIV_ARCHETYPE","floor":16,"turns":8}],"seed_played":"-5459048384814274239","potions_obtained":[{"floor":4,"key":"sneckomod:MuddlingPotion"},{"floor":5,"key":"DistilledChaos"},{"floor":15,"key":"SteroidPotion"}],"is_trial":false,"path_per_floor":["R","M","?","M","M","R","T","E","$","?","?","?","?","E","M","B"],"character_chosen":"THE_SNECKO","items_purchased":["sneckomod:IronFang"],"campfire_rested":0,"item_purchase_floors":[9],"current_hp_per_floor":[90,93,98,92,90,90,90,76,76,76,76,76,76,50,44,10,10,10],"gold":298,"neow_bonus":"RANDOM_COLORLESS","is_daily":false,"chose_seed":false,"campfire_upgraded":2,"win_rate":0.0,"timestamp":1612230350,"path_taken":["R","M","?","M","M","R","T","E","$","?","?","?","?","E","M","BOSS"],"items_purchased_type":["Card"],"build_version":"2020-12-22","purchased_purges":1,"victory":false,"max_hp_per_floor":[90,93,98,98,98,98,98,98,98,98,98,98,98,98,98,98,98,98],"card_choices":[{"not_picked":["Forethought","Purity"],"picked":"Flash of Steel","floor":0.0},{"not_picked":["sneckomod:UnknownCommonSkill","sneckomod:UnknownWeak"],"picked":"sneckomod:UnknownUncommonPower","floor":2.0},{"not_picked":["sneckomod:SnekBeam","sneckomod:UnknownCommonAttack"],"picked":"sneckomod:UnknownStrength","floor":4},{"not_picked":["sneckomod:QuickMove","sneckomod:Nope"],"picked":"sneckomod:DiceBoulder","floor":5},{"not_picked":["sneckomod:SoulRoll","sneckomod:UnknownClassGUARDIAN"],"picked":"sneckomod:PureSnecko","floor":8},{"not_picked":["sneckomod:PureSnecko","sneckomod:UnknownClassGUARDIAN"],"picked":"sneckomod:QuickBite","floor":9},{"not_picked":["sneckomod:UnknownClassGUARDIAN","sneckomod:DiceBlock"],"picked":"sneckomod:Restock","floor":14},{"not_picked":["sneckomod:DiceCrush","sneckomod:UnendingSupply"],"picked":"sneckomod:UnknownDraw","floor":15}],"player_experience":1488923,"relics_obtained":[{"floor":7,"key":"hexamod:BolsterEngine"},{"floor":8,"key":"Girya"},{"floor":14,"key":"bronze:DecasWashers"}],"event_choices":[{"damage_healed":0,"gold_gain":0,"player_choice":"Donut","damage_taken":0,"max_hp_gain":5,"max_hp_loss":0,"event_name":"Big Fish","floor":3,"gold_loss":0},{"cards_removed":["sneckomod:Defend"],"damage_healed":0,"gold_gain":0,"player_choice":"Card Removal","damage_taken":0,"max_hp_gain":0,"max_hp_loss":0,"event_name":"The Cleric","floor":10,"gold_loss":0}],"is_beta":false,"boss_relics":[],"items_purged_floors":[9],"is_endless":false,"potions_floor_spawned":[4,5,15],"killed_by":"SI_SHIV_ARCHETYPE","ascension_level":0}}