{"host":"ucgrft0m53zzt06v","time":1612231606,"event":{"mods":["BaseMod","Colored Map","Colored Powertips","Conspire","HololiveMod","KinomotoSakuraMod(木之本樱)","Lobotomy","Minty Spire (QoL Compilation)","Quick Restart","Replay The Spire","Shop Mod","Spicy Shops","StSLib","Td1madao Mod","The Senshi","Waifu the Spire","WarShipGirlsR/战舰少女R mod","【遗物卡牌】REMEMod"],"gold_per_floor":[109,319,336,1,1,1,1,29,55,80,80,80,110,42,42,143,143,159,99,99,119,94,94,112,138,138,148,148,161,238,273,273,371,371,388,400,420,439,450,450,485,497,509,521,563,66,94,94,94,94],"floor_reached":51,"language":"ZHS","playtime":5835,"items_purged":["rmod:strick","conspire:NecroticWound","Voices","rmod:strick","Regret"],"score":1327,"play_id":"2f7f6f20-663d-4a98-88b6-6fb9883aa037","local_time":"20210202100646","is_ascension_mode":true,"campfire_choices":[{"data":"rmod:basicallowance","floor":6.0,"key":"SMITH"},{"data":"Berserk","floor":12.0,"key":"SMITH"},{"data":"rmod:strick","floor":15.0,"key":"PURGE"},{"data":"rmod:secretscript","floor":23.0,"key":"SMITH"},{"data":"rmod:circuitoustactics","floor":28.0,"key":"SMITH"},{"floor":32.0,"key":"DIG"},{"data":"rmod:expedition","floor":40.0,"key":"SMITH"},{"data":"rmod:expedition+1","floor":42.0,"key":"SMITH"},{"data":"rmod:expedition+2","floor":44.0,"key":"SMITH"},{"data":"rmod:maingunfire","floor":49,"key":"SMITH"}],"circlet_count":0,"master_deck":["rmod:defend","rmod:defend","rmod:defend","rmod:defend","rmod:basicallowance+1","rmod:maingunfire+1","Berserk+1","rmod:smokecover+1","rmod:advancebysurprise+1","rmod:circuitoustactics+1","rmod:seals+1","rmod:secretscript+1","Flash of Steel","rmod:steelsupply+1","rmod:expedition+3","rmod:heivgo+1","rmod:supportaircraftcarrier+1","rmod:robin+1","Madness+1","Madness+1"],"relics":["rmod:firstchargereward","REME_ComplimentaryCards","Membership Card","Hololive_LightStick","Ring of Hypnosis","Simple Rune","WingedGreaves","Toxic Egg 2","conspire:DecoderRing","ReplayTheSpireMod:CursedCoin","Thread and Needle","Busted Crown","Coffee Dripper","conspire:SpecialSausage","Nilry\u0027s Codex","MerchantsRug","BargainBundle","StoneCalendar","Torii","conspire:Flyswatter","Oddly Smooth Stone","REME_HandOfSuture","REME_LimitBreaker","Medical Kit","Guide Book","Divine Protection","theSenshi:SailorFukuRelic","Mirror","conspire:Boomerang"],"acts_visited":["Exordium","TheCity","TheBeyond"],"potions_floor_usage":[50,50,50],"damage_taken":[{"damage":0.0,"enemies":"Small Slimes","floor":1.0,"turns":3.0},{"damage":0.0,"enemies":"conspire:RoseBush","floor":3.0,"turns":3.0},{"damage":0.0,"enemies":"3 Sentries","floor":8.0,"turns":5.0},{"damage":6.0,"enemies":"Gremlin Nob","floor":10.0,"turns":5.0},{"damage":0.0,"enemies":"Lagavulin","floor":13.0,"turns":5.0},{"damage":0.0,"enemies":"Hexaghost","floor":16.0,"turns":11.0},{"damage":0.0,"enemies":"2 Thieves","floor":18.0,"turns":5.0},{"damage":0.0,"enemies":"conspire:FuzzyDice","floor":21.0,"turns":8.0},{"damage":0.0,"enemies":"Centurion and Healer","floor":24.0,"turns":5.0},{"damage":1.0,"enemies":"REME_1_Revenger","floor":25.0,"turns":6.0},{"damage":0.0,"enemies":"conspire:HollyBat","floor":27.0,"turns":6.0},{"damage":0.0,"enemies":"Sentry and Sphere","floor":29.0,"turns":5.0},{"damage":0.0,"enemies":"Book of Stabbing","floor":31.0,"turns":5.0},{"damage":0.0,"enemies":"Champ","floor":33.0,"turns":11.0},{"damage":0.0,"enemies":"3 Shapes","floor":35.0,"turns":7.0},{"damage":9.0,"enemies":"3 Darklings","floor":36.0,"turns":7.0},{"damage":0.0,"enemies":"Jaw Worm Horde","floor":37.0,"turns":5.0},{"damage":0.0,"enemies":"Sphere and 2 Shapes","floor":38.0,"turns":5.0},{"damage":0.0,"enemies":"Transient","floor":39.0,"turns":5.0},{"damage":0.0,"enemies":"R_Hoarder","floor":41.0,"turns":6.0},{"damage":0.0,"enemies":"Reptomancer","floor":45.0,"turns":5.0},{"damage":0,"enemies":"R_Hoarder","floor":47,"turns":5},{"damage":0,"enemies":"Awakened One","floor":50,"turns":9}],"seed_played":"-3437963672789227679","potions_obtained":[{"floor":1.0,"key":"SmokeBomb"},{"floor":3.0,"key":"ColorlessPotion"},{"floor":16.0,"key":"DistilledChaos"},{"floor":37.0,"key":"Ancient Potion"},{"floor":39.0,"key":"Block Potion"},{"floor":45.0,"key":"FearPotion"},{"floor":47,"key":"Flashbang"}],"is_trial":false,"path_per_floor":["M","?","M","$","?","R","$","E","T","E","T","R","E","$","R_BF","B",null,"M","?","?","M","$","R","M","E","T","M","R","M","T","E","R_BF","B",null,"M","M","M","M","M","R","E","R","T","R","E","$","E","?","R","B",null],"character_chosen":"PRAEFECT","items_purchased":["Membership Card","rmod:advancebysurprise","Hololive_LightStick","ReplayTheSpireMod:CursedCoin","Thread and Needle","Adrenaline Potion","MerchantsRug","BargainBundle","Flash of Steel","rmod:steelsupply+1","GamblersBrew","REME_GoldPotion","Energy Potion","EssenceOfSteel","rmod:robin+1","Medical Kit","EssenceOfSteel","Guide Book","Divine Protection","theSenshi:SailorFukuRelic","AttackPotion","Mirror"],"campfire_rested":0,"item_purchase_floors":[4,4,4,14,14,14,22,22,22,22,22,22,22,22,46,46,46,46,46,46,46,46],"current_hp_per_floor":[75,75,75,75,75,75,75,75,75,69,69,69,69,69,69,69,75,75,75,59,59,59,59,59,58,58,58,58,58,58,58,58,58,75,75,66,66,66,66,66,66,66,66,66,73,73,73,63,63,63],"gold":94,"neow_bonus":"REMOVE_CARD","is_daily":false,"chose_seed":false,"campfire_upgraded":8,"win_rate":0.0,"timestamp":1612231606,"path_taken":["M","?","M","?","?","R","$","E","T","E","?","R","E","$","R_BF","BOSS","M","?","?","M","$","R","M","E","T","M","R","M","?","E","R_BF","BOSS","M","M","M","?","M","R","E","R","T","R","E","$","E","?","R","BOSS"],"items_purchased_type":["Relic","Card","Relic","Relic","Relic","Potion","Relic","Relic","Card","Card","Potion","Potion","Potion","Potion","Card","Relic","Potion","Relic","Relic","Relic","Potion","Relic"],"build_version":"2020-12-22","purchased_purges":5,"victory":true,"max_hp_per_floor":[75,75,75,75,75,75,75,75,75,75,75,75,75,75,75,75,75,75,75,75,75,75,75,75,75,75,75,75,75,75,75,75,75,75,75,75,75,75,75,75,75,75,75,75,82,82,82,82,82,82],"card_choices":[{"not_picked":["rmod:wasp","rmod:highspeedshooting","rmod:supportescort"],"picked":"SKIP","floor":1.0},{"not_picked":["rmod:launchingtorpedo","rmod:diamondstrike"],"picked":"rmod:smokecover","floor":2.0},{"not_picked":["rmod:supportescort","rmod:smokecover","rmod:tearstotiara"],"picked":"SKIP","floor":3.0},{"not_picked":["rmod:luckystar","rmod:aluminumsupply","rmod:firesupport"],"picked":"SKIP","floor":8.0},{"not_picked":["rmod:luckystar","rmod:diamondstrike"],"picked":"rmod:circuitoustactics","floor":10.0},{"not_picked":["rmod:salvage","rmod:tearstotiara"],"picked":"rmod:seals","floor":13.0},{"not_picked":["rmod:stealaluminum","rmod:windflower+1"],"picked":"rmod:secretscript","floor":16.0},{"not_picked":["rmod:supportescort+1"],"picked":"SKIP","floor":18.0},{"not_picked":["rmod:tearstotiara"],"picked":"SKIP","floor":21.0},{"not_picked":[],"picked":"rmod:expedition","floor":24.0},{"not_picked":["rmod:ammunitionsupply+1"],"picked":"SKIP","floor":25.0},{"not_picked":["rmod:launchingtorpedo+1"],"picked":"SKIP","floor":27.0},{"not_picked":[],"picked":"rmod:heivgo+1","floor":29.0},{"not_picked":["rmod:tearstotiara"],"picked":"SKIP","floor":31.0},{"not_picked":["rmod:wolves"],"picked":"SKIP","floor":35.0},{"not_picked":["rmod:firesupport+1"],"picked":"SKIP","floor":36.0},{"not_picked":["rmod:circuitoustactics+1"],"picked":"SKIP","floor":37.0},{"not_picked":["rmod:rockthrower"],"picked":"SKIP","floor":38.0},{"not_picked":["rmod:diamondstrike"],"picked":"SKIP","floor":39.0},{"not_picked":[],"picked":"rmod:supportaircraftcarrier+1","floor":41.0},{"not_picked":["rmod:desperatesituation"],"picked":"SKIP","floor":45.0},{"not_picked":["rmod:bulid+1"],"picked":"SKIP","floor":47}],"player_experience":153901,"relics_obtained":[{"floor":5.0,"key":"Ring of Hypnosis"},{"floor":8.0,"key":"Simple Rune"},{"floor":9.0,"key":"War Paint"},{"floor":10.0,"key":"WingedGreaves"},{"floor":11.0,"key":"Toxic Egg 2"},{"floor":13.0,"key":"conspire:DecoderRing"},{"floor":20.0,"key":"Nilry\u0027s Codex"},{"floor":25.0,"key":"StoneCalendar"},{"floor":26.0,"key":"Torii"},{"floor":30.0,"key":"conspire:Flyswatter"},{"floor":31.0,"key":"Oddly Smooth Stone"},{"floor":32.0,"key":"REME_HandOfSuture"},{"floor":41.0,"key":"MawBank"},{"floor":43.0,"key":"REME_LimitBreaker"},{"floor":45.0,"key":"Strawberry"},{"floor":47,"key":"conspire:Boomerang"}],"event_choices":[{"damage_healed":0.0,"max_hp_gain":0.0,"max_hp_loss":0.0,"gold_gain":0.0,"event_name":"Cursed Tome","player_choice":"Obtained Book","floor":20.0,"gold_loss":0.0,"damage_taken":16.0},{"damage_healed":0,"gold_gain":0,"player_choice":"Embrace Madness","damage_taken":10,"max_hp_gain":0,"max_hp_loss":0,"event_name":"Winding Halls","floor":48,"gold_loss":0,"cards_obtained":["Madness","Madness"]}],"is_beta":false,"boss_relics":[{"not_picked":["Fusion Hammer","Replay:Wanted Poster"],"picked":"Replay:Grab Bag"},{"not_picked":["Cursed Key","Runic Dome"],"picked":"Busted Crown"},{"not_picked":["Sozu","Velvet Choker"],"picked":"Coffee Dripper"},{"not_picked":["Runic Pyramid","Snecko Eye"],"picked":"conspire:SpecialSausage"},{"not_picked":["Replay:Drink Me","conspire:SlowCooker","Kintsugi"]}],"items_purged_floors":[4,14,14,22,46],"is_endless":false,"potions_floor_spawned":[1,3,16,24,25,31,33,37,39,45,47],"ascension_level":3}}