{"host":"6h0diz2ap0m56grs","time":1612304917,"event":{"mods":["2.2 Compatiblity","BaseMod","Colored Map","Marisa????????","Minty Spire (QoL Compilation)","Quick Restart","Replay The Spire","Shop Mod","StSLib","The Servant 0.9.4"],"gold_per_floor":[114,36,49,49,0,33,66,66,142,142,142],"floor_reached":10,"language":"ENG","playtime":301,"items_purged":[],"score":78,"play_id":"8689f168-63d8-4cb7-9e8d-9816a21aed54","local_time":"20210202162837","daily_mods":["SealedDeck","Heirloom","Time Dilation","Flight"],"is_ascension_mode":true,"campfire_choices":[{"data":"Defragment","floor":8,"key":"SMITH"}],"circlet_count":0,"master_deck":["Static Discharge","Lockon","FIFO Queue","Crystallizer","BasicCrystalCard","Ball Lightning","Ball Lightning","Consume","Defragment+1","Cold Snap","Ball Lightning","Capacitor","Reinforced Body","Reprogram+1","BasicCrystalCard"],"relics":["Cracked Core","replay:Trail_Library","Prayer Wheel","Geode","Smiling Mask","Shuriken"],"acts_visited":["Exordium"],"potions_floor_usage":[6],"damage_taken":[{"damage":0,"enemies":"Cultist","floor":1,"turns":2},{"damage":1,"enemies":"Jaw Worm","floor":3,"turns":3},{"damage":11,"enemies":"Lagavulin","floor":6,"turns":6},{"damage":15,"enemies":"3 Sentries","floor":7,"turns":6},{"damage":0,"enemies":"Lagavulin","floor":10,"turns":3}],"seed_played":"8060728480148863434","potions_obtained":[{"floor":3,"key":"Adrenaline Potion"},{"floor":6,"key":"LifebloodPotion"}],"is_trial":true,"path_per_floor":["M","$","M","?","$","E","E","R","T","E"],"character_chosen":"DEFECT","items_purchased":["Capacitor","BasicCrystalCard"],"campfire_rested":0,"item_purchase_floors":[2,5],"current_hp_per_floor":[75,75,74,74,74,63,48,48,48,48,48],"gold":142,"neow_bonus":"","is_daily":false,"chose_seed":false,"campfire_upgraded":1,"win_rate":0.0,"timestamp":1612304917,"path_taken":["M","$","?","?","?","E","E","R","T","E"],"items_purchased_type":["Card","Card"],"build_version":"2020-12-22","purchased_purges":0,"victory":false,"max_hp_per_floor":[75,75,75,75,75,75,75,75,75,75,75],"card_choices":[{"not_picked":["Barrage","Compile Driver"],"picked":"Cold Snap","floor":1},{"not_picked":["Compile Driver","Panic Button"],"picked":"Ball Lightning","floor":1},{"not_picked":["ReplayTheSpireMod:Reroute Power","Sweeping Beam"],"picked":"Reinforced Body","floor":3},{"not_picked":["Sweeping Beam","Cold Snap","Gash"],"picked":"SKIP","floor":3},{"not_picked":["Rebound","Melter","Time Bomb"],"picked":"SKIP","floor":6},{"not_picked":["ReplayTheSpireMod:GoodbyeWorld","Beam Cell","Cold Snap"],"picked":"SKIP","floor":7}],"player_experience":242710,"relics_obtained":[{"floor":6,"key":"Geode"},{"floor":7,"key":"Smiling Mask"},{"floor":9,"key":"Shuriken"}],"event_choices":[],"is_beta":false,"boss_relics":[],"items_purged_floors":[],"is_endless":false,"potions_floor_spawned":[3,6],"killed_by":"Lagavulin","ascension_level":1}}