{"host":"xg4r5pv6chpuampg","time":1612280736,"event":{"mods":["AchievementEnabler","BaseMod","Googly Eyes","Minty Spire (QoL Compilation)"],"gold_per_floor":[116,191,191,191,35,35,55,87,99,125,151,163,194,225,237,346,358,388,420,432,462,474,486,510,539,574,511,523,567,36,51,51,149,149,161,261,274,274,284,312,312,312],"floor_reached":41,"language":"ENG","playtime":1888,"items_purged":[],"score":470,"play_id":"446ad8e2-af7b-4beb-9685-ff6e529559b6","local_time":"20210202184536","is_ascension_mode":false,"campfire_choices":[{"floor":6,"key":"REST"},{"floor":12,"key":"REST"},{"data":"Bane","floor":15,"key":"SMITH"},{"floor":23,"key":"REST"},{"floor":28,"key":"REST"},{"floor":32,"key":"REST"}],"circlet_count":0,"master_deck":["Strike_G","Strike_G","Strike_G","Strike_G","Strike_G","Defend_G","Defend_G","Defend_G","Defend_G","Defend_G","Survivor","Neutralize","Quick Slash","Bane","Bouncing Flask","Bane+1","Flying Knee","Finisher","Noxious Fumes","Burst","CurseOfTheBell","Crippling Poison+1","PiercingWail","PiercingWail+1","Bane","Poisoned Stab+1","Corpse Explosion","Bane","Backflip","Poisoned Stab+1","Deadly Poison+1"],"relics":["Philosopher\u0027s Stone","Paper Crane","TwistedFunnel","MawBank","Mummified Hand","Calling Bell","Centennial Puzzle","Kunai","Unceasing Top","Pear","Gremlin Horn","Bag of Marbles","Ancient Tea Set","Matryoshka","CaptainsWheel","Eternal Feather"],"acts_visited":["Exordium","TheCity","TheBeyond"],"potions_floor_usage":[33,33,33,40],"damage_taken":[{"damage":1,"enemies":"Small Slimes","floor":1,"turns":5},{"damage":7,"enemies":"Jaw Worm","floor":7,"turns":3},{"damage":18,"enemies":"Lagavulin","floor":8,"turns":6},{"damage":0,"enemies":"Cultist","floor":10,"turns":2},{"damage":0,"enemies":"2 Fungi Beasts","floor":11,"turns":3},{"damage":6,"enemies":"Lots of Slimes","floor":13,"turns":2},{"damage":0,"enemies":"3 Louse","floor":14,"turns":2},{"damage":38,"enemies":"Slime Boss","floor":16,"turns":8},{"damage":2,"enemies":"Spheric Guardian","floor":18,"turns":4},{"damage":0,"enemies":"3 Byrds","floor":19,"turns":3},{"damage":24,"enemies":"Snake Plant","floor":21,"turns":4},{"damage":4,"enemies":"Cultist and Chosen","floor":24,"turns":4},{"damage":18,"enemies":"Centurion and Healer","floor":25,"turns":6},{"damage":38,"enemies":"Slavers","floor":29,"turns":5},{"damage":15,"enemies":"Snecko","floor":31,"turns":5},{"damage":34,"enemies":"Champ","floor":33,"turns":11},{"damage":19,"enemies":"Orb Walker","floor":35,"turns":3},{"damage":18,"enemies":"3 Shapes","floor":37,"turns":3},{"damage":29,"enemies":"Spire Growth","floor":39,"turns":5},{"damage":13,"enemies":"Nemesis","floor":40,"turns":9},{"damage":1,"enemies":"Writhing Mass","floor":41,"turns":1}],"seed_played":"6471650804162181826","potions_obtained":[{"floor":10,"key":"EssenceOfSteel"},{"floor":11,"key":"SteroidPotion"},{"floor":13,"key":"GamblersBrew"},{"floor":25,"key":"FearPotion"},{"floor":35,"key":"SneckoOil"},{"floor":37,"key":"Dexterity Potion"},{"floor":39,"key":"Swift Potion"}],"is_trial":false,"path_per_floor":["M","?","?","T","$","R","M","E","T","M","M","R","M","M","R","B",null,"M","M","?","M","T","R","M","M","T","?","R","E","$","M","R","B",null,"M","?","M","?","M","E","M"],"character_chosen":"THE_SILENT","items_purchased":["TwistedFunnel","Matryoshka","CaptainsWheel"],"campfire_rested":5,"item_purchase_floors":[5,30,30],"current_hp_per_floor":[69,58,58,58,58,70,63,45,45,45,45,66,60,60,60,22,70,68,68,78,54,54,78,74,56,56,56,80,42,42,27,51,17,80,61,61,43,43,14,1,0,0],"gold":312,"neow_bonus":"BOSS_RELIC","is_daily":false,"chose_seed":false,"campfire_upgraded":1,"win_rate":0.0,"timestamp":1612280736,"path_taken":["M","?","?","?","$","R","M","E","T","M","?","R","M","M","R","BOSS","M","M","?","M","?","R","M","M","T","?","R","E","$","M","R","BOSS","M","?","?","?","?","E","M"],"items_purchased_type":["Relic","Relic","Relic"],"build_version":"2020-12-22","purchased_purges":0,"victory":false,"max_hp_per_floor":[70,70,70,70,70,70,70,70,70,70,70,70,70,70,70,70,70,70,70,80,80,80,80,80,80,80,80,80,80,80,80,80,80,80,80,80,80,80,80,80,80,80],"card_choices":[{"not_picked":["Slice","Dagger Throw"],"picked":"Quick Slash","floor":1},{"not_picked":["Deadly Poison","Quick Slash"],"picked":"Bane","floor":7},{"not_picked":["Reflex","Night Terror"],"picked":"Bouncing Flask","floor":8},{"not_picked":["Caltrops","Blur"],"picked":"Bane","floor":10},{"not_picked":["Terror","Cloak And Dagger"],"picked":"Flying Knee","floor":11},{"not_picked":["Expertise","Dagger Throw"],"picked":"Finisher","floor":13},{"not_picked":["Finisher","Heel Hook"],"picked":"Noxious Fumes","floor":14},{"not_picked":["Bullet Time","Doppelganger"],"picked":"Burst","floor":16},{"not_picked":["Noxious Fumes","Concentrate"],"picked":"Crippling Poison","floor":18},{"not_picked":["Blade Dance+1","Setup","Underhanded Strike"],"picked":"SKIP","floor":19},{"not_picked":["Dagger Throw","Infinite Blades"],"picked":"PiercingWail","floor":21},{"not_picked":["Outmaneuver+1","Night Terror"],"picked":"PiercingWail+1","floor":24},{"not_picked":["Sucker Punch+1","Dodge and Roll"],"picked":"Bane","floor":25},{"not_picked":["Choke","Sucker Punch+1"],"picked":"Poisoned Stab+1","floor":29},{"not_picked":["Dagger Throw","PiercingWail","Outmaneuver+1"],"picked":"SKIP","floor":31},{"not_picked":["Glass Knife","Bullet Time"],"picked":"Corpse Explosion","floor":33},{"not_picked":["Prepared+1","Leg Sweep+1"],"picked":"Bane","floor":35},{"not_picked":["Dodge and Roll","Deflect+1"],"picked":"Backflip","floor":37},{"not_picked":["Acrobatics","Dagger Spray+1"],"picked":"Poisoned Stab+1","floor":39},{"not_picked":["Finisher+1","Expertise"],"picked":"Deadly Poison+1","floor":40}],"player_experience":51447,"relics_obtained":[{"floor":4,"key":"Paper Crane"},{"floor":8,"key":"MawBank"},{"floor":9,"key":"Mummified Hand"},{"floor":17,"key":"Centennial Puzzle"},{"floor":17,"key":"Kunai"},{"floor":17,"key":"Unceasing Top"},{"floor":22,"key":"Gremlin Horn"},{"floor":26,"key":"Bag of Marbles"},{"floor":29,"key":"Ancient Tea Set"},{"floor":40,"key":"Eternal Feather"}],"event_choices":[{"damage_healed":0,"gold_gain":75,"player_choice":"Gather Gold","damage_taken":11,"max_hp_gain":0,"max_hp_loss":0,"event_name":"World of Goop","floor":2,"gold_loss":0},{"damage_healed":0,"gold_gain":0,"player_choice":"Ignored","damage_taken":0,"max_hp_gain":0,"max_hp_loss":0,"event_name":"Shining Light","floor":3,"gold_loss":0},{"damage_healed":0,"gold_gain":0,"player_choice":"Opened","damage_taken":0,"relics_obtained":["Pear"],"max_hp_gain":0,"max_hp_loss":0,"event_name":"The Mausoleum","floor":20,"gold_loss":0,"cards_obtained":["Writhe"]},{"cards_removed":["Writhe"],"damage_healed":0,"gold_gain":0,"player_choice":"Gave Gold","damage_taken":0,"max_hp_gain":0,"max_hp_loss":0,"event_name":"Beggar","floor":27,"gold_loss":75},{"damage_healed":0,"gold_gain":100,"player_choice":"Pray","damage_taken":0,"max_hp_gain":0,"max_hp_loss":0,"event_name":"Golden Shrine","floor":36,"gold_loss":0},{"damage_healed":0,"gold_gain":0,"player_choice":"Upgraded","damage_taken":0,"max_hp_gain":0,"max_hp_loss":0,"event_name":"Upgrade Shrine","floor":38,"gold_loss":0,"cards_upgraded":["Crippling Poison"]}],"is_beta":false,"boss_relics":[{"not_picked":["Cursed Key","Sozu"],"picked":"Calling Bell"},{"not_picked":[]}],"items_purged_floors":[],"is_endless":false,"potions_floor_spawned":[10,11,13,21,25,29,35,37,39],"killed_by":"Writhing Mass","ascension_level":0}}