{"host":"9n6i2vl93jt4o42q","time":1612283528,"event":{"mods":["BaseMod","Minty Spire (QoL Compilation)","Relic Stats"],"gold_per_floor":[118,118,83,57,75,109,129,129,129,139,153,187,14,43,43,115,115,133,152,152,152,8,8,8,8],"floor_reached":24,"language":"ENG","playtime":873,"items_purged":[],"score":478,"play_id":"a21cfaaa-2fb5-47a0-b511-dec6eb6e23c8","local_time":"20210202173208","is_ascension_mode":true,"campfire_choices":[{"data":"Redo","floor":15,"key":"SMITH"},{"data":"Loop","floor":23,"key":"SMITH"}],"circlet_count":0,"master_deck":["AscendersBane","Strike_B","Strike_B","Defend_B","Defend_B+1","Defend_B","Defend_B","Zap","Dualcast+1","Ball Lightning","Go for the Eyes","Conserve Battery","Redo+1","Buffer","Compile Driver","Coolheaded","Multi-Cast","Glacier","All For One","BootSequence","Beam Cell+1","Steam Power","Streamline","Turbo","Loop+1"],"relics":["Cracked Core","NeowsBlessing","Symbiotic Virus","Dream Catcher","Cables","Chemical X","Bag of Marbles","Inserter"],"acts_visited":["Exordium","TheCity"],"potions_floor_usage":[24],"damage_taken":[{"damage":0,"enemies":"2 Louse","floor":1,"turns":1},{"damage":0,"enemies":"Jaw Worm","floor":5,"turns":1},{"damage":0,"enemies":"3 Sentries","floor":6,"turns":1},{"damage":0,"enemies":"Small Slimes","floor":7,"turns":3},{"damage":0,"enemies":"Looter","floor":10,"turns":3},{"damage":0,"enemies":"Large Slime","floor":11,"turns":4},{"damage":6,"enemies":"Lagavulin","floor":12,"turns":6},{"damage":10,"enemies":"3 Sentries","floor":14,"turns":3},{"damage":14,"enemies":"Hexaghost","floor":16,"turns":8},{"damage":9,"enemies":"Chosen","floor":18,"turns":5},{"damage":10,"enemies":"2 Thieves","floor":19,"turns":3},{"damage":47,"enemies":"Slavers","floor":24,"turns":3}],"seed_played":"-1271729589059241265","potions_obtained":[{"floor":7,"key":"Weak Potion"},{"floor":12,"key":"Ancient Potion"}],"is_trial":false,"path_per_floor":["M","?","?","$","M","E","M","?","T","M","M","E","$","E","R","B",null,"M","M","?","?","$","R","E"],"character_chosen":"DEFECT","items_purchased":["Go for the Eyes","Chemical X","Turbo","Loop"],"campfire_rested":0,"item_purchase_floors":[4,13,22,22],"current_hp_per_floor":[64,43,60,60,60,60,60,65,65,65,65,59,59,49,49,35,66,57,47,47,47,47,47,0,0],"gold":8,"neow_bonus":"THREE_ENEMY_KILL","is_daily":false,"chose_seed":false,"campfire_upgraded":2,"win_rate":0.0,"timestamp":1612283528,"path_taken":["M","?","?","$","M","E","M","?","T","M","M","E","?","E","R","BOSS","M","M","?","?","$","R","E"],"items_purchased_type":["Card","Relic","Card","Card"],"build_version":"2020-12-22","purchased_purges":0,"victory":false,"max_hp_per_floor":[71,71,71,71,71,71,71,76,76,76,76,76,76,76,76,76,76,76,76,76,76,76,76,76,76],"relic_stats":{"Dream Catcher":0,"Inserter":[5],"counters":[12,41],"Chemical X":[4],"obtain_stats":[{"Dream Catcher":9,"Inserter":17,"NeowsBlessing":0,"Bag of Marbles":14,"Chemical X":13,"Cracked Core":0,"Symbiotic Virus":6,"Cables":12},{"Dream Catcher":4,"Inserter":9,"NeowsBlessing":0,"Bag of Marbles":8,"Chemical X":7,"Cracked Core":0,"Symbiotic Virus":3,"Cables":7},{"Dream Catcher":6,"Inserter":30,"NeowsBlessing":0,"Bag of Marbles":22,"Chemical X":19,"Cracked Core":0,"Symbiotic Virus":3,"Cables":19}],"Cables":[17,5,5,7,0]},"card_choices":[{"not_picked":["Gash","Coolheaded"],"picked":"Ball Lightning","floor":1},{"not_picked":["White Noise","Redo"],"picked":"Conserve Battery","floor":5},{"not_picked":["Streamline","Ball Lightning"],"picked":"Redo","floor":6},{"not_picked":["Static Discharge","Gash"],"picked":"Buffer","floor":7},{"not_picked":["Consume","Hologram"],"picked":"Compile Driver","floor":10},{"not_picked":["Tempest","Doom and Gloom"],"picked":"Coolheaded","floor":11},{"not_picked":["Rebound","Sunder"],"picked":"Multi-Cast","floor":12},{"not_picked":["FTL","Rip and Tear"],"picked":"Glacier","floor":14},{"not_picked":["Thunder Strike","Fission"],"picked":"All For One","floor":16},{"not_picked":["Conserve Battery","Sweeping Beam"],"picked":"BootSequence","floor":18},{"not_picked":["Ball Lightning+1","Sunder"],"picked":"Beam Cell+1","floor":19}],"player_experience":2410375,"relics_obtained":[{"floor":6,"key":"Symbiotic Virus"},{"floor":9,"key":"Dream Catcher"},{"floor":12,"key":"Cables"},{"floor":14,"key":"Bag of Marbles"}],"event_choices":[{"damage_healed":0,"gold_gain":0,"player_choice":"Entered Light","damage_taken":21,"max_hp_gain":0,"max_hp_loss":0,"event_name":"Shining Light","floor":2,"gold_loss":0,"cards_upgraded":["Dualcast","Defend_B"]},{"damage_healed":17,"gold_gain":0,"player_choice":"Healed","damage_taken":0,"max_hp_gain":0,"max_hp_loss":0,"event_name":"The Cleric","floor":3,"gold_loss":35},{"damage_healed":0,"gold_gain":0,"player_choice":"Donut","damage_taken":0,"max_hp_gain":5,"max_hp_loss":0,"event_name":"Big Fish","floor":8,"gold_loss":0},{"damage_healed":0,"gold_gain":0,"player_choice":"Ignored","damage_taken":0,"max_hp_gain":0,"max_hp_loss":0,"event_name":"Ghosts","floor":20,"gold_loss":0},{"damage_healed":0,"gold_gain":0,"cards_transformed":["Strike_B","Strike_B"],"player_choice":"Became Test Subject","damage_taken":0,"max_hp_gain":0,"max_hp_loss":0,"event_name":"Drug Dealer","floor":21,"gold_loss":0,"cards_obtained":["Steam Power","Streamline"]}],"is_beta":false,"boss_relics":[{"not_picked":["FrozenCore","Pandora\u0027s Box"],"picked":"Inserter"}],"items_purged_floors":[],"is_endless":false,"potions_floor_spawned":[7,12,16,18],"killed_by":"Slavers","ascension_level":20}}