{"host":"x6165drukuu8ns9f","time":1612261132,"event":{"mods":["100% Spire Juice","2.2 Compatiblity","Act Like it!","Aspiration","BaseMod","CapriCore","Colored Map","Colored Powertips","Conspire","Dark Map","GifTheSpireLib","HololiveMod","Hubris","Infinite Spire","Minty Spire (QoL Compilation)","Pale of the Ancients","Replay The Spire","Spicy Shops","Spire Birthday Party","StSLib","SuperFastMode","The Blue Laboratory","The Dragon Tamer","The Forsaken","TheFirefly","TheSurvivalist","??????REMEMod"],"gold_per_floor":[129,174,228,273,330,426,485,533,579,654,717,786,166,229,229,539,539,599,599,644,707,764,878,974,1019,1019,527,477,594,544,127,127,457,457,517,591,195,253,309,309,430,430,430,598,652,713,1136,171,171,719,719,782,791,850,905,382,520,529,771,818,905,905,905,678,747,847,1230,1230,1304,1304,1304,1219,879,1017,1066,407,407,493,493,355,436,436,436],"floor_reached":82,"language":"ENG","playtime":2610,"items_purged":["Hololive_Strike","Hololive_Defend","Hololive_Defend","Hololive_Strike"],"score":1817,"play_id":"da9a1961-a6da-473e-bd16-df62ac077d45","local_time":"20210202111852","daily_mods":["Vintage","Flight","Midas"],"is_ascension_mode":false,"campfire_choices":[{"floor":15.0,"key":"DIG"},{"floor":32.0,"key":"REST"},{"floor":42.0,"key":"REST"},{"floor":49.0,"key":"REST"},{"floor":58.0,"key":"REST"}],"circlet_count":0,"master_deck":["Hololive_StrengthChampion+1","Hololive_CallMinatoAqua","Hololive_CallHimemoriLuna","Hololive_CallHoushouMarine+1","Hololive_CallYuzukiChoco","Hololive_CallOkamiMio","ReplayTheSpireMod:Omega Cannon+1","Hololive_DiamondStrike+1","Hololive_Trident+1","Hololive_SoulCatcher","Hololive_IdolExercise+1","ReplayTheSpireMod:Haul+1","Hololive_Breathe+1","Hololive_RevenueBasedLive+1","Hololive_CallMurasakiShion","Hololive_Breathe+1","Hololive_StrengthChampion+3","Hololive_CallFriendA+1","Hololive_Nanodesu+1","Hololive_CandyCastle+1","Hololive_CocoNews+1","Hololive_CallShirakamiFubuki+1","Hololive_OvertimeWork+1","Hololive_Rebound+1","Hololive_DDD+1","infinitespire:Fortify","Hololive_OvertimeWork+1","REME_PuzzleBox+1","Hololive_FlyingPonyTail","Hololive_Breathe","infinitespire:Gouge+1","Hololive_OvertimeWork","REME_Flogging+1","REME_Flogging+1","Hololive_Trident+1","Hololive_DurableLive+1","Hololive_LuckPotion+1","Hololive_CocoNews+1","Hololive_DurableLive+1","Hololive_HuntDinosaur+1","Hololive_RevenueBasedLive","Hololive_Yoholoon+1","Hololive_Sequa+1","Hololive_CocoNews+1","Hololive_Sequa+1","Hololive_StrengthChampion+1","ReplayTheSpireMod:Necrogeddon+1"],"relics":["Hololive_TheStar","REME_ComplimentaryCards","Replay:Bottled Eggs","Bottled Tornado","TungstenRod","conspire:TopHat","conspire:GiftBox","Matryoshka","conspire:Flyswatter","aspiration:AnachronicSnailShell","StrikeDummy","ReplayTheSpireMod:TigerMarble","infinitespire:FocusingShard","ReplayFunnel","Vajra","REME_HandOfSuture","hubris:CrystalStatue","REME_IWantAll","Golden Egg","Snecko Heart","Ornamental Fan","hubris:SlimyHat","Smiling Mask","hubris:AstralHammer","aspiration:TomeofQuesting","Bag of Marbles","infinitespire:Broken Mirror","conspire:Dentures","Replay:Wax Seal","Ginger","conspire:TreasureMap","theForsaken:ScaryMask","Bronze Scales","CeramicFish","BargainBundle","hubris:Backtick","Blue Doll","ReplayTheSpireMod:Lightbulb","Lizard Tail","Membership Card","Replay:WaspNest","Happy Flower","Strawberry","The Courier","PreservedInsect","Pondfish Scales","Thread and Needle","Darkstone Periapt","aspiration:Lifesprig","Old Coin","Replay:Bandana","Guide Book","Whetstone","Gremlin Horn","Sling","Counterbalance","Gremlin Food","War Paint","Pear","hubris:TenFootPole","Mirror","hubris:SphereOfDissonance","Fusion Hammer","Shuriken","infinitespire:Bottled Soul","Dream Catcher","Onion Ring","REME_ArchaeologicalTools","Garlic","Replay:Baseball","Lantern","Hololive_FriedShrimpLion","Hololive_LightStick","infinitespire:ShieldingShard","hubris:MedicalManual","aspiration:FetidBarrel","Replay:Bottled Snecko","Centennial Puzzle","Mango","Anchor","Pandora\u0027s Box","MutagenicStrength","Pet Ghost","REME_LimitBreaker","infinitespire:Midas Blood","Omamori","aspiration:ChemicalBlood","infinitespire:Beetle Shell","Molten Egg 2","REME_PuzzleBoxRelic","Bag of Preparation","ReplayTheSpireMod:Shallot","theForsaken:Lifeblossom","Potion Belt","theForsaken:Lifeblossom","Blood Vial","aspiration:FrozenJewel","Akabeko","infinitespire:WardingShard","WarpedTongs","infinitespire:Lucky Rock","Regal Pillow"],"acts_visited":["Exordium","TheCity","TheBeyond","Exordium","TheCity"],"potions_floor_usage":[],"damage_taken":[{"damage":0.0,"enemies":"2 Louse","floor":1.0,"turns":1.0},{"damage":0.0,"enemies":"Cultist","floor":2.0,"turns":3.0},{"damage":0.0,"enemies":"Small Slimes","floor":3.0,"turns":2.0},{"damage":0.0,"enemies":"2 Fungi Beasts","floor":4.0,"turns":3.0},{"damage":0.0,"enemies":"Exordium Wildlife","floor":5.0,"turns":2.0},{"damage":0.0,"enemies":"Lagavulin","floor":6.0,"turns":4.0},{"damage":4.0,"enemies":"Exordium Thugs","floor":7.0,"turns":4.0},{"damage":0.0,"enemies":"Blue Slaver","floor":8.0,"turns":2.0},{"damage":0.0,"enemies":"Red Slaver","floor":10.0,"turns":2.0},{"damage":0.0,"enemies":"2 Fungi Beasts","floor":11.0,"turns":2.0},{"damage":0.0,"enemies":"Blue Slaver","floor":12.0,"turns":2.0},{"damage":0.0,"enemies":"conspire:2 RoseBushes","floor":14.0,"turns":2.0},{"damage":24.0,"enemies":"The Guardian","floor":16.0,"turns":8.0},{"damage":0.0,"enemies":"conspire:FuzzyDice","floor":18.0,"turns":2.0},{"damage":0.0,"enemies":"2 Thieves","floor":20.0,"turns":2.0},{"damage":0.0,"enemies":"Snecko","floor":21.0,"turns":1.0},{"damage":0.0,"enemies":"Shelled Parasite and Fungi","floor":22.0,"turns":2.0},{"damage":0.0,"enemies":"Nightmare","floor":23.0,"turns":3.0},{"damage":0.0,"enemies":"Gremlin Leader","floor":24.0,"turns":3.0},{"damage":0.0,"enemies":"Centurion and Healer","floor":25.0,"turns":2.0},{"damage":0.0,"enemies":"Slavers","floor":29.0,"turns":1.0},{"damage":0.0,"enemies":"Collector","floor":33.0,"turns":3.0},{"damage":0.0,"enemies":"Orb Walker","floor":35.0,"turns":2.0},{"damage":0.0,"enemies":"3 Darklings","floor":36.0,"turns":2.0},{"damage":0.0,"enemies":"Spire Growth","floor":38.0,"turns":3.0},{"damage":0.0,"enemies":"Jaw Worm Horde","floor":39.0,"turns":1.0},{"damage":0.0,"enemies":"R_Hoarder","floor":41.0,"turns":3.0},{"damage":0.0,"enemies":"2 Orb Walkers","floor":44.0,"turns":2.0},{"damage":0.0,"enemies":"3 Darklings","floor":45.0,"turns":2.0},{"damage":0.0,"enemies":"Transient","floor":46.0,"turns":5.0},{"damage":0.0,"enemies":"Reptomancer","floor":47.0,"turns":3.0},{"damage":0.0,"enemies":"infinitespire:MassOfShapes","floor":50.0,"turns":4.0},{"damage":0.0,"enemies":"conspire:RoseBush","floor":52.0,"turns":1.0},{"damage":0.0,"enemies":"Cultist","floor":54.0,"turns":1.0},{"damage":2.0,"enemies":"Jaw Worm","floor":55.0,"turns":1.0},{"damage":0.0,"enemies":"Lagavulin","floor":57.0,"turns":1.0},{"damage":0.0,"enemies":"Nightmare","floor":59.0,"turns":3.0},{"damage":0.0,"enemies":"Red Slaver","floor":61.0,"turns":1.0},{"damage":0.0,"enemies":"Looter","floor":65.0,"turns":1.0},{"damage":0.0,"enemies":"The Guardian","floor":67.0,"turns":2.0},{"damage":0.0,"enemies":"Spheric Guardian","floor":69.0,"turns":1.0},{"damage":0.0,"enemies":"Replay:Snechameleon","floor":74.0,"turns":2.0},{"damage":0.0,"enemies":"Chosen","floor":75.0,"turns":1.0},{"damage":0.0,"enemies":"Centurion and Healer","floor":78.0,"turns":2.0},{"damage":0.0,"enemies":"Snake Plant","floor":81.0,"turns":1.0},{"damage":0,"enemies":"Nightmare","floor":82,"turns":1}],"seed_played":"-880239645776438916","potions_obtained":[{"floor":5.0,"key":"blueLaboratory:LouseDecoction"},{"floor":10.0,"key":"blueLaboratory:FrostheartPotion"},{"floor":12.0,"key":"blueLaboratory:RememoryPotion"},{"floor":16.0,"key":"blueLaboratory:FruitPunch"},{"floor":24.0,"key":"BlessingOfTheForge"},{"floor":25.0,"key":"PowerPotion"},{"floor":33.0,"key":"BlessingOfTheForge"},{"floor":54.0,"key":"SteroidPotion"},{"floor":55.0,"key":"AttackPotion"},{"floor":63.0,"key":"AttackPotion"},{"floor":67.0,"key":"LiquidMemories"},{"floor":78.0,"key":"Weak Potion"}],"is_trial":true,"path_per_floor":["M","M","M","M","M","E","M","M","T","M","M","M","$","M","R_BF","B",null,"M","AVR","M","M","M","NM","E","M","T","$","?","E","$","$","R","B",null,"M","M","$","M","M","$","E","R","T","?","M","M","E","$","R","B",null,"M","AVR","M","M","$","E","R","NM","T","M","?","?","$","M","R_BF","B",null,"M","?","?","?","$","E","M","$","T","M","?","$","M","NM"],"character_chosen":"Hololive_HololiveCharacter","items_purchased":["Vajra","REME_HandOfSuture","hubris:CrystalStatue","Hololive_SoulCatcher","Ginger","conspire:TreasureMap","Bronze Scales","CeramicFish","BargainBundle","Hololive_Breathe","Hololive_StrengthChampion","Hololive_CallFriendA","Membership Card","Replay:WaspNest","Hololive_CandyCastle+1","The Courier","Replay:Bandana","Guide Book","Whetstone","Gremlin Horn","Sling","Counterbalance","Gremlin Food","War Paint","Pear","Hololive_Rebound","hubris:TenFootPole","Mirror","hubris:SphereOfDissonance","Onion Ring","REME_ArchaeologicalTools","Garlic","Replay:Baseball","Hololive_OvertimeWork","REME_PuzzleBox","Lantern","Hololive_FriedShrimpLion","Hololive_LightStick","Centennial Puzzle","Mango","REME_Flogging","Hololive_Trident","REME_LimitBreaker","infinitespire:Midas Blood","Omamori","Hololive_LuckPotion","Hololive_CocoNews+1","Hololive_DurableLive","Hololive_HuntDinosaur","Molten Egg 2","REME_PuzzleBoxRelic","Hololive_Yoholoon+1","Hololive_Sequa+1","Hololive_CocoNews+1","Bag of Preparation","ReplayTheSpireMod:Shallot","theForsaken:Lifeblossom","Potion Belt","theForsaken:Lifeblossom","Blood Vial","aspiration:FrozenJewel","infinitespire:Lucky Rock","Hololive_Sequa+1","Hololive_StrengthChampion+1","ReplayTheSpireMod:Necrogeddon+1"],"campfire_rested":4,"item_purchase_floors":[13,13,13,13,27,27,31,31,31,31,31,31,37,37,37,40,48,48,48,48,48,48,48,48,48,48,48,48,48,56,56,56,56,56,56,56,56,56,64,64,64,64,73,73,73,73,73,73,73,76,76,76,76,76,76,76,76,76,76,76,76,80,80,80,80],"current_hp_per_floor":[35,35,35,35,35,35,31,31,31,31,31,31,31,35,35,11,35,35,35,35,35,35,38,38,38,38,38,38,38,38,38,38,38,38,38,38,38,38,45,29,29,42,42,42,42,42,43,53,56,56,56,56,56,56,60,60,62,62,62,62,62,62,62,76,76,76,76,76,76,72,72,72,72,72,72,72,72,80,80,80,81,81,81],"gold":436,"neow_bonus":"","is_daily":false,"chose_seed":false,"campfire_upgraded":0,"win_rate":0.0,"timestamp":1612261132,"path_taken":["M","M","M","M","M","E","M","M","T","M","M","M","$","M","R_BF","BOSS","M","AVR","M","M","M","NM","E","M","T","$","?","E","?","$","R","BOSS","M","M","$","M","M","?","E","R","T","?","?","M","E","$","R","BOSS","M","AVR","M","M","$","E","R","NM","T","M","?","?","$","?","R_BF","BOSS","M","?","?","?","$","E","M","$","T","?","?","?","?","NM"],"items_purchased_type":["Relic","Relic","Relic","Card","Relic","Relic","Relic","Relic","Relic","Card","Card","Card","Relic","Relic","Card","Relic","Relic","Relic","Relic","Relic","Relic","Relic","Relic","Relic","Relic","Card","Relic","Relic","Relic","Relic","Relic","Relic","Relic","Card","Card","Relic","Relic","Relic","Relic","Relic","Card","Card","Relic","Relic","Relic","Card","Card","Card","Card","Relic","Relic","Card","Card","Card","Relic","Relic","Relic","Relic","Relic","Relic","Relic","Relic","Card","Card","Card"],"build_version":"2020-12-22","purchased_purges":4,"victory":false,"max_hp_per_floor":[35,35,35,35,35,35,35,35,35,35,35,35,35,35,35,35,35,35,35,35,35,35,38,38,38,38,38,38,38,38,38,38,38,38,38,38,38,38,45,45,45,45,45,45,45,45,46,56,56,56,56,56,56,56,62,62,62,62,62,62,62,62,62,76,76,76,76,76,76,81,81,81,81,81,81,81,81,81,81,81,81,81,81],"card_choices":[{"not_picked":["Hololive_HighAtkLowDef","Hololive_OpenUp"],"picked":"Hololive_DiamondStrike","floor":5.0},{"not_picked":["Hololive_CallMinatoAqua","Hololive_CallUsadaPekora","Hololive_CallAmaneKanata"],"picked":"Hololive_Trident","floor":6.0},{"not_picked":["Hololive_ASMR","Hololive_Recruit","Hololive_AWSL"],"picked":"Hololive_IdolExercise","floor":16.0},{"not_picked":["ReplayTheSpireMod:Black Plague","infinitespire:FinalStrike"],"picked":"ReplayTheSpireMod:Haul","floor":23.0},{"not_picked":["Hololive_CallCivia","Hololive_WolfAndLamb","Hololive_CallTsunomakiWatame"],"picked":"Hololive_Breathe+1","floor":23.0},{"not_picked":["Hololive_CallSpadeEcho","Hololive_Trident","Hololive_HuntDinosaur"],"picked":"Hololive_RevenueBasedLive","floor":24.0},{"not_picked":["Hololive_CallOzoraSubaru","Hololive_CallAkaiHaato","Hololive_CallYukihanaLamy"],"picked":"Hololive_CallMurasakiShion","floor":29.0},{"not_picked":["Hololive_Rebirth","Hololive_DDD","Hololive_Recruit"],"picked":"Hololive_Nanodesu","floor":33.0},{"not_picked":["Hololive_SummonFox","Hololive_Psychosis+1","Hololive_RevenueBasedLive"],"picked":"Hololive_CocoNews+1","floor":41.0},{"not_picked":["Hololive_CocoNews+1","Hololive_Rebound+1","Hololive_CallTokoyamiTowa+1"],"picked":"Hololive_CallShirakamiFubuki+1","floor":44.0},{"not_picked":["Hololive_Trident","Hololive_CallOkamiMio+1","Hololive_DevilCharm+1"],"picked":"Hololive_OvertimeWork+1","floor":47.0},{"not_picked":["Hololive_ASMR","Hololive_AWSL","Hololive_DiamondStrike"],"picked":"Hololive_DDD","floor":50.0},{"not_picked":["Hololive_MaximGun","Hololive_CallDoris","Hololive_OvertimeWork"],"picked":"Hololive_FlyingPonyTail","floor":57.0},{"not_picked":["Hololive_CallFriendA","Hololive_CallHoshimachiSuisei","Hololive_CallShirakamiFubuki"],"picked":"Hololive_Breathe","floor":58.0},{"not_picked":["hubris:Rewind","infinitespire:Execution"],"picked":"infinitespire:Gouge","floor":59.0},{"not_picked":["Hololive_RevenueBasedLive","Hololive_CallYogiri","Hololive_ILoveYou"],"picked":"Hololive_OvertimeWork","floor":59.0},{"not_picked":["Hololive_Recruit","Hololive_Rebirth","Hololive_StarCraft"],"picked":"Hololive_DurableLive","floor":67.0},{"not_picked":["Hololive_CallUruhaRushia","Hololive_CocoNews+1","Hololive_ILoveYou"],"picked":"Hololive_RevenueBasedLive","floor":74.0}],"player_experience":88271,"relics_obtained":[{"floor":1.0,"key":"Replay:Bottled Eggs"},{"floor":2.0,"key":"Bottled Tornado"},{"floor":3.0,"key":"TungstenRod"},{"floor":4.0,"key":"conspire:TopHat"},{"floor":5.0,"key":"conspire:GiftBox"},{"floor":6.0,"key":"Matryoshka"},{"floor":7.0,"key":"conspire:Flyswatter"},{"floor":8.0,"key":"aspiration:AnachronicSnailShell"},{"floor":9.0,"key":"StrikeDummy"},{"floor":9.0,"key":"ReplayTheSpireMod:TigerMarble"},{"floor":10.0,"key":"infinitespire:FocusingShard"},{"floor":11.0,"key":"ReplayFunnel"},{"floor":14.0,"key":"REME_IWantAll"},{"floor":15.0,"key":"Golden Egg"},{"floor":18.0,"key":"Ornamental Fan"},{"floor":20.0,"key":"hubris:SlimyHat"},{"floor":21.0,"key":"Smiling Mask"},{"floor":22.0,"key":"hubris:AstralHammer"},{"floor":23.0,"key":"aspiration:TomeofQuesting"},{"floor":24.0,"key":"Bag of Marbles"},{"floor":25.0,"key":"infinitespire:Broken Mirror"},{"floor":26.0,"key":"conspire:Dentures"},{"floor":26.0,"key":"Replay:Wax Seal"},{"floor":29.0,"key":"theForsaken:ScaryMask"},{"floor":35.0,"key":"ReplayTheSpireMod:Lightbulb"},{"floor":36.0,"key":"Lizard Tail"},{"floor":38.0,"key":"Happy Flower"},{"floor":39.0,"key":"Strawberry"},{"floor":41.0,"key":"PreservedInsect"},{"floor":43.0,"key":"Pondfish Scales"},{"floor":44.0,"key":"Thread and Needle"},{"floor":45.0,"key":"Darkstone Periapt"},{"floor":46.0,"key":"aspiration:Lifesprig"},{"floor":47.0,"key":"Old Coin"},{"floor":52.0,"key":"Shuriken"},{"floor":54.0,"key":"infinitespire:Bottled Soul"},{"floor":55.0,"key":"Dream Catcher"},{"floor":57.0,"key":"infinitespire:ShieldingShard"},{"floor":59.0,"key":"hubris:MedicalManual"},{"floor":60.0,"key":"aspiration:FetidBarrel"},{"floor":61.0,"key":"Replay:Bottled Snecko"},{"floor":65.0,"key":"Anchor"},{"floor":74.0,"key":"aspiration:ChemicalBlood"},{"floor":75.0,"key":"infinitespire:Beetle Shell"},{"floor":77.0,"key":"Akabeko"},{"floor":78.0,"key":"infinitespire:WardingShard"},{"floor":81.0,"key":"Regal Pillow"}],"event_choices":[{"damage_healed":0.0,"max_hp_gain":0.0,"max_hp_loss":0.0,"gold_gain":0.0,"event_name":"The Joust","player_choice":"Bet on Owner","floor":28.0,"gold_loss":50.0,"damage_taken":0.0},{"damage_healed":0.0,"max_hp_gain":0.0,"max_hp_loss":0.0,"gold_gain":0.0,"event_name":"Mysterious Sphere","player_choice":"Fight","floor":44.0,"gold_loss":0.0,"damage_taken":0.0},{"damage_healed":0.0,"max_hp_gain":0.0,"max_hp_loss":0.0,"gold_gain":0.0,"event_name":"Lab","player_choice":"Got Potions","floor":63.0,"gold_loss":0.0,"damage_taken":0.0},{"damage_healed":0.0,"max_hp_gain":0.0,"max_hp_loss":0.0,"gold_gain":100.0,"event_name":"Golden Shrine","player_choice":"Pray","floor":66.0,"gold_loss":0.0,"damage_taken":0.0},{"damage_healed":0.0,"max_hp_gain":5.0,"max_hp_loss":0.0,"gold_gain":0.0,"event_name":"Forgotten Altar","player_choice":"Shed Blood","floor":70.0,"gold_loss":0.0,"damage_taken":19.0},{"damage_healed":0.0,"max_hp_gain":0.0,"max_hp_loss":0.0,"gold_gain":0.0,"event_name":"Drug Dealer","player_choice":"Inject Mutagens","floor":71.0,"gold_loss":0.0,"damage_taken":0.0,"relics_obtained":["MutagenicStrength"]},{"damage_healed":0.0,"max_hp_gain":0.0,"max_hp_loss":0.0,"gold_gain":0.0,"event_name":"Addict","player_choice":"Obtained Relic","floor":72.0,"gold_loss":85.0,"damage_taken":0.0,"relics_obtained":["Pet Ghost"]},{"damage_healed":0.0,"max_hp_gain":0.0,"max_hp_loss":0.0,"gold_gain":0.0,"event_name":"Accursed Blacksmith","player_choice":"Rummage","floor":79.0,"gold_loss":0.0,"damage_taken":0.0,"relics_obtained":["WarpedTongs"],"cards_obtained":["Pain"]}],"is_beta":false,"boss_relics":[{"not_picked":["infinitespire:Cupcake","Replay:Wanted Poster"],"picked":"Snecko Heart"},{"not_picked":["Painkiller Herb","conspire:SlowCooker"],"picked":"hubris:Backtick"},{"not_picked":["Black Star","Philosopher\u0027s Stone"],"picked":"Fusion Hammer"},{"not_picked":["REME_DuelDisc","Runic Dome"],"picked":"Pandora\u0027s Box"}],"items_purged_floors":[27,30,37,37],"is_endless":true,"potions_floor_spawned":[5,10,12,14,16,20,22,24,25,33,35,38,41,44,54,55,67,74,78],"killed_by":"Nightmare","ascension_level":0}}