{"host":"k7udt7atmcuzf6l0","time":1612230228,"event":{"mods":["AchievementEnabler","BaseMod","BetterRewards","Colored Map","Colored Powertips","Highlight Path","Minty Spire (QoL Compilation)","Quick Restart","Rare Cards Sparkle","Relic Stats","StSLib","UnlockEverythingMod"],"gold_per_floor":[113,15,28,28,28,28,56,56,56,70,70,96,96,121,121,219,219,229,229,144,159,159,187,187,202,226,259,269,0,0,13,13,112,112,129,129,147,157,57,57,74,74,124,29,45,64,64,64,64,64],"floor_reached":51,"language":"ZHS","playtime":1174,"items_purged":["Regret","Clumsy"],"score":768,"play_id":"040e6909-839e-4b13-a92e-803be25e016c","local_time":"20210202094348","is_ascension_mode":false,"campfire_choices":[{"data":"Whirlwind","floor":6.0,"key":"SMITH"},{"data":"Bash","floor":8.0,"key":"SMITH"},{"data":"Clash","floor":11.0,"key":"SMITH"},{"data":"Flex","floor":13.0,"key":"SMITH"},{"data":"Spot Weakness","floor":15.0,"key":"SMITH"},{"data":"Armaments","floor":30.0,"key":"SMITH"},{"data":"J.A.X.","floor":32.0,"key":"SMITH"},{"data":"Offering","floor":40.0,"key":"SMITH"},{"data":"Intimidate","floor":42.0,"key":"SMITH"},{"data":"Trip","floor":49.0,"key":"SMITH"}],"circlet_count":0,"master_deck":["Strike_R+1","Strike_R+1","Strike_R+1","Strike_R+1","Defend_R+1","Defend_R+1","Defend_R+1","Defend_R+1","Bash+1","Whirlwind+1","Flex+1","Dropkick","Clash+1","Flex+1","Spot Weakness+1","Reaper","Body Slam+1","J.A.X.+1","Offering+1","Intimidate+1","Twin Strike","Thunderclap+1","Armaments+1","Pommel Strike+1","Flex+1","Warcry+1","Heavy Blade+1","Battle Trance+1","Writhe","Trip+1","Madness","Madness","Decay"],"relics":["Burning Blood","NeowsBlessing","Mango","FossilizedHelix","Strawberry","Odd Mushroom","Cursed Key","Self Forming Clay","Art of War","White Beast Statue","Potion Belt","MealTicket","Sling","Mark of Pain","War Paint"],"acts_visited":["Exordium","TheCity","TheBeyond"],"potions_floor_usage":[50,50,50,50],"damage_taken":[{"damage":0.0,"enemies":"Jaw Worm","floor":1.0,"turns":1.0},{"damage":0.0,"enemies":"2 Louse","floor":3.0,"turns":1.0},{"damage":0.0,"enemies":"3 Sentries","floor":7.0,"turns":2.0},{"damage":0.0,"enemies":"Cultist","floor":10.0,"turns":3.0},{"damage":14.0,"enemies":"Lagavulin","floor":12.0,"turns":6.0},{"damage":0.0,"enemies":"The Mushroom Lair","floor":14.0,"turns":3.0},{"damage":40.0,"enemies":"The Guardian","floor":16.0,"turns":7.0},{"damage":0.0,"enemies":"3 Byrds","floor":18.0,"turns":3.0},{"damage":0.0,"enemies":"Spheric Guardian","floor":21.0,"turns":3.0},{"damage":19.0,"enemies":"Gremlin Leader","floor":23.0,"turns":4.0},{"damage":6.0,"enemies":"Centurion and Healer","floor":25.0,"turns":3.0},{"damage":9.0,"enemies":"Slavers","floor":27.0,"turns":3.0},{"damage":18.0,"enemies":"3 Cultists","floor":28.0,"turns":4.0},{"damage":9.0,"enemies":"Cultist and Chosen","floor":31.0,"turns":4.0},{"damage":31.0,"enemies":"Collector","floor":33.0,"turns":6.0},{"damage":15.0,"enemies":"3 Shapes","floor":35.0,"turns":3.0},{"damage":22.0,"enemies":"3 Darklings","floor":37.0,"turns":4.0},{"damage":22.0,"enemies":"Sphere and 2 Shapes","floor":38.0,"turns":3.0},{"damage":35.0,"enemies":"4 Shapes","floor":41.0,"turns":3.0},{"damage":0.0,"enemies":"Spire Growth","floor":45.0,"turns":1.0},{"damage":3.0,"enemies":"Transient","floor":46.0,"turns":5.0},{"damage":111,"enemies":"Awakened One","floor":50,"turns":9}],"seed_played":"6914678431344010529","potions_obtained":[{"floor":1.0,"key":"Block Potion"},{"floor":12.0,"key":"Explosive Potion"},{"floor":16.0,"key":"SkillPotion"},{"floor":25.0,"key":"AttackPotion"},{"floor":27.0,"key":"PowerPotion"},{"floor":28.0,"key":"ColorlessPotion"},{"floor":31.0,"key":"HeartOfIron"},{"floor":33.0,"key":"DistilledChaos"},{"floor":35.0,"key":"ColorlessPotion"},{"floor":37.0,"key":"Swift Potion"},{"floor":38.0,"key":"AttackPotion"},{"floor":41.0,"key":"SkillPotion"},{"floor":45.0,"key":"PowerPotion"},{"floor":46.0,"key":"Fire Potion"}],"is_trial":false,"path_per_floor":["M","$","M","?","?","R","E","R","T","M","R","E","R","?","R","B",null,"M","?","?","M","?","E","T","M","T","E","M","$","R","M","R","B",null,"M","?","M","M","$","R","M","R","T","$","M","M","?","?","R","B",null],"character_chosen":"IRONCLAD","items_purchased":["FairyPotion","Sling","Armaments","Trip"],"campfire_rested":0,"item_purchase_floors":[2,29,29,44],"current_hp_per_floor":[80,80,80,85,85,85,99,99,99,99,99,98,98,104,104,70,106,106,106,106,106,106,106,106,106,106,103,91,106,106,103,103,93,106,103,103,106,93,106,106,77,77,77,92,98,106,93,93,93,12],"gold":64,"neow_bonus":"THREE_ENEMY_KILL","is_daily":false,"chose_seed":false,"campfire_upgraded":10,"win_rate":0.0,"timestamp":1612230228,"path_taken":["M","$","M","?","?","R","E","R","T","?","R","E","R","?","R","BOSS","M","?","?","M","?","E","?","M","T","E","M","$","R","M","R","BOSS","M","?","M","M","$","R","M","R","T","$","M","M","?","?","R","BOSS"],"items_purchased_type":["Potion","Relic","Card","Card"],"build_version":"2020-12-22","purchased_purges":2,"victory":true,"max_hp_per_floor":[80,80,80,85,85,85,99,99,99,99,99,106,106,106,106,106,106,106,106,106,106,106,106,106,106,106,106,106,106,106,106,106,106,106,106,106,106,106,106,106,106,106,106,106,106,106,106,106,106,106],"relic_stats":{"counters":[22,81],"Self Forming Clay":[129],"MealTicket":43,"Art of War":[0],"War Paint":[],"Cursed Key":3,"obtain_stats":[{"Potion Belt":26,"NeowsBlessing":0,"Self Forming Clay":20,"Mango":7,"Odd Mushroom":14,"War Paint":43,"Cursed Key":17,"Sling":29,"Burning Blood":0,"White Beast Statue":24,"Strawberry":12,"MealTicket":27,"Mark of Pain":34,"Art of War":23,"FossilizedHelix":9},{"Potion Belt":11,"NeowsBlessing":0,"Self Forming Clay":8,"Mango":3,"Odd Mushroom":6,"War Paint":19,"Cursed Key":7,"Sling":13,"Burning Blood":0,"White Beast Statue":10,"Strawberry":5,"MealTicket":12,"Mark of Pain":15,"Art of War":10,"FossilizedHelix":3},{"Potion Belt":36,"NeowsBlessing":0,"Self Forming Clay":26,"Mango":4,"Odd Mushroom":16,"War Paint":66,"Cursed Key":23,"Sling":43,"Burning Blood":0,"White Beast Statue":33,"Strawberry":13,"MealTicket":39,"Mark of Pain":53,"Art of War":33,"FossilizedHelix":4}],"Burning Blood":83},"card_choices":[{"not_picked":["Hemokinesis","Heavy Blade"],"picked":"Whirlwind","floor":1.0},{"not_picked":["Cleave","Pommel Strike"],"picked":"Flex","floor":3.0},{"not_picked":["Fire Breathing","Anger"],"picked":"Dropkick","floor":7.0},{"not_picked":["Metallicize","Shrug It Off"],"picked":"Clash","floor":10.0},{"not_picked":["Havoc","Heavy Blade"],"picked":"Flex","floor":12.0},{"not_picked":["Twin Strike","Iron Wave"],"picked":"Spot Weakness","floor":14.0},{"not_picked":["Exhume","Double Tap"],"picked":"Reaper","floor":16.0},{"not_picked":["Seeing Red","Shrug It Off"],"picked":"Body Slam+1","floor":18.0},{"not_picked":["Warcry","Evolve","Heavy Blade"],"picked":"SKIP","floor":21.0},{"not_picked":["Pommel Strike+1","Flex"],"picked":"Offering","floor":23.0},{"not_picked":["Anger","Power Through+1"],"picked":"Intimidate","floor":25.0},{"not_picked":["Fiend Fire","Ghostly Armor"],"picked":"Twin Strike","floor":27.0},{"not_picked":["Dropkick","Combust+1"],"picked":"Thunderclap+1","floor":28.0},{"not_picked":["Shrug It Off","Searing Blow"],"picked":"Pommel Strike+1","floor":31.0},{"not_picked":["Armaments+1","Feel No Pain"],"picked":"Flex+1","floor":35.0},{"not_picked":["Perfected Strike+1","Burning Pact+1"],"picked":"Warcry+1","floor":37.0},{"not_picked":["Headbutt","Bloodletting+1"],"picked":"Heavy Blade+1","floor":38.0},{"not_picked":["Dual Wield","Rupture"],"picked":"Battle Trance+1","floor":41.0},{"not_picked":["Armaments","Whirlwind","True Grit+1"],"picked":"SKIP","floor":45.0},{"not_picked":["Intimidate","Entrench","Fire Breathing+1"],"picked":"SKIP","floor":46.0}],"player_experience":28349,"relics_obtained":[{"floor":7.0,"key":"Mango"},{"floor":9.0,"key":"FossilizedHelix"},{"floor":12.0,"key":"Strawberry"},{"floor":14.0,"key":"Odd Mushroom"},{"floor":23.0,"key":"Art of War"},{"floor":24.0,"key":"White Beast Statue"},{"floor":26.0,"key":"Potion Belt"},{"floor":27.0,"key":"MealTicket"},{"floor":43.0,"key":"War Paint"}],"event_choices":[{"damage_healed":0.0,"max_hp_gain":5.0,"max_hp_loss":0.0,"gold_gain":0.0,"event_name":"Big Fish","player_choice":"Donut","floor":4.0,"gold_loss":0.0,"damage_taken":0.0},{"damage_healed":0.0,"max_hp_gain":0.0,"max_hp_loss":0.0,"gold_gain":0.0,"event_name":"Accursed Blacksmith","player_choice":"Forge","floor":5.0,"gold_loss":0.0,"damage_taken":0.0,"cards_upgraded":["Flex"]},{"damage_healed":0.0,"max_hp_gain":0.0,"max_hp_loss":0.0,"gold_gain":0.0,"event_name":"Mushrooms","player_choice":"Fought Mushrooms","floor":14.0,"gold_loss":0.0,"damage_taken":0.0},{"damage_healed":0.0,"max_hp_gain":0.0,"max_hp_loss":0.0,"gold_gain":0.0,"event_name":"Back to Basics","player_choice":"Simplicity","floor":19.0,"gold_loss":0.0,"damage_taken":0.0,"cards_upgraded":["Strike_R","Strike_R","Strike_R","Strike_R","Strike_R","Defend_R","Defend_R","Defend_R","Defend_R"]},{"damage_healed":0.0,"max_hp_gain":0.0,"max_hp_loss":0.0,"gold_gain":0.0,"event_name":"Addict","player_choice":"Obtained Relic","floor":20.0,"gold_loss":85.0,"damage_taken":0.0,"relics_obtained":["Self Forming Clay"]},{"damage_healed":0.0,"max_hp_gain":0.0,"max_hp_loss":0.0,"gold_gain":0.0,"event_name":"Drug Dealer","player_choice":"Obtain J.A.X.","floor":22.0,"gold_loss":0.0,"damage_taken":0.0,"cards_obtained":["J.A.X."]},{"cards_removed":["Strike_R"],"damage_healed":0.0,"max_hp_gain":0.0,"max_hp_loss":0.0,"gold_gain":0.0,"event_name":"Falling","player_choice":"Removed Attack","floor":36.0,"gold_loss":0.0,"damage_taken":0.0},{"damage_healed":0.0,"max_hp_gain":0.0,"max_hp_loss":0.0,"gold_gain":0.0,"event_name":"Winding Halls","player_choice":"Embrace Madness","floor":47.0,"gold_loss":0.0,"damage_taken":13.0,"cards_obtained":["Madness","Madness"]},{"damage_healed":0.0,"max_hp_gain":0.0,"max_hp_loss":0.0,"gold_gain":0.0,"event_name":"Wheel of Change","player_choice":"Cursed","floor":48.0,"gold_loss":0.0,"damage_taken":0.0,"cards_obtained":["Decay"]}],"is_beta":false,"boss_relics":[{"not_picked":["SacredBark","Ectoplasm"],"picked":"Cursed Key"},{"not_picked":["Runic Dome","Tiny House"],"picked":"Mark of Pain"}],"items_purged_floors":[29,39],"is_endless":false,"potions_floor_spawned":[1,12,16,25,27,28,31,33,35,37,38,41,45,46],"ascension_level":0}}