{"host":"nx6t4q2fc0vdue7l","time":1612272949,"event":{"mods":["2.2 Compatiblity","BaseMod","Minty Spire (QoL Compilation)"],"gold_per_floor":[111,61,61,61,61,87,98,98,98,116,144,144,165,21,21,119,119,137,147,162,162,87,87,101,101,101],"floor_reached":25,"language":"ENG","playtime":775,"items_purged":["Strike_B"],"score":282,"play_id":"c3e478fe-2854-4c2e-b29f-3980ee48998e","local_time":"20210202143549","is_ascension_mode":true,"campfire_choices":[{"data":"Zap","floor":8.0,"key":"SMITH"},{"data":"Dualcast","floor":12.0,"key":"SMITH"},{"floor":15.0,"key":"REST"},{"floor":23,"key":"REST"}],"circlet_count":0,"master_deck":["Strike_B","Strike_B+1","Defend_B+1","Defend_B","Defend_B","Zap+1","Dualcast+1","Coolheaded","Ball Lightning","Ball Lightning","Thunder Strike","Skim","Amplify","Defragment+1","Conserve Battery","Rip and Tear+1","Self Repair"],"relics":["Cracked Core","NeowsBlessing","Ornamental Fan","Kunai","Pear","Odd Mushroom","Strawberry","Inserter","MutagenicStrength"],"acts_visited":["Exordium","TheCity"],"potions_floor_usage":[20,20,25],"damage_taken":[{"damage":0.0,"enemies":"Cultist","floor":1.0,"turns":1.0},{"damage":0.0,"enemies":"3 Sentries","floor":6.0,"turns":1.0},{"damage":0.0,"enemies":"2 Louse","floor":7.0,"turns":1.0},{"damage":8.0,"enemies":"Small Slimes","floor":10.0,"turns":2.0},{"damage":11.0,"enemies":"Lagavulin","floor":11.0,"turns":5.0},{"damage":17.0,"enemies":"The Mushroom Lair","floor":13.0,"turns":4.0},{"damage":47.0,"enemies":"The Guardian","floor":16.0,"turns":9.0},{"damage":48,"enemies":"3 Byrds","floor":18,"turns":5},{"damage":21,"enemies":"Spheric Guardian","floor":19,"turns":4},{"damage":19,"enemies":"Snake Plant","floor":20,"turns":3},{"damage":26,"enemies":"Snecko","floor":24,"turns":6},{"damage":7,"enemies":"Book of Stabbing","floor":25,"turns":3}],"seed_played":"-8756450066587953522","potions_obtained":[{"floor":7.0,"key":"DuplicationPotion"},{"floor":13.0,"key":"SteroidPotion"},{"floor":16.0,"key":"GamblersBrew"},{"floor":20,"key":"BlessingOfTheForge"}],"is_trial":false,"path_per_floor":["M","?","?","?","?","E","M","R","T","M","E","R","?","$","R","B",null,"M","M","M","?","$","R","M","E"],"character_chosen":"DEFECT","items_purchased":["Strawberry"],"campfire_rested":2,"item_purchase_floors":[14],"current_hp_per_floor":[75,75,68,53,53,53,53,53,53,45,44,44,27,34,61,14,92,44,23,4,4,4,31,5,0,0],"gold":101,"neow_bonus":"THREE_ENEMY_KILL","is_daily":false,"chose_seed":false,"campfire_upgraded":2,"win_rate":0.0,"timestamp":1612272949,"path_taken":["M","?","?","?","?","E","M","R","T","?","E","R","?","?","R","BOSS","M","M","M","?","$","R","M","E"],"items_purchased_type":["Relic"],"build_version":"2020-12-22","purchased_purges":1,"victory":false,"max_hp_per_floor":[75,75,75,75,75,75,75,75,75,75,85,85,85,92,92,92,92,92,92,92,92,92,92,92,92,92],"card_choices":[{"not_picked":["Compile Driver","Turbo","Streamline"],"picked":"SKIP","floor":1.0},{"not_picked":["Barrage","Sunder"],"picked":"Coolheaded","floor":6.0},{"not_picked":["Go for the Eyes","Cold Snap"],"picked":"Ball Lightning","floor":7.0},{"not_picked":["Turbo","Rainbow"],"picked":"Ball Lightning","floor":10.0},{"not_picked":["Leap","Force Field"],"picked":"Thunder Strike","floor":11.0},{"not_picked":["Steam","Barrage"],"picked":"Skim","floor":13.0},{"not_picked":["All For One","Fission"],"picked":"Amplify","floor":16.0},{"not_picked":["Cold Snap","Conserve Battery+1"],"picked":"Defragment+1","floor":18},{"not_picked":["Stack","Auto Shields"],"picked":"Conserve Battery","floor":19},{"not_picked":["FTL","Streamline"],"picked":"Rip and Tear+1","floor":20},{"not_picked":["Compile Driver","Ball Lightning"],"picked":"Self Repair","floor":24}],"player_experience":334467,"relics_obtained":[{"floor":6.0,"key":"Ornamental Fan"},{"floor":9.0,"key":"Kunai"},{"floor":11.0,"key":"Pear"},{"floor":13.0,"key":"Odd Mushroom"}],"event_choices":[{"cards_removed":["Strike_B"],"damage_healed":0.0,"max_hp_gain":0.0,"max_hp_loss":0.0,"gold_gain":0.0,"event_name":"The Cleric","player_choice":"Card Removal","floor":2.0,"gold_loss":50.0,"damage_taken":0.0},{"cards_removed":["Defend_B"],"damage_healed":0.0,"max_hp_gain":0.0,"max_hp_loss":0.0,"gold_gain":0.0,"event_name":"Golden Wing","player_choice":"Card Removal","floor":3.0,"gold_loss":0.0,"damage_taken":7.0},{"damage_healed":0.0,"max_hp_gain":0.0,"max_hp_loss":0.0,"gold_gain":0.0,"event_name":"Shining Light","player_choice":"Entered Light","floor":4.0,"gold_loss":0.0,"damage_taken":15.0,"cards_upgraded":["Defend_B","Strike_B"]},{"damage_healed":0.0,"max_hp_gain":0.0,"max_hp_loss":0.0,"gold_gain":0.0,"event_name":"FaceTrader","player_choice":"Leave","floor":5.0,"gold_loss":0.0,"damage_taken":0.0},{"damage_healed":0.0,"max_hp_gain":0.0,"max_hp_loss":0.0,"gold_gain":0.0,"event_name":"Mushrooms","player_choice":"Fought Mushrooms","floor":13.0,"gold_loss":0.0,"damage_taken":0.0},{"damage_healed":0,"gold_gain":0,"player_choice":"Inject Mutagens","damage_taken":0,"relics_obtained":["MutagenicStrength"],"max_hp_gain":0,"max_hp_loss":0,"event_name":"Drug Dealer","floor":21,"gold_loss":0}],"is_beta":false,"boss_relics":[{"not_picked":["Busted Crown","Astrolabe"],"picked":"Inserter"}],"items_purged_floors":[22],"is_endless":false,"potions_floor_spawned":[7,13,16,20],"killed_by":"Book of Stabbing","ascension_level":2}}