{"host":"m8o7tt929h4qck9e","time":1612232217,"event":{"mods":["Aspiration","Bartender","BaseMod","Better Third Choice","BetterRewards","Card Forge","Colored Powertips","Conspire","Defuse TimeMaze Blight","Friendly Minions","Hubris","Infinite Spire","Jedi Mod","Minty Spire (QoL Compilation)","Replay The Spire","Shop Mod","Spicy Shops","StSLib","The Jungle","Transform Curses","??????REMEMod"],"gold_per_floor":[116,116,128,146,146,146,176,176,202,202,212,212,241,241,241,341,341,361,45,61,75,174,174,190,222,222,222,263,296,211,223,223,323,323,343,343,343,343,366,385,385,403,403,420,438,472,490,505,505,607,607,606,614,574,571,471,476,484,484,484,491,491,488,488,488,488,488],"floor_reached":66,"language":"ENG","playtime":22270,"items_purged":["Strike_Bartender","Strike_Bartender","Defend_Bartender","Defend_Bartender+1"],"score":1101,"play_id":"16b608d6-f73a-4e60-ae72-e647f4cc1d18","local_time":"20210201211657","is_ascension_mode":false,"campfire_choices":[{"data":"OpoOpo_Form","floor":6.0,"key":"SMITH"},{"data":"hubris:TrickCloak","floor":8.0,"key":"PURGE"},{"data":"Defend_Bartender","floor":10.0,"key":"PURGE"},{"data":"Somersault","floor":15.0,"key":"PURGE"},{"data":"Beat_Rush","floor":23.0,"key":"SMITH"},{"floor":32,"key":"RECALL"},{"floor":41,"key":"REST"},{"floor":49,"key":"DIG"},{"data":"Ghostly","floor":59,"key":"SMITH"},{"data":"Ball_Of_Ice","floor":62,"key":"SMITH"},{"data":"Cross","floor":66,"key":"SMITH"}],"circlet_count":0,"master_deck":["OpoOpo_Form+1","Form_Shift+1","Heel Hook+1","Dagger Spray+1","Step_Of_The_Wind+1","Ball_Of_Ice+1","Fading_Blow+1","Cross+1","Beat_Rush+1","Greased_Lightning+1","Butterfly_Float","Vortex+","Greased_Lightning","Fight_Dirty+1","Greased_Lightning","Ball_Of_Ice+1","Ripple","Ghostly+1","Ripple"],"relics":["Sneakers","Hammer of Thor","Seething Fire","Anvil of the Gods","REME_ComplimentaryCards","Cleaning_Rag","Peace Pipe","TungstenRod","Replay:Bronze Core","REME_PuzzleBoxRelic","Cowboy_Hat","ReplayTheSpireMod:Ninjato","Torii","infinitespire:Satchel","Calipers","Prayer Wheel","Boot","Bottled Lightning","Replay:Wax Seal","jedi:hotpepper","MerchantsRug","Replay:Rubber Ducky","infinitespire:Midas Blood","aspiration:PoetsPen_weak","hubris:HerbalPaste"],"acts_visited":["Exordium","TheCity","TheBeyond","Exordium"],"potions_floor_usage":[24,28,29,33,44,50],"damage_taken":[{"damage":0.0,"enemies":"Jaw Worm","floor":1.0,"turns":5.0},{"damage":0.0,"enemies":"Cultist","floor":3.0,"turns":4.0},{"damage":0.0,"enemies":"2 Louse","floor":4.0,"turns":3.0},{"damage":21.0,"enemies":"Gremlin Nob","floor":7.0,"turns":5.0},{"damage":2.0,"enemies":"Large Slime","floor":11.0,"turns":6.0},{"damage":13.0,"enemies":"Replay:BlueRogue","floor":13.0,"turns":5.0},{"damage":6.0,"enemies":"Hexaghost","floor":16.0,"turns":8.0},{"damage":0.0,"enemies":"3 Byrds","floor":18.0,"turns":3.0},{"damage":0.0,"enemies":"2 Thieves","floor":20.0,"turns":2.0},{"damage":0.0,"enemies":"Shelled Parasite and Fungi","floor":21.0,"turns":3.0},{"damage":0,"enemies":"3 Cultists","floor":24,"turns":2},{"damage":0,"enemies":"conspire:Head Lice","floor":25,"turns":2},{"damage":0,"enemies":"Sentry and Sphere","floor":28,"turns":3},{"damage":3,"enemies":"conspire:SneckoGhost","floor":29,"turns":4},{"damage":0,"enemies":"Centurion and Healer","floor":31,"turns":3},{"damage":14,"enemies":"hubris:MusketHawk","floor":33,"turns":6},{"damage":7,"enemies":"Orb Walker","floor":35,"turns":3},{"damage":0,"enemies":"3 Darklings","floor":40,"turns":2},{"damage":0,"enemies":"Spire Growth","floor":42,"turns":1},{"damage":17,"enemies":"4 Shapes","floor":44,"turns":3},{"damage":0,"enemies":"Writhing Mass","floor":45,"turns":2},{"damage":5,"enemies":"Nightmare","floor":46,"turns":6},{"damage":0,"enemies":"3 Darklings","floor":47,"turns":3},{"damage":0,"enemies":"Maw","floor":48,"turns":4},{"damage":0,"enemies":"infinitespire:MassOfShapes","floor":50,"turns":6},{"damage":0,"enemies":"Cultist","floor":52,"turns":1},{"damage":0,"enemies":"2 Louse","floor":53,"turns":1},{"damage":0,"enemies":"Jaw Worm","floor":55,"turns":2},{"damage":0,"enemies":"Gremlin Nob","floor":57,"turns":2},{"damage":0,"enemies":"Gremlin Gang","floor":58,"turns":1},{"damage":0,"enemies":"Lots of Slimes","floor":61,"turns":1},{"damage":0,"enemies":"Looter","floor":63,"turns":2}],"seed_played":"4722727745783611990","potions_obtained":[{"floor":3.0,"key":"Strength Potion"},{"floor":7.0,"key":"Energy Potion"},{"floor":11.0,"key":"PowerPotion"},{"floor":18.0,"key":"PowerPotion"},{"floor":20.0,"key":"DuplicationPotion"},{"floor":24,"key":"REME_GoldPotion"},{"floor":28,"key":"Weak Potion"},{"floor":31,"key":"SpeedPotion"},{"floor":44,"key":"FearPotion"},{"floor":46,"key":"Venom Potion"},{"floor":48,"key":"SkillPotion"},{"floor":52,"key":"LiquidMemories"}],"is_trial":false,"path_per_floor":["M","?","M","M","?","R","E","R","T","R","M","?","E","?","R","B",null,"M","$","M","M","?","R","M","E","T","AVR","M","E","?","M","R","B",null,"M","AVR","?","?","T","M","R","M","T","M","M","NM","M","M","R","B",null,"M","M","$","M","?","E","M","R","T","M","R","M","?","AVR","R"],"character_chosen":"BARTENDER","items_purchased":["Lee\u0027s Waffle","OpoOpo_Form","Cleaning_Rag","Ripple","REME_PuzzleBoxRelic","Cowboy_Hat","MerchantsRug"],"campfire_rested":1,"item_purchase_floors":[0,0,0,0,19,19,54],"current_hp_per_floor":[77,77,77,77,77,77,56,56,56,56,54,54,41,46,46,40,82,82,82,82,82,82,82,82,82,82,82,82,79,79,79,79,65,82,75,75,75,75,75,75,82,82,82,65,65,60,60,60,68,68,67,67,67,67,67,67,67,67,67,67,67,67,67,51,51,51,51],"gold":488,"neow_bonus":"","is_daily":false,"chose_seed":false,"campfire_upgraded":5,"win_rate":0.0,"timestamp":1612232217,"path_taken":["M","?","M","?","?","R","E","R","T","R","M","?","E","?","R","BOSS","M","$","M","M","?","R","M","E","T","AVR","M","E","?","M","R","BOSS","M","AVR","?","?","?","M","R","M","T","M","M","NM","M","?","R","BOSS","M","M","$","M","?","E","M","R","T","M","R","M","?","AVR","R"],"items_purchased_type":["Relic","Card","Relic","Card","Relic","Relic","Relic"],"build_version":"2020-12-22","purchased_purges":4,"victory":false,"max_hp_per_floor":[77,77,77,77,77,77,77,77,77,77,77,77,77,82,82,82,82,82,82,82,82,82,82,82,82,82,82,82,82,82,82,82,82,82,82,82,82,82,82,82,82,82,82,82,82,82,82,82,90,90,67,67,67,67,67,67,67,67,67,67,67,67,67,51,51,51,51],"card_choices":[{"not_picked":["Dragonkick","Perfect_Balance","RockBreaker"],"picked":"SKIP","floor":1.0},{"not_picked":["Dragonkick","Perfect_Balance","RockBreaker"],"picked":"SKIP","floor":1.0},{"not_picked":["Fight_Dirty","Well_Drinks"],"picked":"Step_Of_The_Wind","floor":3.0},{"not_picked":["Scoop","Combo_Master"],"picked":"Ball_Of_Ice","floor":4.0},{"not_picked":["Well_Drinks","Raptor_Form","Tornado_Kick"],"picked":"SKIP","floor":7.0},{"not_picked":["Fight_Dirty","Scoop"],"picked":"Fading_Blow","floor":11.0},{"not_picked":["Feint","Dancing_Jab"],"picked":"Cross","floor":13.0},{"not_picked":["Storage","High_Tide"],"picked":"Beat_Rush","floor":16.0},{"not_picked":["Center_Self+1","Feint","Bitters"],"picked":"SKIP","floor":18.0},{"not_picked":["Mirage","Pony_Shot","Bicycle_Kick"],"picked":"SKIP","floor":20.0},{"not_picked":["Step_Of_The_Wind","Dancing_Jab","Fading_Blow"],"picked":"SKIP","floor":21.0},{"not_picked":["Cross+1","Ball_Of_Ice+1","Axe_Heel_Kick"],"picked":"SKIP","floor":24},{"not_picked":["Rope_A_Dope","Free_Pour","Axe_Heel_Kick"],"picked":"SKIP","floor":25},{"not_picked":["Hook","High_Tide","Pony_Shot+1"],"picked":"SKIP","floor":28},{"not_picked":["OpoOpo_Form","Wall_of_Ice"],"picked":"Greased_Lightning+1","floor":29},{"not_picked":["Rising_Crane","Dragonkick","Scowl"],"picked":"SKIP","floor":31},{"not_picked":["Cold_Blooded","Beat_Rush"],"picked":"Butterfly_Float","floor":33},{"not_picked":["Fading_Blow+1","Feint+1","With_A_Twist"],"picked":"SKIP","floor":35},{"not_picked":["Alacrity+1","Dart+1","On_The_Rocks"],"picked":"SKIP","floor":40},{"not_picked":["Wall_of_Ice+1","Tornado_Kick","Foot_Thrust+1"],"picked":"SKIP","floor":40},{"not_picked":["Fading_Blow","Dancing_Jab","Dragonkick"],"picked":"SKIP","floor":42},{"not_picked":["On_The_Rocks+1","Free_Pour+1","Bouncer"],"picked":"SKIP","floor":42},{"not_picked":["Momentum","Alacrity"],"picked":"Vortex+","floor":44},{"not_picked":["ThreeSidedStar","Scoop"],"picked":"Greased_Lightning","floor":44},{"not_picked":["Sucker_Punch","On_The_Rocks+1","Bouncer+1"],"picked":"SKIP","floor":45},{"not_picked":["Bitters","Snap_Punch","Raptor_Form+1"],"picked":"SKIP","floor":45},{"not_picked":["Scoop","Elbow_Slash+1"],"picked":"Fight_Dirty+1","floor":46},{"not_picked":["Feint+1","Surge+1"],"picked":"Greased_Lightning","floor":47},{"not_picked":["High_Tide","Bitters+1","Torment"],"picked":"SKIP","floor":47},{"not_picked":["Fight_Dirty+1","Blizzard_Spikes+1"],"picked":"Ball_Of_Ice","floor":48},{"not_picked":["Power_Up_Punch","Dancing_Jab","Moonsault_Kick"],"picked":"SKIP","floor":48},{"not_picked":["Power_Up_Punch","Dancing_Jab","Moonsault_Kick"],"picked":"SKIP","floor":48},{"not_picked":["Hook","Ball_Of_Ice","Fight_Dirty"],"picked":"SKIP","floor":52},{"not_picked":["Hook","On_The_Rocks","Meditate"],"picked":"SKIP","floor":52},{"not_picked":["Step_Of_The_Wind","Snap_Punch"],"picked":"Ripple","floor":53},{"not_picked":["Raptor_Form","Foot_Thrust","Meditate"],"picked":"SKIP","floor":53},{"not_picked":["Fading_Blow","Center_Self","Greased_Lightning"],"picked":"SKIP","floor":55},{"not_picked":["Ripple","Hook","Pony_Shot"],"picked":"SKIP","floor":55},{"not_picked":["Snap_Punch","Sucker_Punch","Raptor_Form"],"picked":"SKIP","floor":57},{"not_picked":["Blizzard_Spikes","Bicycle_Kick"],"picked":"Ripple","floor":58},{"not_picked":["Fading_Blow","Scoop","Press_Forward"],"picked":"SKIP","floor":58},{"not_picked":["Rising_Crane","Coeurl_Form","Power_Up_Punch"],"picked":"SKIP","floor":61},{"not_picked":["Bouncer","Windup","Greased_Lightning"],"picked":"SKIP","floor":61},{"not_picked":["Stick_and_Move","Dragonkick","Feint"],"picked":"SKIP","floor":63},{"not_picked":["Cross","Meteodrive","Free_Pour"],"picked":"SKIP","floor":63}],"player_experience":29783,"relics_obtained":[{"floor":7.0,"key":"Peace Pipe"},{"floor":9.0,"key":"ReplayFunnel"},{"floor":13.0,"key":"TungstenRod"},{"floor":25,"key":"Whetstone"},{"floor":26,"key":"ReplayTheSpireMod:Ninjato"},{"floor":29,"key":"Torii"},{"floor":39,"key":"Boot"},{"floor":43,"key":"Bottled Lightning"},{"floor":46,"key":"Replay:Wax Seal"},{"floor":49,"key":"hubris:Spice"},{"floor":57,"key":"Replay:Rubber Ducky"},{"floor":60,"key":"infinitespire:Midas Blood"}],"event_choices":[{"damage_healed":0.0,"max_hp_gain":5.0,"max_hp_loss":0.0,"gold_gain":0.0,"event_name":"Big Fish","player_choice":"Donut","floor":14.0,"gold_loss":0.0,"damage_taken":0.0},{"damage_healed":0.0,"max_hp_gain":0.0,"max_hp_loss":0.0,"gold_gain":99.0,"event_name":"betterThird:BetterNest","player_choice":"Steal","floor":22.0,"gold_loss":0.0,"damage_taken":0.0},{"damage_healed":0,"gold_gain":0,"player_choice":"Obtained Relic","damage_taken":0,"relics_obtained":["infinitespire:Satchel"],"max_hp_gain":0,"max_hp_loss":0,"event_name":"Addict","floor":30,"gold_loss":85},{"damage_healed":0,"gold_gain":0,"player_choice":"Ignored","damage_taken":0,"max_hp_gain":0,"max_hp_loss":0,"event_name":"Mysterious Sphere","floor":37,"gold_loss":0},{"cards_removed":["Ripple"],"damage_healed":0,"gold_gain":0,"player_choice":"Removed Skill","damage_taken":0,"max_hp_gain":0,"max_hp_loss":0,"event_name":"Falling","floor":38,"gold_loss":0},{"damage_healed":0,"gold_gain":0,"player_choice":"Argue","damage_taken":0,"max_hp_gain":0,"max_hp_loss":0,"event_name":"conspire:LoneGhost","floor":56,"gold_loss":0}],"is_beta":false,"boss_relics":[{"not_picked":["REME_ChargedStone","Velvet Choker"],"picked":"Replay:Bronze Core"},{"not_picked":["Ring of Chaos","hubris:Stopwatch"],"picked":"hubris:Backtick"},{"not_picked":["Replay:Drink Me","hubris:ScarierMask"],"picked":"jedi:hotpepper"}],"items_purged_floors":[0,0,0,54],"is_endless":true,"potions_floor_spawned":[3,7,11,18,20,24,28,31,44,46,48,52,57,61,63],"ascension_level":0}}