{"host":"jumrmhf584hajrnz","time":1612256936,"event":{"mods":["BaseMod","Duelist Mod","GifTheSpireLib","Minty Spire (QoL Compilation)","Quick Restart","StSLib"],"gold_per_floor":[12,12,27,42,57,57,91,107,107,257,284,45,57,77,77,148,148,166,78,78,88,88,119,119,137,137,137,150,175,192,223,223,297,297,311,323,4,4,4,46,74,114,114,134,134,82,104,145,145,145,145,145],"floor_reached":51,"language":"ENG","playtime":3343,"items_purged":["Doubt"],"score":1743,"play_id":"bf9cb17d-37e7-4066-92b6-3597cade21ad","local_time":"20210202100856","is_ascension_mode":true,"campfire_choices":[{"floor":6,"key":"RECALL"},{"floor":15,"key":"REST"},{"floor":24,"key":"REST"},{"data":"Mayhem","floor":27,"key":"SMITH"},{"data":"theDuelist:TwinHeadedBehemoth","floor":32,"key":"SMITH"},{"floor":45,"key":"REST"},{"floor":49,"key":"REST"}],"circlet_count":0,"master_deck":["AscendersBane","theDuelist:BabyDragon","theDuelist:CastleWalls","theDuelist:CaveDragon","theDuelist:CaveDragon","theDuelist:LesserDragon","theDuelist:LesserDragon","theDuelist:Sparks","theDuelist:Sparks","theDuelist:YamataDragon","Mayhem+1","theDuelist:CyberDragonCore+1","theDuelist:SeismicShockwave","theDuelist:YamataDragon","theDuelist:GaiaDragonChamp","theDuelist:TotemDragon","theDuelist:ForbiddenLance","theDuelist:Lancephorhynchus","theDuelist:BlueBloodedOni","theDuelist:Kabazauls","theDuelist:BerserkScales","theDuelist:Freezadon","theDuelist:DragonMirror","theDuelist:Freezadon","theDuelist:TwinHeadedBehemoth+1","theDuelist:AncientPixieDragon","theDuelist:SilverDragon","theDuelist:Freezadon+1","theDuelist:DragonMastery+1","theDuelist:Nameless:Power:AssaultArmor","theDuelist:SilverDragon","theDuelist:BlueEyes+1","theDuelist:SmashingGround","theDuelist:BlacklandFireDragon","theDuelist:SliferSky"],"relics":["theDuelist:MillenniumPuzzle","theDuelist:CardPoolRelic","theDuelist:CardPoolBasicRelic","theDuelist:BoosterPackPoolRelic","theDuelist:CardPoolAddRelic","theDuelist:CardPoolMinusRelic","theDuelist:CardPoolSaveRelic","theDuelist:CardPoolOptionsRelic","theDuelist:ElectricToken","theDuelist:DragonRelicC","theDuelist:MetronomeRelicD","Regal Pillow","theDuelist:GamblerChip","theDuelist:SummonAnchor","Nunchaku","Oddly Smooth Stone","theDuelist:SolderToken","SlaversCollar","Unceasing Top","CeramicFish","Smiling Mask","Snake Skull","theDuelist:ZoneToken"],"acts_visited":["Exordium","TheCity","TheBeyond"],"potions_floor_usage":[5,14,29,33,42,48,48,50],"damage_taken":[{"damage":0,"enemies":"Cultist","floor":1,"turns":2},{"damage":3,"enemies":"2 Louse","floor":3,"turns":3},{"damage":0,"enemies":"Jaw Worm","floor":4,"turns":2},{"damage":0,"enemies":"Gremlin Gang","floor":5,"turns":4},{"damage":6,"enemies":"Gremlin Nob","floor":7,"turns":3},{"damage":9,"enemies":"Red Slaver","floor":8,"turns":2},{"damage":6,"enemies":"3 Sentries","floor":11,"turns":6},{"damage":0,"enemies":"Large Slime","floor":13,"turns":2},{"damage":3,"enemies":"Gremlin Gang","floor":14,"turns":2},{"damage":0,"enemies":"Slime Boss","floor":16,"turns":4},{"damage":0,"enemies":"Chosen","floor":18,"turns":3},{"damage":13,"enemies":"Shell Parasite","floor":21,"turns":3},{"damage":17,"enemies":"theDuelist:KaibaA2","floor":23,"turns":4},{"damage":0,"enemies":"Snake Plant","floor":25,"turns":2},{"damage":16,"enemies":"3 Cultists","floor":28,"turns":5},{"damage":2,"enemies":"Book of Stabbing","floor":29,"turns":3},{"damage":0,"enemies":"Chosen and Byrds","floor":30,"turns":3},{"damage":5,"enemies":"theDuelist:KaibaA2","floor":31,"turns":3},{"damage":18,"enemies":"Collector","floor":33,"turns":6},{"damage":19,"enemies":"3 Darklings","floor":35,"turns":6},{"damage":0,"enemies":"Orb Walker","floor":36,"turns":3},{"damage":0,"enemies":"Giant Head","floor":40,"turns":4},{"damage":0,"enemies":"Spire Growth","floor":41,"turns":2},{"damage":27,"enemies":"Reptomancer","floor":42,"turns":4},{"damage":1,"enemies":"Transient","floor":44,"turns":5},{"damage":37,"enemies":"Sphere and 2 Shapes","floor":47,"turns":4},{"damage":9,"enemies":"Nemesis","floor":48,"turns":5},{"damage":30,"enemies":"Donu and Deca","floor":50,"turns":7},{"damage":0,"enemies":"Awakened One","floor":51,"turns":1}],"seed_played":"8408785175501263085","potions_obtained":[{"floor":3,"key":"theDuelist:FireBottle"},{"floor":4,"key":"FearPotion"},{"floor":7,"key":"PowerPotion"},{"floor":11,"key":"EssenceOfSteel"},{"floor":16,"key":"theDuelist:WhiteBottle"},{"floor":29,"key":"Fruit Juice"},{"floor":31,"key":"theDuelist:TokenPotion"},{"floor":36,"key":"theDuelist:StunPotion"},{"floor":44,"key":"theDuelist:FlamingBottle"},{"floor":48,"key":"LiquidMemories"}],"is_trial":false,"path_per_floor":["M","?","M","M","M","R","E","M","T","?","E","$","M","M","R","B",null,"M","$","?","M","$","E","R","M","T","R","M","E","M","E","R","B",null,"M","M","$","?","?","E","M","E","T","M","R","?","M","E","R","B","B"],"character_chosen":"THE_DUELIST","items_purchased":["Regal Pillow","theDuelist:DragonMirror","Unceasing Top"],"campfire_rested":4,"item_purchase_floors":[12,19,37],"current_hp_per_floor":[63,63,60,60,60,60,54,45,45,45,39,39,39,36,70,70,70,70,70,62,49,49,32,68,68,68,68,52,55,55,50,50,32,64,45,45,45,45,45,45,45,18,18,17,54,54,17,8,45,15,15,15],"gold":145,"neow_bonus":"RANDOM_COLORLESS_2","is_daily":false,"chose_seed":false,"campfire_upgraded":2,"win_rate":0.0,"timestamp":1612256936,"path_taken":["M","?","M","M","M","R","E","M","T","?","E","$","M","M","R","BOSS","M","$","?","M","$","E","R","?","T","R","M","E","M","E","R","BOSS","M","M","$","?","?","E","?","E","T","M","R","?","M","E","R","BOSS","BOSS"],"items_purchased_type":["Relic","Card","Relic"],"build_version":"2020-12-22","purchased_purges":1,"victory":false,"max_hp_per_floor":[70,70,70,70,70,70,70,70,70,70,70,70,70,70,70,70,70,70,70,70,70,70,70,70,70,70,70,70,75,75,75,75,75,75,75,75,75,75,75,75,75,75,75,75,75,75,75,75,75,75,75,75],"card_choices":[{"not_picked":["Secret Weapon","Transmutation"],"picked":"Mayhem","floor":0},{"not_picked":["theDuelist:CyberValley","theDuelist:BlackPtera","theDuelist:LordD","theDuelist:HorusServant"],"picked":"theDuelist:CyberDragonCore","floor":1},{"not_picked":["theDuelist:VoidOgreDragon","theDuelist:Scapegoat","theDuelist:BusterBladerDDS","theDuelist:ArmedProtectorDragon"],"picked":"theDuelist:SeismicShockwave","floor":3},{"not_picked":["theDuelist:SphereChaos","theDuelist:CyberDragonVier","theDuelist:DefenseZone","theDuelist:HazyFlameHydra"],"picked":"theDuelist:YamataDragon","floor":4},{"not_picked":["theDuelist:CurseDragon","theDuelist:GiantRex","theDuelist:BurstBreath","theDuelist:ArmedDragon5"],"picked":"theDuelist:GaiaDragonChamp","floor":5},{"not_picked":["theDuelist:WhiteHowling","theDuelist:JurassicImpact","theDuelist:DragonTreasure"],"picked":"theDuelist:TotemDragon","floor":7},{"not_picked":["theDuelist:BattleguardKing","theDuelist:BigFire","theDuelist:Hinotama","theDuelist:RainbowOverdragon"],"picked":"theDuelist:ForbiddenLance","floor":8},{"not_picked":["theDuelist:SuperancientDinobeast","theDuelist:Pyrorex","theDuelist:Hydrogeddon","theDuelist:CyberDinosaur"],"picked":"theDuelist:Lancephorhynchus","floor":11},{"not_picked":["theDuelist:RainbowOverdragon","theDuelist:BigKoala","theDuelist:DarkCreator","theDuelist:Terraforming"],"picked":"theDuelist:BlueBloodedOni","floor":13},{"not_picked":["theDuelist:TrihornedDragon","theDuelist:BlackPtera","theDuelist:BarrelDragon","theDuelist:CyberTwinDragon"],"picked":"theDuelist:Kabazauls","floor":14},{"not_picked":["theDuelist:OceanDragonLord","theDuelist:CyberDragonInfinity","theDuelist:ArmedProtectorDragon","theDuelist:GravityLash"],"picked":"theDuelist:BerserkScales","floor":16},{"not_picked":["theDuelist:BusterBlader","theDuelist:AncientPixieDragon","theDuelist:Anthrosaurus","theDuelist:DragonTreasure+1"],"picked":"theDuelist:Freezadon","floor":18},{"not_picked":["theDuelist:SuperancientDinobeast","theDuelist:MadSwordBeast+1","theDuelist:Hydrogeddon","theDuelist:GalaxyTyranno"],"picked":"theDuelist:Freezadon","floor":21},{"not_picked":["theDuelist:LightningDarts","theDuelist:Jinzo","theDuelist:MagicalStone+1","theDuelist:RainbowOverdragon"],"picked":"theDuelist:GoldenApples","floor":23},{"not_picked":["theDuelist:VoidOgreDragon","theDuelist:ThunderDragon"],"picked":"theDuelist:TwinHeadedBehemoth","floor":25},{"not_picked":["theDuelist:BlackPtera","theDuelist:Anthrosaurus","theDuelist:Beatraptor+1","theDuelist:Earthquake"],"picked":"theDuelist:LesserDragon+1","floor":28},{"not_picked":["theDuelist:ViceDragon","theDuelist:FrostflameDragon","theDuelist:SnowDragon","theDuelist:Berserking"],"picked":"theDuelist:AncientPixieDragon","floor":29},{"not_picked":["theDuelist:TwinBarrelDragon","theDuelist:BlackPtera","theDuelist:RedRisingDragon","theDuelist:TwinHeadedBehemoth"],"picked":"theDuelist:SilverDragon","floor":30},{"not_picked":["theDuelist:CurseDragon","theDuelist:Beatraptor","theDuelist:TornadoDragon","theDuelist:Berserking"],"picked":"theDuelist:Freezadon+1","floor":31},{"not_picked":["theDuelist:WaterDragon","theDuelist:VoidOgreDragon","theDuelist:StardustDragon","theDuelist:ChimeratechOverdragon"],"picked":"theDuelist:DragonMastery+1","floor":33},{"not_picked":["theDuelist:HymnOfLight","theDuelist:Frostosaurus","theDuelist:EvilMind","theDuelist:AmuletDragon"],"picked":"theDuelist:LavaDragon","floor":35},{"not_picked":["theDuelist:StampingDestruction","theDuelist:AncientRules","theDuelist:DragonTreasure","theDuelist:Dracocension"],"picked":"theDuelist:Mountain","floor":36},{"not_picked":["theDuelist:TwinBarrelDragon","theDuelist:SphereChaos","theDuelist:Freezadon","theDuelist:BlackVeloci+1"],"picked":"theDuelist:SilverDragon","floor":40},{"not_picked":["theDuelist:TwinHeadedFire+1","theDuelist:MirageDragon","theDuelist:CyberDinosaur+1","theDuelist:BlackBrutdrago"],"picked":"theDuelist:BlueEyes+1","floor":41},{"not_picked":["theDuelist:GaiaDragonChamp","theDuelist:DragonMastery","theDuelist:BusterBladerDDS","theDuelist:BerserkScales"],"picked":"theDuelist:TailSwipe","floor":42},{"not_picked":["theDuelist:BattleguardKing+1","theDuelist:Hinotama","theDuelist:LightningDarts","theDuelist:ForbiddenLance"],"picked":"theDuelist:SmashingGround","floor":44},{"not_picked":["theDuelist:StampingDestruction","theDuelist:MythicWaterDragon","theDuelist:CyberDragonDrei","theDuelist:MiraculousDescent+1"],"picked":"theDuelist:VeilDarkness+1","floor":47},{"not_picked":["theDuelist:DragonMastery","theDuelist:BusterBladerDDS","theDuelist:BerserkScales+1","theDuelist:GravityLash"],"picked":"theDuelist:SliferSky","floor":48}],"player_experience":1668137,"relics_obtained":[{"floor":7,"key":"theDuelist:ElectricToken"},{"floor":9,"key":"theDuelist:DragonRelicC"},{"floor":11,"key":"theDuelist:MetronomeRelicD"},{"floor":23,"key":"Nunchaku"},{"floor":29,"key":"Oddly Smooth Stone"},{"floor":31,"key":"theDuelist:SolderToken"},{"floor":40,"key":"CeramicFish"},{"floor":42,"key":"Smiling Mask"},{"floor":43,"key":"Snake Skull"},{"floor":48,"key":"theDuelist:ZoneToken"}],"event_choices":[{"damage_healed":0,"gold_gain":0,"player_choice":"Grow","damage_taken":0,"max_hp_gain":0,"max_hp_loss":0,"event_name":"Living Wall","floor":2,"gold_loss":0,"cards_upgraded":["theDuelist:CyberDragonCore"]},{"damage_healed":0,"gold_gain":150,"player_choice":"AGREE","damage_taken":0,"max_hp_gain":0,"max_hp_loss":0,"event_name":"Liars Game","floor":10,"gold_loss":0,"cards_obtained":["Doubt"]},{"damage_healed":0,"gold_gain":0,"player_choice":"Dig - random Duelist relic","duelist":true,"damage_taken":0,"max_hp_gain":0,"max_hp_loss":0,"event_name":"Aknamkanon\u0027s Tomb","floor":20,"gold_loss":0},{"power_reward":4,"total_magic_score":60,"gold_gain":0,"duelist":true,"damage_taken":0,"relics_obtained":[],"points":6,"max_hp_gain":0,"max_hp_loss":0,"spent_points":{"magic":0,"greed":0,"war":0,"power":4,"hunger":2},"event_name":"Nameless Tomb","floor":38,"gold_loss":0,"cards_obtained":["theDuelist:Nameless:Power:AssaultArmor"]},{"damage_healed":0,"gold_gain":0,"cards_transformed":["theDuelist:CastleWalls"],"player_choice":"Transformed","damage_taken":0,"max_hp_gain":0,"max_hp_loss":0,"event_name":"Transmorgrifier","floor":39,"gold_loss":0,"cards_obtained":["theDuelist:DarkstormDragon"]},{"damage_healed":0,"gold_gain":0,"player_choice":"Purchased Blackland Fire Dragon for 61 Gold.","duelist":true,"damage_taken":0,"max_hp_gain":0,"max_hp_loss":0,"event_name":"Card Trader","floor":46,"gold_loss":0}],"is_beta":false,"boss_relics":[{"not_picked":["Empty Cage","Pandora\u0027s Box"],"picked":"theDuelist:GamblerChip"},{"not_picked":["Coffee Dripper","Astrolabe"],"picked":"SlaversCollar"}],"items_purged_floors":[12],"is_endless":false,"potions_floor_spawned":[3,4,7,11,16,23,25,29,31,36,40,44,48],"killed_by":"Awakened One","ascension_level":20}}