{"host":"vqgrg90fv56geajp","time":1612276219,"event":{"mods":["BaseMod","Colored Map","Colored Powertips","Minty Spire (QoL Compilation)","Quick Restart","Rare Cards Sparkle","Relic Stats"],"gold_per_floor":[111,81,93,103,117,117,117,117],"floor_reached":7,"language":"ENG","playtime":304,"items_purged":[],"score":86,"play_id":"8d242e67-1506-4a18-bf2e-731dd3b83b37","local_time":"20210202163019","is_ascension_mode":true,"campfire_choices":[{"floor":6,"key":"REST"}],"circlet_count":0,"master_deck":["AscendersBane","Strike_G","Strike_G","Strike_G","Strike_G","Strike_G","Defend_G","Defend_G","Defend_G","Defend_G","Defend_G","Survivor","Neutralize","Bullet Time","Underhanded Strike"],"relics":["Ring of the Snake"],"acts_visited":["Exordium"],"potions_floor_usage":[7,7],"damage_taken":[{"damage":4,"enemies":"Small Slimes","floor":1,"turns":5},{"damage":10,"enemies":"Cultist","floor":3,"turns":6},{"damage":0,"enemies":"Jaw Worm","floor":4,"turns":4},{"damage":9,"enemies":"Blue Slaver","floor":5,"turns":7},{"damage":65,"enemies":"Gremlin Nob","floor":7,"turns":6}],"seed_played":"6423490155360764050","potions_obtained":[{"floor":2,"key":"GhostInAJar"},{"floor":2,"key":"FearPotion"},{"floor":5,"key":"Regen Potion"}],"is_trial":false,"path_per_floor":["M","?","M","M","M","R","E"],"character_chosen":"THE_SILENT","items_purchased":[],"campfire_rested":1,"item_purchase_floors":[],"current_hp_per_floor":[40,40,30,30,21,40,0,0],"gold":117,"neow_bonus":"THREE_RARE_CARDS","is_daily":false,"chose_seed":false,"campfire_upgraded":0,"win_rate":0.0,"timestamp":1612276219,"path_taken":["M","?","?","M","M","R","E"],"items_purchased_type":[],"build_version":"2020-12-22","purchased_purges":0,"victory":false,"max_hp_per_floor":[66,66,66,66,66,66,66,66],"relic_stats":{"counters":[5,28],"obtain_stats":[{"Ring of the Snake":0},{"Ring of the Snake":0},{"Ring of the Snake":0}],"Ring of the Snake":[10]},"card_choices":[{"not_picked":["Wraith Form v2","A Thousand Cuts"],"picked":"Bullet Time","floor":0},{"not_picked":["Poisoned Stab","Flying Knee","Sucker Punch"],"picked":"SKIP","floor":1},{"not_picked":["Cloak And Dagger","Prepared"],"picked":"Underhanded Strike","floor":3},{"not_picked":["Flying Knee","Bane","Dodge and Roll"],"picked":"SKIP","floor":4},{"not_picked":["Noxious Fumes","Distraction","Outmaneuver"],"picked":"SKIP","floor":5}],"player_experience":2543497,"relics_obtained":[],"event_choices":[{"damage_healed":0,"gold_gain":0,"player_choice":"Bought 2 Potions","damage_taken":0,"max_hp_gain":0,"max_hp_loss":0,"event_name":"The Woman in Blue","floor":2,"gold_loss":0}],"is_beta":false,"boss_relics":[],"items_purged_floors":[],"is_endless":false,"potions_floor_spawned":[3,4,5],"killed_by":"Gremlin Nob","ascension_level":20}}