{"host":"8ki4rp59nppvqwda","time":1612229864,"event":{"mods":["AlwaysNeverKeys","BaseMod","Hermit","Minty Spire (QoL Compilation)","Robot Space Explorer","SacredBarkPlus","StSLib","The Cursed","The Necromancer","The Trickster"],"gold_per_floor":[111,111,125,139,89,89,89,123,123,123,142,142,142,142,142,239,239,253,178,178,178,178],"floor_reached":21,"language":"ENG","playtime":1029,"items_purged":[],"score":201,"play_id":"31f0e1e6-4c2e-4412-8ecd-7de6f62adc24","local_time":"20210201203744","is_ascension_mode":true,"campfire_choices":[{"data":"hermit:Spite","floor":6.0,"key":"SMITH"},{"data":"hermit:Spite","floor":10.0,"key":"SMITH"},{"data":"hermit:SprayPray","floor":12.0,"key":"SMITH"},{"data":"hermit:FinalCanter","floor":15.0,"key":"SMITH"}],"circlet_count":0,"master_deck":["hermit:Strike_Hermit","hermit:Strike_Hermit+1","hermit:Defend_Hermit","hermit:Defend_Hermit","hermit:Defend_Hermit","hermit:Snapshot+1","hermit:Covet","hermit:FinalCanter+1","hermit:Spite+1","hermit:EyeOfTheStorm","hermit:Spite+1","hermit:Glare","hermit:Deadeye","hermit:SprayPray+1","hermit:HighNoon","Writhe"],"relics":["hermit:ClaspedLocket","Letter Opener","PreservedInsect","Ancient Tea Set"],"acts_visited":["Exordium","TheCity"],"potions_floor_usage":[],"damage_taken":[{"damage":4.0,"enemies":"Small Slimes","floor":1.0,"turns":3.0},{"damage":1.0,"enemies":"Cultist","floor":3.0,"turns":3.0},{"damage":1.0,"enemies":"2 Louse","floor":4.0,"turns":2.0},{"damage":15.0,"enemies":"3 Sentries","floor":8.0,"turns":6.0},{"damage":6.0,"enemies":"Exordium Thugs","floor":11.0,"turns":3.0},{"damage":20.0,"enemies":"Hexaghost","floor":16.0,"turns":6.0},{"damage":7.0,"enemies":"Chosen","floor":18.0,"turns":3.0},{"damage":0,"enemies":"Spheric Guardian","floor":21,"turns":2}],"seed_played":"7058347101721741535","potions_obtained":[{"floor":2.0,"key":"Fire Potion"},{"floor":2.0,"key":"BlessingOfTheForge"},{"floor":2.0,"key":"hermit:Tonic"},{"floor":3.0,"key":"Fire Potion"},{"floor":4.0,"key":"ColorlessPotion"},{"floor":11.0,"key":"SteroidPotion"},{"floor":16.0,"key":"Dexterity Potion"}],"is_trial":false,"path_per_floor":["M","?","M","M","?","R","?","E","T","R","M","R","$","?","R","B",null,"M","?","?","M"],"character_chosen":"HERMIT","items_purchased":[],"campfire_rested":0,"item_purchase_floors":[],"current_hp_per_floor":[71,71,70,69,69,69,69,54,54,54,48,48,48,33,33,13,75,68,68,68,68,68],"gold":178,"neow_bonus":"ONE_RANDOM_RARE_CARD","is_daily":false,"chose_seed":false,"campfire_upgraded":4,"win_rate":0.0,"timestamp":1612229864,"path_taken":["M","?","M","?","?","R","?","E","T","R","?","R","$","?","R","BOSS","M","?","?","M"],"items_purchased_type":[],"build_version":"2020-12-22","purchased_purges":0,"victory":false,"max_hp_per_floor":[75,75,75,75,75,75,75,75,75,75,75,75,75,75,75,75,75,75,75,75,75,75],"card_choices":[{"not_picked":["hermit:Misfire","hermit:ItchyTrigger"],"picked":"hermit:Spite","floor":1.0},{"not_picked":["hermit:LoneWolf","hermit:Cheat"],"picked":"hermit:EyeOfTheStorm","floor":3.0},{"not_picked":["hermit:Quickdraw","hermit:BodyArmor"],"picked":"hermit:Spite","floor":4.0},{"not_picked":["hermit:HighCaliber","hermit:Coalescence"],"picked":"hermit:Deadeye","floor":8.0},{"not_picked":["hermit:Quickdraw","hermit:Ricochet"],"picked":"hermit:SprayPray","floor":11.0},{"not_picked":["hermit:Reprieve","hermit:Magnum"],"picked":"hermit:HighNoon","floor":16.0},{"not_picked":["hermit:Vantage","hermit:Feint","hermit:SprayPray"],"picked":"SKIP","floor":18.0}],"player_experience":1287044,"relics_obtained":[{"floor":8.0,"key":"Letter Opener"},{"floor":9.0,"key":"PreservedInsect"}],"event_choices":[{"damage_healed":0.0,"max_hp_gain":0.0,"max_hp_loss":0.0,"gold_gain":0.0,"event_name":"Lab","player_choice":"Got Potions","floor":2.0,"gold_loss":0.0,"damage_taken":0.0},{"cards_removed":["hermit:Strike_Hermit"],"damage_healed":0.0,"max_hp_gain":0.0,"max_hp_loss":0.0,"gold_gain":0.0,"event_name":"The Cleric","player_choice":"Card Removal","floor":5.0,"gold_loss":50.0,"damage_taken":0.0},{"damage_healed":0.0,"max_hp_gain":0.0,"max_hp_loss":0.0,"gold_gain":0.0,"cards_transformed":["hermit:Defend_Hermit"],"event_name":"Transmorgrifier","player_choice":"Transformed","floor":7.0,"gold_loss":0.0,"damage_taken":0.0,"cards_obtained":["hermit:Glare"]},{"damage_healed":0.0,"max_hp_gain":0.0,"max_hp_loss":0.0,"gold_gain":0.0,"event_name":"Shining Light","player_choice":"Entered Light","floor":14.0,"gold_loss":0.0,"damage_taken":15.0,"cards_upgraded":["hermit:Snapshot","hermit:Strike_Hermit"]},{"cards_removed":["hermit:Strike_Hermit"],"damage_healed":0.0,"max_hp_gain":0.0,"max_hp_loss":0.0,"gold_gain":0.0,"event_name":"Beggar","player_choice":"Gave Gold","floor":19.0,"gold_loss":75.0,"damage_taken":0.0},{"damage_healed":0.0,"max_hp_gain":0.0,"max_hp_loss":0.0,"gold_gain":0.0,"event_name":"The Mausoleum","player_choice":"Opened","floor":20.0,"gold_loss":0.0,"damage_taken":0.0,"relics_obtained":["Ancient Tea Set"],"cards_obtained":["Writhe"]}],"is_beta":false,"boss_relics":[{"not_picked":["Tiny House","SacredBark"],"picked":"hermit:ClaspedLocket"}],"items_purged_floors":[],"is_endless":false,"potions_floor_spawned":[3,4,11,16],"killed_by":"Spheric Guardian","ascension_level":3}}