{"host":"skr63qsdfgeey3it","time":1612251005,"event":{"mods":["BaseMod","Colored Map","Hubris","Minty Spire (QoL Compilation)","Reliquary","Replay The Spire","Spicy Shops","StSLib"],"gold_per_floor":[114,114,64,139,139,168,168,194,194,205,205,216,68,88,88,187,187,197,213,78,78,88,120,120,133,133,133,146,0,0,10,10,107,107,123,123,123],"floor_reached":36,"language":"ENG","playtime":1462,"items_purged":["Defend_B","Parasite"],"score":801,"play_id":"92e292ff-d43d-4bd2-a67f-7c38a2e68605","local_time":"20210202013005","is_ascension_mode":true,"campfire_choices":[{"data":"Beam Cell","floor":7,"key":"SMITH"},{"data":"Turbo","floor":11,"key":"SMITH"},{"data":"Recycle","floor":15,"key":"SMITH"},{"floor":24,"key":"REST"},{"data":"Turbo","floor":32,"key":"SMITH"}],"circlet_count":0,"master_deck":["AscendersBane","Strike_B","Strike_B","Strike_B","Defend_B","Defend_B","Defend_B","Zap","Dualcast","Streamline","Redo","Beam Cell+1","Leap","Turbo+1","Beam Cell","Recycle+1","Go for the Eyes","ReplayTheSpireMod:System Scan","Storm+1","Defragment","Conserve Battery","Beam Cell","Turbo+1","Ball Lightning","Meteor Strike","Panic Button","Seeing Red","Redo+1","Barricade","Conserve Battery+1"],"relics":["Cracked Core","NeowsBlessing","FaceOfCleric","Meat on the Bone","Unceasing Top","Chameleon Ring","Nunchaku","reliquary:WritOfMandamus","BargainBundle","hubris:Towel","reliquary:Boomerang","hubris:DisguiseKit","Pen Nib","hubris:BottledHeart","Sozu"],"acts_visited":["Exordium","TheCity","TheBeyond"],"potions_floor_usage":[16,16,16,19,22,22,23,31,36],"damage_taken":[{"damage":0,"enemies":"2 Louse","floor":1,"turns":1},{"damage":0,"enemies":"Lagavulin","floor":6,"turns":1},{"damage":0,"enemies":"Gremlin Nob","floor":8,"turns":1},{"damage":0,"enemies":"Small Slimes","floor":10,"turns":3},{"damage":0,"enemies":"Cultist","floor":12,"turns":2},{"damage":1,"enemies":"Looter","floor":14,"turns":2},{"damage":35,"enemies":"The Guardian","floor":16,"turns":8},{"damage":12,"enemies":"Spheric Guardian","floor":18,"turns":4},{"damage":23,"enemies":"3 Byrds","floor":19,"turns":4},{"damage":12,"enemies":"Centurion and Healer","floor":22,"turns":3},{"damage":36,"enemies":"Slavers","floor":23,"turns":3},{"damage":2,"enemies":"Sentry and Sphere","floor":25,"turns":3},{"damage":14,"enemies":"Snake Plant","floor":28,"turns":3},{"damage":0,"enemies":"Snecko","floor":31,"turns":4},{"damage":0,"enemies":"Collector","floor":33,"turns":6},{"damage":0,"enemies":"Orb Walker","floor":35,"turns":2},{"damage":20,"enemies":"2 Orb Walkers","floor":36,"turns":4}],"seed_played":"-4549650638313415404","potions_obtained":[{"floor":8,"key":"EntropicBrew"},{"floor":10,"key":"SteroidPotion"},{"floor":16,"key":"Regen Potion"},{"floor":19,"key":"Weak Potion"},{"floor":22,"key":"EssenceOfDarkness"},{"floor":28,"key":"Swift Potion"},{"floor":33,"key":"Block Potion"}],"is_trial":false,"path_per_floor":["M","?","$","?","?","E","R","E","T","M","R","M","$","M","R","B",null,"M","M","$","?","M","E","R","M","T","?","M","$","?","M","R_BF","B",null,"M","?"],"character_chosen":"DEFECT","items_purchased":["Beam Cell","Nunchaku","BargainBundle","Defragment","Conserve Battery","Beam Cell","Turbo","Ball Lightning","Pen Nib"],"campfire_rested":1,"item_purchase_floors":[3,13,20,20,20,20,20,20,29],"current_hp_per_floor":[68,68,68,57,57,58,58,59,59,60,60,61,61,61,61,39,71,60,56,56,56,45,22,46,45,45,45,44,44,1,1,1,1,1,1,0,0],"gold":123,"neow_bonus":"THREE_ENEMY_KILL","is_daily":false,"chose_seed":false,"campfire_upgraded":4,"win_rate":0.0,"timestamp":1612251005,"path_taken":["M","?","$","?","?","E","R","E","T","M","R","?","$","M","R","BOSS","M","M","$","?","M","E","R","M","T","?","M","?","?","?","R_BF","BOSS","M","?"],"items_purchased_type":["Card","Relic","Relic","Card","Card","Card","Card","Card","Relic"],"build_version":"2020-12-22","purchased_purges":2,"victory":false,"max_hp_per_floor":[75,75,75,75,75,76,76,77,77,78,78,79,79,80,80,81,81,82,83,80,80,81,82,82,83,83,83,84,84,1,1,1,1,1,1,1,1],"card_choices":[{"not_picked":["Recycle","Hologram"],"picked":"Streamline","floor":1},{"not_picked":["Barrage","Panic Button"],"picked":"Leap","floor":6},{"not_picked":["Self Repair","BasicCrystalCard"],"picked":"Turbo","floor":8},{"not_picked":["Time Bomb","Melter"],"picked":"Beam Cell","floor":10},{"not_picked":["Steam","Barrage"],"picked":"Recycle","floor":12},{"not_picked":["Leap","Rip and Tear"],"picked":"Go for the Eyes","floor":14},{"not_picked":["Ball Lightning+1","Doom and Gloom+1"],"picked":"ReplayTheSpireMod:System Scan","floor":18},{"not_picked":["Sweeping Beam","Force Field"],"picked":"Storm+1","floor":19},{"not_picked":["Rip and Tear","Stack+1","Auto Shields"],"picked":"SKIP","floor":22},{"not_picked":["FTL","Turbo+1"],"picked":"Meteor Strike","floor":23},{"not_picked":["Redo","Barrage"],"picked":"Panic Button","floor":25},{"not_picked":["Lockon","Steam","Undo"],"picked":"Seeing Red","floor":28},{"not_picked":["Leap","Streamline","True Grit"],"picked":"Redo+1","floor":31},{"not_picked":["Creative AI","Electrodynamics","hubris:DoWhile"],"picked":"Barricade","floor":33},{"not_picked":["Panic Button","Sweeping Beam+1","Hemokinesis"],"picked":"Conserve Battery+1","floor":35}],"player_experience":852359,"relics_obtained":[{"floor":6,"key":"Meat on the Bone"},{"floor":8,"key":"Unceasing Top"},{"floor":9,"key":"Chameleon Ring"},{"floor":23,"key":"reliquary:Boomerang"},{"floor":26,"key":"hubris:DisguiseKit"}],"event_choices":[{"damage_healed":0,"gold_gain":0,"cards_transformed":["Strike_B"],"player_choice":"Change","damage_taken":0,"max_hp_gain":0,"max_hp_loss":0,"event_name":"Living Wall","floor":2,"gold_loss":0,"cards_obtained":["Redo"]},{"damage_healed":0,"gold_gain":75,"player_choice":"Gather Gold","damage_taken":11,"max_hp_gain":0,"max_hp_loss":0,"event_name":"World of Goop","floor":4,"gold_loss":0},{"damage_healed":0,"gold_gain":0,"player_choice":"Trade","damage_taken":0,"relics_obtained":["FaceOfCleric"],"max_hp_gain":0,"max_hp_loss":0,"event_name":"FaceTrader","floor":5,"gold_loss":0},{"damage_healed":0,"gold_gain":0,"player_choice":"Fight","damage_taken":0,"max_hp_gain":0,"max_hp_loss":0,"event_name":"Mysterious Sphere","floor":36,"gold_loss":0}],"is_beta":false,"boss_relics":[{"not_picked":["hubris:ScarierMask","hubris:Stopwatch"],"picked":"reliquary:WritOfMandamus"},{"not_picked":["FrozenCore","reliquary:Craggleroot"],"picked":"Sozu"}],"items_purged_floors":[13,20],"is_endless":false,"potions_floor_spawned":[8,10,14,16,19,22,28,33],"killed_by":"2 Orb Walkers","ascension_level":11}}