{"host":"4u4xibnmtqpdl4qa","time":1612292517,"event":{"mods":["2.2 Compatiblity","AchievementEnabler","BaseMod","Colored Map","Colored Powertips","Curses Come First","DeckTracker","Highlight Path","Minty Spire (QoL Compilation)","Quick Restart","Rare Cards Sparkle","Relic Stats","Slay-I","StSLib","SuperFastMode","Waifu the Spire"],"gold_per_floor":[110,121,135,21,21,46,46,65,65,65,65,76,104,116,116,218,218,236,248,248,248],"floor_reached":20,"language":"ENG","playtime":1217,"items_purged":[],"score":205,"play_id":"5e658280-4f77-490a-a4cc-c0d416b87436","local_time":"20210202200157","is_ascension_mode":true,"campfire_choices":[{"data":"Second Wind","floor":7.0,"key":"SMITH"},{"data":"Rage","floor":10.0,"key":"SMITH"},{"floor":15,"key":"REST"}],"circlet_count":0,"master_deck":["Strike_R","Strike_R","Strike_R","Strike_R","Defend_R","Defend_R","Defend_R","Defend_R","Bash","Clash","Wild Strike","Second Wind+1","Rage+1","Shrug It Off","Dual Wield","Battle Trance","Evolve","Pommel Strike","Pommel Strike","Shrug It Off","Barricade","Dropkick+1","Entrench"],"relics":["Sozu","Happy Flower","Potion Belt","Bottled Lightning","Black Star"],"acts_visited":["Exordium","TheCity"],"potions_floor_usage":[],"damage_taken":[{"damage":0.0,"enemies":"Small Slimes","floor":1.0,"turns":3.0},{"damage":0.0,"enemies":"2 Louse","floor":2.0,"turns":2.0},{"damage":0.0,"enemies":"Cultist","floor":3.0,"turns":2.0},{"damage":27.0,"enemies":"Gremlin Nob","floor":6.0,"turns":4.0},{"damage":2.0,"enemies":"Gremlin Gang","floor":8.0,"turns":5.0},{"damage":8.0,"enemies":"Exordium Thugs","floor":12.0,"turns":5.0},{"damage":9,"enemies":"3 Sentries","floor":13,"turns":7},{"damage":0,"enemies":"Red Slaver","floor":14,"turns":2},{"damage":17,"enemies":"The Guardian","floor":16,"turns":11},{"damage":26,"enemies":"3 Byrds","floor":18,"turns":9},{"damage":33,"enemies":"Spheric Guardian","floor":19,"turns":8},{"damage":24,"enemies":"Centurion and Healer","floor":20,"turns":4}],"seed_played":"843293724327296861","potions_obtained":[],"is_trial":false,"path_per_floor":["M","M","M","$","?","E","R","M","T","R","?","M","E","M","R","B",null,"M","M","M"],"character_chosen":"IRONCLAD","items_purchased":["Rage","Shrug It Off"],"campfire_rested":1,"item_purchase_floors":[4,4],"current_hp_per_floor":[80,80,80,80,80,53,53,51,51,51,51,43,34,34,58,41,80,54,21,0,0],"gold":248,"neow_bonus":"BOSS_RELIC","is_daily":false,"chose_seed":false,"campfire_upgraded":2,"win_rate":0.0,"timestamp":1612292517,"path_taken":["M","M","M","$","?","E","R","M","T","R","?","?","E","M","R","BOSS","M","M","?"],"items_purchased_type":["Card","Card"],"build_version":"2020-12-22","purchased_purges":0,"victory":false,"max_hp_per_floor":[80,80,80,80,80,80,80,80,80,80,80,80,80,80,80,80,80,80,80,80,80],"relic_stats":{"Sozu":4,"Happy Flower":[17],"counters":[12,62],"Black Star":0,"obtain_stats":[{"Sozu":0,"Potion Belt":9,"Happy Flower":6,"Black Star":17,"Bottled Lightning":13,"Burning Blood":0},{"Sozu":0,"Potion Belt":5,"Happy Flower":4,"Black Star":9,"Bottled Lightning":7,"Burning Blood":0},{"Sozu":0,"Potion Belt":16,"Happy Flower":11,"Black Star":41,"Bottled Lightning":28,"Burning Blood":0}]},"card_choices":[{"not_picked":["Flex","Headbutt"],"picked":"Clash","floor":1.0},{"not_picked":["Combust","Battle Trance"],"picked":"Wild Strike","floor":2.0},{"not_picked":["Feel No Pain","Headbutt"],"picked":"Second Wind","floor":3.0},{"not_picked":["Ghostly Armor","Headbutt"],"picked":"Battle Trance","floor":6.0},{"not_picked":["Dual Wield","Havoc"],"picked":"Evolve","floor":8.0},{"not_picked":["Heavy Blade","Warcry"],"picked":"Pommel Strike","floor":12.0},{"not_picked":["Hemokinesis","Combust"],"picked":"Pommel Strike","floor":13},{"not_picked":["Warcry","Wild Strike"],"picked":"Shrug It Off","floor":14},{"not_picked":["Offering","Bludgeon"],"picked":"Barricade","floor":16},{"not_picked":["Sever Soul+1","Perfected Strike"],"picked":"Dropkick+1","floor":18},{"not_picked":["Clothesline","Anger"],"picked":"Entrench","floor":19}],"player_experience":153834,"relics_obtained":[{"floor":6.0,"key":"Happy Flower"},{"floor":9.0,"key":"Potion Belt"},{"floor":13,"key":"Bottled Lightning"}],"event_choices":[{"damage_healed":0.0,"max_hp_gain":0.0,"max_hp_loss":0.0,"gold_gain":0.0,"cards_transformed":["Strike_R"],"event_name":"Living Wall","player_choice":"Change","floor":5.0,"gold_loss":0.0,"damage_taken":0.0,"cards_obtained":["Dual Wield"]},{"damage_healed":0.0,"max_hp_gain":0.0,"max_hp_loss":0.0,"gold_gain":0.0,"event_name":"The Woman in Blue","player_choice":"Bought 0 Potions","floor":11.0,"gold_loss":0.0,"damage_taken":0.0}],"is_beta":false,"boss_relics":[{"not_picked":["SacredBark","Cursed Key"],"picked":"Black Star"}],"items_purged_floors":[],"is_endless":false,"potions_floor_spawned":[2,6,13,14],"killed_by":"Centurion and Healer","ascension_level":2}}