{"host":"52jmisti11ysmja4","time":1612303757,"event":{"mods":["Aspiration","BaseMod","Better Third Choice","Minty Spire (QoL Compilation)","Remove Card Discount Mod","StSLib","The Bug Knight","The Cursed","The Marked"],"gold_per_floor":[116,128,146,146,161,187,213,91,141,80,80,116,116,152,152,261,261,284,185,197,208,208,243,243,283,283,139,139,158,158,158,158,265,265,276,23,23,46,46,78,95,135,162,189,234,234,86,99,99,99],"floor_reached":51,"language":"ENG","playtime":2587,"items_purged":["TheCursedMod:Strike_TheCursed","TheCursedMod:Strike_TheCursed","TheCursedMod:Strike_TheCursed","TheCursedMod:Strike_TheCursed","TheCursedMod:Defend_TheCursed","TheCursedMod:Defend_TheCursed","TheCursedMod:Defend_TheCursed","TheCursedMod:Defend_TheCursed","TheCursedMod:WearCloak","TheCursedMod:Stigma"],"score":1337,"play_id":"53376034-46a6-445d-9028-8df95bac8a66","local_time":"20210202140917","is_ascension_mode":true,"campfire_choices":[{"data":"TheCursedMod:CircleOfFlame","floor":11.0,"key":"SMITH"},{"data":"TheCursedMod:CircleOfFlame","floor":13.0,"key":"SMITH"},{"floor":15.0,"key":"REST"},{"data":"TheCursedMod:LuckyCharm","floor":24.0,"key":"SMITH"},{"data":"TheCursedMod:LuckyCharm","floor":28.0,"key":"SMITH"},{"data":"TheCursedMod:TacticalStrike","floor":30.0,"key":"SMITH"},{"floor":32.0,"key":"REST"},{"data":"TheCursedMod:CollectTribute","floor":46,"key":"SMITH"},{"data":"TheCursedMod:SpitefulPray","floor":49,"key":"SMITH"}],"circlet_count":0,"master_deck":["TheCursedMod:CursedWand","TheCursedMod:CleanUpWorkshop","TheCursedMod:Dregs","TheCursedMod:TacticalStrike+1","TheCursedMod:CursedShiv","TheCursedMod:CursedAmulet","TheCursedMod:CursedMace","TheCursedMod:CircleOfFlame+1","TheCursedMod:CursedShiv","TheCursedMod:CircleOfFlame+1","TheCursedMod:SpitefulPray+1","TheCursedMod:LuckyCharm+1","TheCursedMod:SurpriseAttack","TheCursedMod:DemonSword","TheCursedMod:TacticalStrike+1","TheCursedMod:LuckyCharm+1","TheCursedMod:CursedShiv","TheCursedMod:SurpriseAttack","TheCursedMod:CursedShiv","TheCursedMod:DemonSword","TheCursedMod:LuckyCharm+1","TheCursedMod:SurpriseAttack+1","TheCursedMod:CursedShiv+1","TheCursedMod:CollectTribute+1"],"relics":["TheCursedMod:BlackMagic101","CeramicFish","Bag of Preparation","Centennial Puzzle","Pocketwatch","TheCursedMod:OminousMark","aspiration:RitualStick","HollowMod:StagPassRelic","Strawberry","MawBank","HollowMod:PaleOreRelic","aspiration:Stabinomicon","Philosopher\u0027s Stone","Vajra","Mango","Girya","Anchor","Akabeko","aspiration:FetidBarrel","aspiration:Lifesprig"],"acts_visited":["Exordium","TheCity","TheBeyond"],"potions_floor_usage":[42],"damage_taken":[{"damage":2.0,"enemies":"Small Slimes","floor":1.0,"turns":3.0},{"damage":1.0,"enemies":"Cultist","floor":2.0,"turns":3.0},{"damage":4.0,"enemies":"Jaw Worm","floor":3.0,"turns":3.0},{"damage":1.0,"enemies":"Looter","floor":5.0,"turns":4.0},{"damage":9.0,"enemies":"Lagavulin","floor":6.0,"turns":6.0},{"damage":10.0,"enemies":"Gremlin Gang","floor":7.0,"turns":5.0},{"damage":6.0,"enemies":"HollowMod:MossKnight","floor":12.0,"turns":3.0},{"damage":0.0,"enemies":"Gremlin Nob","floor":14.0,"turns":2.0},{"damage":24.0,"enemies":"Hexaghost","floor":16.0,"turns":6.0},{"damage":0.0,"enemies":"Spheric Guardian","floor":18.0,"turns":2.0},{"damage":0.0,"enemies":"Sentry and Sphere","floor":20.0,"turns":2.0},{"damage":0.0,"enemies":"3 Cultists","floor":21.0,"turns":2.0},{"damage":0.0,"enemies":"HollowMod:Nosk","floor":23.0,"turns":4.0},{"damage":10.0,"enemies":"Slavers","floor":25.0,"turns":3.0},{"damage":4.0,"enemies":"Cultist and Chosen","floor":29.0,"turns":2.0},{"damage":0.0,"enemies":"Automaton","floor":33.0,"turns":3.0},{"damage":0.0,"enemies":"Orb Walker","floor":35.0,"turns":1.0},{"damage":0.0,"enemies":"3 Darklings","floor":38.0,"turns":2.0},{"damage":0.0,"enemies":"Giant Head","floor":40.0,"turns":4.0},{"damage":8.0,"enemies":"Transient","floor":41.0,"turns":5.0},{"damage":0,"enemies":"Reptomancer","floor":42,"turns":2},{"damage":9,"enemies":"Giant Head","floor":44,"turns":5},{"damage":0,"enemies":"2 Orb Walkers","floor":45,"turns":3},{"damage":0,"enemies":"4 Shapes","floor":48,"turns":2},{"damage":36,"enemies":"Time Eater","floor":50,"turns":6}],"seed_played":"2262787766042703821","potions_obtained":[{"floor":2.0,"key":"Dexterity Potion"},{"floor":6.0,"key":"TheCursedMod:DregsPotion"},{"floor":16.0,"key":"Block Potion"},{"floor":18.0,"key":"Weak Potion"},{"floor":23.0,"key":"FearPotion"},{"floor":33.0,"key":"Fire Potion"},{"floor":41.0,"key":"SneckoOil"},{"floor":42,"key":"TheCursedMod:DregsPotion"}],"is_trial":false,"path_per_floor":["M","M","M","?","M","E","M","$","T","$","R","E","R","E","R","B",null,"M","$","M","M","?","E","R","E","T","$","R","M","R","?","R","B",null,"M","$","?","M","?","E","M","E","T","E","?","R","$","M","R","B",null],"character_chosen":"THE_CURSED","items_purchased":["TheCursedMod:CursedShiv","TheCursedMod:CircleOfFlame","TheCursedMod:SpitefulPray","TheCursedMod:LuckyCharm","TheCursedMod:LuckyCharm","TheCursedMod:CursedShiv","HollowMod:PaleOreRelic","Vajra","TheCursedMod:LuckyCharm","TheCursedMod:SurpriseAttack","aspiration:Lifesprig"],"campfire_rested":2,"item_purchase_floors":[8,8,8,10,19,19,27,36,36,36,47],"current_hp_per_floor":[66,65,61,61,60,51,41,41,41,41,41,35,35,35,57,33,65,65,65,65,65,50,50,50,47,47,47,47,43,43,27,51,51,74,74,74,88,88,88,88,80,80,80,71,71,71,71,71,71,35],"gold":99,"neow_bonus":"THREE_CARDS","is_daily":false,"chose_seed":false,"campfire_upgraded":7,"win_rate":0.0,"timestamp":1612303757,"path_taken":["M","M","M","?","?","E","M","$","T","?","R","E","R","E","R","BOSS","M","$","M","?","?","E","R","E","T","$","R","M","R","?","R","BOSS","M","$","?","?","?","E","M","E","T","E","?","R","?","M","R","BOSS"],"items_purchased_type":["Card","Card","Card","Card","Card","Card","Relic","Relic","Card","Card","Relic"],"build_version":"2020-12-22","purchased_purges":10,"victory":true,"max_hp_per_floor":[75,75,75,75,75,75,75,75,75,75,75,75,75,75,75,75,75,75,75,75,75,75,75,75,82,82,82,82,82,82,82,82,82,82,82,82,96,96,91,91,91,91,91,91,91,91,91,91,91,91],"card_choices":[{"not_picked":["TheCursedMod:CursedStaff","TheCursedMod:RavingStaff"],"picked":"TheCursedMod:TacticalStrike","floor":0.0},{"not_picked":["TheCursedMod:SoulCrush","TheCursedMod:RapidMovement"],"picked":"TheCursedMod:Stigma","floor":1.0},{"not_picked":["TheCursedMod:ManaBullet","TheCursedMod:RavingStaff"],"picked":"TheCursedMod:CursedShiv","floor":2.0},{"not_picked":["TheCursedMod:RavingStaff","TheCursedMod:CircleOfAmplification"],"picked":"TheCursedMod:CursedAmulet","floor":3.0},{"not_picked":["TheCursedMod:RapidMovement","TheCursedMod:ReleasedKnowledge"],"picked":"TheCursedMod:CursedMace","floor":5.0},{"not_picked":["TheCursedMod:RapidMovement","TheCursedMod:SpitefulStrike","TheCursedMod:CircleOfWindfury"],"picked":"SKIP","floor":6.0},{"not_picked":["TheCursedMod:CircleOfCorruption","TheCursedMod:SmokeScreen"],"picked":"TheCursedMod:CircleOfFlame","floor":7.0},{"not_picked":["TheCursedMod:SpreadPlague","TheCursedMod:ManaCirculation"],"picked":"TheCursedMod:SurpriseAttack","floor":12.0},{"not_picked":["TheCursedMod:Grudge","TheCursedMod:CircleOfWindfury"],"picked":"TheCursedMod:WearCloak","floor":14.0},{"not_picked":["TheCursedMod:CursedRelics","TheCursedMod:DemonicPact"],"picked":"TheCursedMod:DemonSword","floor":16.0},{"not_picked":["TheCursedMod:CursedMace","TheCursedMod:CircleOfCorruption"],"picked":"TheCursedMod:TacticalStrike","floor":18.0},{"not_picked":["TheCursedMod:Obscuration","TheCursedMod:TacticalStrike","TheCursedMod:Grudge"],"picked":"SKIP","floor":20.0},{"not_picked":["TheCursedMod:AbyssShockwave","TheCursedMod:SoulReap+1","TheCursedMod:Stigma+1"],"picked":"SKIP","floor":21.0},{"not_picked":["TheCursedMod:CircleOfCorruption","TheCursedMod:SpitefulStrike","TheCursedMod:CircleOfWindfury"],"picked":"SKIP","floor":23.0},{"not_picked":["TheCursedMod:ReleasedKnowledge","TheCursedMod:CircleOfWindfury"],"picked":"TheCursedMod:SurpriseAttack","floor":25.0},{"not_picked":["TheCursedMod:BloodBarrier+1","TheCursedMod:RavingStaff+1"],"picked":"TheCursedMod:CursedShiv","floor":29.0},{"not_picked":["TheCursedMod:ManaCirculation","TheCursedMod:StunningStrike"],"picked":"TheCursedMod:DemonSword","floor":33.0},{"not_picked":["TheCursedMod:SaltUponWound","TheCursedMod:Torture+1","TheCursedMod:Stigma+1"],"picked":"SKIP","floor":35.0},{"not_picked":["TheCursedMod:Torture","TheCursedMod:VitalStrike+1"],"picked":"TheCursedMod:CursedShiv+1","floor":38.0},{"not_picked":["TheCursedMod:BloodBarrier+1","TheCursedMod:SmokeScreen","TheCursedMod:CursedBoomerang"],"picked":"SKIP","floor":40.0},{"not_picked":["TheCursedMod:SmokeScreen","TheCursedMod:Stretching+1","TheCursedMod:TroublousMinions+1"],"picked":"SKIP","floor":41.0},{"not_picked":["TheCursedMod:CircleOfCorruption","TheCursedMod:Evocation+1"],"picked":"TheCursedMod:CollectTribute","floor":42},{"not_picked":["TheCursedMod:Hemoplague+1","TheCursedMod:TacticalStrike","TheCursedMod:Torture"],"picked":"SKIP","floor":44},{"not_picked":["TheCursedMod:CursedSpellbook+1","TheCursedMod:HellsGateOpen","TheCursedMod:CircleOfWindfury"],"picked":"SKIP","floor":48}],"player_experience":710182,"relics_obtained":[{"floor":6.0,"key":"CeramicFish"},{"floor":9.0,"key":"Bag of Preparation"},{"floor":12.0,"key":"Centennial Puzzle"},{"floor":14.0,"key":"Pocketwatch"},{"floor":23.0,"key":"HollowMod:StagPassRelic"},{"floor":25.0,"key":"Strawberry"},{"floor":26.0,"key":"MawBank"},{"floor":31.0,"key":"aspiration:Stabinomicon"},{"floor":40.0,"key":"Girya"},{"floor":42,"key":"Anchor"},{"floor":43,"key":"Akabeko"},{"floor":44,"key":"aspiration:FetidBarrel"}],"event_choices":[{"damage_healed":0.0,"max_hp_gain":0.0,"max_hp_loss":0.0,"gold_gain":0.0,"event_name":"Upgrade Shrine","player_choice":"Upgraded","floor":4.0,"gold_loss":0.0,"damage_taken":0.0,"cards_upgraded":["TheCursedMod:TacticalStrike"]},{"damage_healed":0.0,"max_hp_gain":0.0,"max_hp_loss":0.0,"gold_gain":0.0,"event_name":"Cursed Tome","player_choice":"Obtained Book","floor":31.0,"gold_loss":0.0,"damage_taken":16.0},{"damage_healed":0.0,"max_hp_gain":0.0,"max_hp_loss":0.0,"gold_gain":0.0,"event_name":"WeMeetAgain","player_choice":"Gave Potion","floor":37.0,"gold_loss":0.0,"damage_taken":0.0,"relics_obtained":["Mango"]},{"damage_healed":0.0,"max_hp_gain":0.0,"max_hp_loss":5.0,"gold_gain":0.0,"event_name":"Winding Halls","player_choice":"Max HP","floor":39.0,"gold_loss":0.0,"damage_taken":0.0},{"damage_healed":0,"gold_gain":0,"player_choice":"Fight","damage_taken":0,"max_hp_gain":0,"max_hp_loss":0,"event_name":"Mysterious Sphere","floor":45,"gold_loss":0}],"is_beta":false,"boss_relics":[{"not_picked":["Runic Pyramid","Snecko Eye"],"picked":"TheCursedMod:OminousMark"},{"not_picked":["Astrolabe","Runic Dome"],"picked":"Philosopher\u0027s Stone"}],"items_purged_floors":[8,8,8,8,8,8,8,8,19,19],"is_endless":false,"potions_floor_spawned":[2,6,16,18,23,33,35,41,42,45],"ascension_level":7}}