{"host":"m3qxensetu6036ua","time":1612295914,"event":{"mods":["2.2 Compatiblity","AchievementEnabler","BaseMod","Better Altar","Better Match","Better Sensory Stone","Better Skull","Better Third Choice","Better Vampires","Block Reminder","Colored Powertips","Displayed Cursed Tome","Evolution","Good Game Mod","GungeonMod","Hubris","Jedi Mod","Minty Spire (QoL Compilation)","Rare Cards Sparkle","Remove Card Discount Mod","Replay The Spire","Spicy Shops","StSLib","The Cursed"],"gold_per_floor":[112,132,207,222,232,259,259,287,337,350,350,350,361,361,361,458,458,471,481,501,512,530,530,557,557,582,611,623,623,623,369,369,467,467,479,123,137,137,56,56,90,90,117,117,49,65,65,91,91,91,91],"floor_reached":50,"language":"ENG","playtime":3150,"items_purged":["Pain"],"score":603,"play_id":"debea1ac-2d1c-4880-bf78-a9c0cb7e55a0","local_time":"20210202205834","is_ascension_mode":true,"campfire_choices":[{"data":"Searing Blow","floor":7,"key":"SMITH"},{"data":"Searing Blow+1","floor":12,"key":"SMITH"},{"data":"Searing Blow+2","floor":15,"key":"SMITH"},{"floor":23,"key":"REST"},{"data":"Shockwave","floor":29,"key":"SMITH"},{"floor":32,"key":"REST"},{"data":"Disarm","floor":38,"key":"SMITH"},{"data":"ReplayTheSpireMod:Stacked","floor":40,"key":"SMITH"},{"data":"Searing Blow+3","floor":42,"key":"SMITH"},{"data":"Searing Blow+4","floor":44,"key":"SMITH"},{"data":"Searing Blow+5","floor":47,"key":"SMITH"},{"data":"Deep Breath","floor":49,"key":"SMITH"}],"circlet_count":0,"master_deck":["Twin Strike","Bash","DeusExMachina+1","Searing Blow+6","Combust","ReplayTheSpireMod:Muscle Training","Shrug It Off","Pummel+1","Feed+1","Sentinel+1","Metallicize","Shockwave+1","Bloodletting","jedi:collectorstrike+1","ReplayTheSpireMod:LeadingStrike+1","Uppercut+1","Spot Weakness","Disarm+1","Deep Breath+1","Hemogenesis+1","ReplayTheSpireMod:Stacked+1","Panacea","Sword Boomerang+1","Combust","ReplayTheSpireMod:Stacked+1"],"relics":["Black Blood","EVO:Axolotl","REME:ComplimentaryCards","Potion Belt","Incense Burner","hubris:ChampionShield","Molten Egg 2","Pandora\u0027s Box","War Paint","jedi:arcanewood","jedi:Pinwheel","King of Hearts","Replay:Accelerometer","Blood Vial","Paper Frog"],"acts_visited":["Exordium","TheCity","TheBeyond"],"potions_floor_usage":[6,16,16,19,21,24,27,33,41,48,48,50,50],"damage_taken":[{"damage":0,"enemies":"Small Slimes","floor":1,"turns":3},{"damage":1,"enemies":"Jaw Worm","floor":2,"turns":3},{"damage":0,"enemies":"Cultist","floor":4,"turns":2},{"damage":5,"enemies":"Looter","floor":5,"turns":3},{"damage":14,"enemies":"3 Sentries","floor":6,"turns":4},{"damage":28,"enemies":"Lagavulin","floor":8,"turns":6},{"damage":9,"enemies":"Exordium Thugs","floor":10,"turns":3},{"damage":7,"enemies":"Blue Slaver","floor":13,"turns":2},{"damage":14,"enemies":"The Guardian","floor":16,"turns":8},{"damage":25,"enemies":"Shell Parasite","floor":18,"turns":4},{"damage":14,"enemies":"2 Thieves","floor":19,"turns":4},{"damage":18,"enemies":"3 Cultists","floor":20,"turns":5},{"damage":13,"enemies":"Snake Plant","floor":21,"turns":3},{"damage":15,"enemies":"Shelled Parasite and Fungi","floor":22,"turns":3},{"damage":28,"enemies":"Gremlin Leader","floor":24,"turns":5},{"damage":7,"enemies":"Slavers","floor":27,"turns":4},{"damage":14,"enemies":"Snecko","floor":28,"turns":4},{"damage":27,"enemies":"Automaton","floor":33,"turns":6},{"damage":12,"enemies":"3 Shapes","floor":35,"turns":3},{"damage":7,"enemies":"Orb Walker","floor":37,"turns":4},{"damage":6,"enemies":"Reptomancer","floor":41,"turns":3},{"damage":9,"enemies":"Transient","floor":46,"turns":5},{"damage":35,"enemies":"Nemesis","floor":48,"turns":9},{"damage":92,"enemies":"Donu and Deca","floor":50,"turns":6}],"seed_played":"5373416327534510760","potions_obtained":[{"floor":1,"key":"AttackPotion"},{"floor":2,"key":"ElixirPotion"},{"floor":10,"key":"FearPotion"},{"floor":13,"key":"ElixirPotion"},{"floor":14,"key":"CultistPotion"},{"floor":14,"key":"HeartOfIron"},{"floor":14,"key":"jedi:tentaclejuice"},{"floor":18,"key":"SkillPotion"},{"floor":20,"key":"Ancient Potion"},{"floor":22,"key":"Fire Potion"},{"floor":24,"key":"DemoMod:LeadSkinPotion"},{"floor":35,"key":"Adrenaline Potion"},{"floor":37,"key":"Block Potion"},{"floor":48,"key":"Adrenaline Potion"}],"is_trial":false,"path_per_floor":["M","M","?","M","M","E","R","E","T","M","T","R","M","?","R","B",null,"M","M","M","M","M","R","E","?","T","E","M","R","?","$","R","B",null,"M","$","M","R","$","R","E","R","T","R","$","M","R","E","R","B"],"character_chosen":"IRONCLAD","items_purchased":["Disarm","Deep Breath","BlessingOfTheForge","Adrenaline Potion","ReplayTheSpireMod:Stacked","Panacea","Combust","jedi:collectorstrike+1"],"campfire_rested":2,"item_purchase_floors":[31,31,31,31,36,36,39,45],"current_hp_per_floor":[80,80,69,75,76,68,68,46,46,43,43,43,42,42,42,34,80,61,57,49,42,37,64,42,42,42,45,37,37,37,37,65,44,96,96,96,96,96,96,96,96,96,96,96,96,96,96,77,77,0,0],"gold":91,"neow_bonus":"REMOVE_CARD","is_daily":false,"chose_seed":false,"campfire_upgraded":10,"win_rate":0.0,"timestamp":1612295914,"path_taken":["M","M","?","M","M","E","R","E","T","M","?","R","?","?","R","BOSS","M","M","M","M","M","R","E","?","T","E","M","R","?","$","R","BOSS","M","$","?","?","$","R","E","R","T","R","?","M","R","E","R","BOSS"],"items_purchased_type":["Card","Card","Potion","Potion","Card","Card","Card","Card"],"build_version":"2020-12-22","purchased_purges":1,"victory":false,"max_hp_per_floor":[80,80,80,80,80,80,80,80,80,80,80,80,80,80,80,80,80,80,84,88,88,92,92,92,92,92,96,96,96,96,96,96,96,96,96,96,96,96,96,96,96,96,96,96,96,96,96,100,100,100,100],"card_choices":[{"not_picked":["Metallicize","Dark Embrace","Clash"],"picked":"SKIP","floor":1},{"not_picked":["Replay:Undeath\u0027s Touch","Feel No Pain"],"picked":"Searing Blow","floor":2},{"not_picked":["Massacre","Feel No Pain","hubris:CleavingFinish"],"picked":"SKIP","floor":4},{"not_picked":["Run Through","True Grit"],"picked":"Combust","floor":5},{"not_picked":["Shrug It Off","Iron Wave"],"picked":"ReplayTheSpireMod:Muscle Training","floor":6},{"not_picked":["Armaments","Evolve"],"picked":"Shrug It Off","floor":8},{"not_picked":["Reckless Charge","Headbutt","ReplayTheSpireMod:Strike From Hell"],"picked":"SKIP","floor":10},{"not_picked":["Defy Death","Seeing Red"],"picked":"Pummel+1","floor":13},{"not_picked":["Corruption","Replay:Many Hands"],"picked":"Feed+1","floor":16},{"not_picked":["jedi:collectorstrike+1","jedi:controlledanger+1"],"picked":"Spot Weakness","floor":18},{"not_picked":["Replay:Undeath\u0027s Touch+1","Heavy Blade+1"],"picked":"jedi:collectorstrike+1","floor":19},{"not_picked":["Entrench","Pommel Strike+1","Heavy Blade+1"],"picked":"SKIP","floor":20},{"not_picked":["Shrug It Off","Blood for Blood+1"],"picked":"jedi:collectorstrike+1","floor":21},{"not_picked":["Twin Strike+1","Anger+1"],"picked":"jedi:collectorstrike+1","floor":22},{"not_picked":["Uppercut+1","DemoMod:WhiteBlade+1"],"picked":"jedi:collectorstrike+1","floor":24},{"not_picked":["DemoMod:WhiteBlade+1","Twin Strike+1"],"picked":"jedi:collectorstrike+1","floor":27},{"not_picked":["Combust","Anger+1"],"picked":"jedi:collectorstrike+1","floor":28},{"not_picked":["jedi:collectorstrike+1","Demonic Infusion"],"picked":"Hemogenesis+1","floor":33},{"not_picked":["Havoc+1","Perfected Strike+1"],"picked":"jedi:collectorstrike+1","floor":35},{"not_picked":["Havoc+1","jedi:collectorstrike+1"],"picked":"Sword Boomerang+1","floor":37},{"not_picked":["Anger+1","jedi:collectorstrike+1"],"picked":"ReplayTheSpireMod:Stacked+1","floor":41},{"not_picked":["jedi:fear+1","Iron Wave+1"],"picked":"jedi:collectorstrike+1","floor":46},{"not_picked":["Twin Strike+1","Rampage+1"],"picked":"jedi:collectorstrike+1","floor":48}],"player_experience":205207,"relics_obtained":[{"floor":6,"key":"Potion Belt"},{"floor":8,"key":"Incense Burner"},{"floor":9,"key":"hubris:ChampionShield"},{"floor":11,"key":"Molten Egg 2"},{"floor":24,"key":"War Paint"},{"floor":26,"key":"jedi:arcanewood"},{"floor":27,"key":"jedi:Pinwheel"},{"floor":41,"key":"Replay:Accelerometer"},{"floor":43,"key":"Blood Vial"},{"floor":48,"key":"Paper Frog"}],"event_choices":[{"damage_healed":0,"gold_gain":75,"player_choice":"Gold","damage_taken":11,"max_hp_gain":0,"max_hp_loss":0,"event_name":"betterThird:BetterGoop","floor":3,"gold_loss":0},{"damage_healed":0,"gold_gain":0,"player_choice":"Got Potions","damage_taken":0,"max_hp_gain":0,"max_hp_loss":0,"event_name":"Lab","floor":14,"gold_loss":0},{"damage_healed":0,"gold_gain":0,"player_choice":"Became a vampire","damage_taken":0,"max_hp_gain":0,"max_hp_loss":0,"event_name":"Vampires","floor":25,"gold_loss":0,"cards_obtained":[]}],"is_beta":false,"boss_relics":[{"not_picked":["Runic Cube","Kintsugi"],"picked":"Pandora\u0027s Box"},{"not_picked":["hubris:HollowSoul","Ring of Chaos"],"picked":"Black Blood"}],"items_purged_floors":[31],"is_endless":false,"potions_floor_spawned":[1,2,10,13,18,20,22,24,35,37,48],"killed_by":"Donu and Deca","ascension_level":1}}