{"host":"0k696jvpnlqjk4gh","time":1612276823,"event":{"mods":["AchievementEnabler","BaseMod","Colored Map","Colored Powertips","Minty Spire (QoL Compilation)","Quick Restart"],"gold_per_floor":[111,125,125,200,200,200,218,393,393,56,73,103,103,103,103,103,103],"floor_reached":16,"language":"ENG","playtime":384,"items_purged":[],"score":103,"play_id":"b4367003-b358-43ad-8fb5-7d1afdb2bb98","local_time":"20210202144023","is_ascension_mode":true,"campfire_choices":[{"floor":6,"key":"REST"},{"floor":15,"key":"REST"}],"circlet_count":0,"master_deck":["Strike_R","Strike_R+1","Strike_R","Strike_R","Strike_R+1","Defend_R","Defend_R","Defend_R","Defend_R","Bash","Cleave","Doubt","Normality","Power Through","Parasite"],"relics":["Cursed Key","WingedGreaves","Matryoshka","Question Card","Incense Burner","Smiling Mask","Bronze Scales"],"acts_visited":["Exordium"],"potions_floor_usage":[10,12],"damage_taken":[{"damage":1,"enemies":"Cultist","floor":1,"turns":3},{"damage":5,"enemies":"2 Louse","floor":2,"turns":2},{"damage":6,"enemies":"Jaw Worm","floor":7,"turns":2},{"damage":5,"enemies":"Looter","floor":11,"turns":3},{"damage":65,"enemies":"Lagavulin","floor":12,"turns":9},{"damage":32,"enemies":"Hexaghost","floor":16,"turns":10}],"seed_played":"-489275978792833524","potions_obtained":[{"floor":1,"key":"Regen Potion"}],"is_trial":false,"path_per_floor":["M","M","?","?","?","R","M","?","T","$","M","E","T","?","R","B"],"character_chosen":"IRONCLAD","items_purchased":["Question Card","Fruit Juice"],"campfire_rested":2,"item_purchase_floors":[10,10],"current_hp_per_floor":[79,74,67,56,56,80,74,74,74,79,74,24,24,7,32,0,0],"gold":103,"neow_bonus":"BOSS_RELIC","is_daily":false,"chose_seed":false,"campfire_upgraded":0,"win_rate":0.0,"timestamp":1612276823,"path_taken":["M","?","?","?","?","R","?","?","T","$","M","E","?","?","R","BOSS"],"items_purchased_type":["Relic","Potion"],"build_version":"2020-12-22","purchased_purges":0,"victory":false,"max_hp_per_floor":[80,80,80,80,80,80,80,80,80,85,85,85,85,85,85,85,85],"card_choices":[{"not_picked":["Shrug It Off","Sword Boomerang"],"picked":"Cleave","floor":1},{"not_picked":["Warcry","Entrench","Disarm"],"picked":"SKIP","floor":2},{"not_picked":["Sword Boomerang","Havoc","Perfected Strike"],"picked":"SKIP","floor":7},{"not_picked":["Headbutt","Bloodletting","Twin Strike"],"picked":"Power Through","floor":11},{"not_picked":["Burning Pact","Cleave","Spot Weakness","Carnage"],"picked":"SKIP","floor":12}],"player_experience":100193,"relics_obtained":[{"floor":9,"key":"Matryoshka"},{"floor":12,"key":"Incense Burner"},{"floor":13,"key":"Smiling Mask"},{"floor":13,"key":"Bronze Scales"}],"event_choices":[{"damage_healed":0,"gold_gain":0,"player_choice":"Success","damage_taken":7,"relics_obtained":["WingedGreaves"],"max_hp_gain":0,"max_hp_loss":0,"event_name":"Scrap Ooze","floor":3,"gold_loss":0},{"damage_healed":0,"gold_gain":75,"player_choice":"Gather Gold","damage_taken":11,"max_hp_gain":0,"max_hp_loss":0,"event_name":"World of Goop","floor":4,"gold_loss":0},{"damage_healed":0,"gold_gain":0,"player_choice":"Ignored","damage_taken":0,"max_hp_gain":0,"max_hp_loss":0,"event_name":"Golden Wing","floor":5,"gold_loss":0},{"damage_healed":0,"gold_gain":175,"player_choice":"AGREE","damage_taken":0,"max_hp_gain":0,"max_hp_loss":0,"event_name":"Liars Game","floor":8,"gold_loss":0,"cards_obtained":["Doubt"]},{"damage_healed":0,"gold_gain":0,"player_choice":"Entered Light","damage_taken":17,"max_hp_gain":0,"max_hp_loss":0,"event_name":"Shining Light","floor":14,"gold_loss":0,"cards_upgraded":["Strike_R","Strike_R"]}],"is_beta":false,"boss_relics":[],"items_purged_floors":[],"is_endless":false,"potions_floor_spawned":[1],"killed_by":"Hexaghost","ascension_level":1}}