{"host":"ow66nzv2xecjoor3","time":1612233746,"event":{"mods":["BaseMod","Bestiary","Block Reminder","Colored Powertips","Curses Come First","Highlight Path","Keyboard Shortcuts","Minty Spire (QoL Compilation)","Permanent Neow","Relic Stats","StSLib","UnlockEverythingMod"],"gold_per_floor":[115,115,130,146,146,174,174,209,236,236,264,276,6,23,23,97,147,163,163,179,198,198,198,27,27,50,50,50],"floor_reached":27,"language":"ENG","playtime":1170,"items_purged":["Strike_G"],"score":466,"play_id":"47dbd437-dfbc-4416-b1fb-32a3120fd071","local_time":"20210201204226","is_ascension_mode":true,"campfire_choices":[{"floor":7,"key":"REST"},{"floor":10,"key":"REST"},{"data":"Neutralize","floor":15,"key":"SMITH"},{"floor":23,"key":"REST"}],"circlet_count":0,"master_deck":["AscendersBane","Strike_G","Strike_G","Strike_G","Defend_G","Defend_G","Defend_G","Defend_G","Defend_G","Survivor","Neutralize+1","Flying Knee+1","Quick Slash+1","Skewer","Backstab","Prepared+1","Bouncing Flask","Acrobatics","Tools of the Trade","After Image","Footwork","Footwork","Jack Of All Trades","Discovery","Bandage Up","Blur","Prepared+1","Noxious Fumes","Leg Sweep"],"relics":["Ring of the Snake","Boot","Smiling Mask","Letter Opener","Whetstone","Toy Ornithopter","White Beast Statue","Tiny House","Art of War"],"acts_visited":["Exordium","TheCity"],"potions_floor_usage":[8,11,14,18,20,21,25,27],"damage_taken":[{"damage":4,"enemies":"Small Slimes","floor":1,"turns":3},{"damage":0,"enemies":"Jaw Worm","floor":3,"turns":4},{"damage":1,"enemies":"Cultist","floor":4,"turns":5},{"damage":21,"enemies":"Gremlin Nob","floor":6,"turns":4},{"damage":12,"enemies":"3 Sentries","floor":8,"turns":7},{"damage":3,"enemies":"Gremlin Nob","floor":11,"turns":3},{"damage":1,"enemies":"Exordium Wildlife","floor":12,"turns":3},{"damage":1,"enemies":"Red Slaver","floor":14,"turns":2},{"damage":19,"enemies":"The Guardian","floor":16,"turns":13},{"damage":1,"enemies":"Chosen","floor":18,"turns":5},{"damage":0,"enemies":"Shell Parasite","floor":20,"turns":10},{"damage":44,"enemies":"3 Cultists","floor":21,"turns":6},{"damage":4,"enemies":"Chosen and Byrds","floor":25,"turns":5},{"damage":43,"enemies":"Gremlin Leader","floor":27,"turns":5}],"seed_played":"5347254344579187002","potions_obtained":[{"floor":0,"key":"CultistPotion"},{"floor":0,"key":"Explosive Potion"},{"floor":8,"key":"ColorlessPotion"},{"floor":12,"key":"ColorlessPotion"},{"floor":14,"key":"CultistPotion"},{"floor":18,"key":"ColorlessPotion"},{"floor":20,"key":"Energy Potion"},{"floor":21,"key":"SmokeBomb"}],"is_trial":false,"path_per_floor":["M","?","M","M","?","E","R","E","T","R","E","M","$","M","R","B",null,"M","?","M","M","?","R","$","M","T","E"],"character_chosen":"THE_SILENT","items_purchased":["White Beast Statue","Noxious Fumes","Leg Sweep"],"campfire_rested":3,"item_purchase_floors":[13,24,24],"current_hp_per_floor":[55,48,48,47,36,15,34,22,22,41,38,37,37,41,41,22,60,64,37,46,11,11,32,32,33,33,0,0],"gold":50,"neow_bonus":"THREE_SMALL_POTIONS","is_daily":false,"chose_seed":false,"campfire_upgraded":1,"win_rate":0.0,"timestamp":1612233746,"path_taken":["M","?","M","M","?","E","R","E","T","R","E","M","$","M","R","BOSS","M","?","?","M","?","R","$","?","T","E"],"items_purchased_type":["Relic","Card","Card"],"build_version":"2020-12-22","purchased_purges":1,"victory":false,"max_hp_per_floor":[66,66,66,66,66,66,66,66,66,66,66,66,66,66,66,66,71,71,71,71,71,71,71,71,71,71,71,71],"relic_stats":{"counters":[14,75],"Art of War":[1],"Letter Opener":[116],"Whetstone":["Quick Slash","Flying Knee"],"Boot":[32],"Smiling Mask":25,"obtain_stats":[{"Tiny House":17,"Art of War":26,"Letter Opener":8,"Whetstone":9,"Boot":5,"Smiling Mask":6,"Toy Ornithopter":11,"White Beast Statue":13,"Ring of the Snake":0},{"Tiny House":9,"Art of War":13,"Letter Opener":5,"Whetstone":5,"Boot":3,"Smiling Mask":4,"Toy Ornithopter":6,"White Beast Statue":7,"Ring of the Snake":0},{"Tiny House":44,"Art of War":70,"Letter Opener":23,"Whetstone":23,"Boot":12,"Smiling Mask":16,"Toy Ornithopter":26,"White Beast Statue":29,"Ring of the Snake":0}],"Toy Ornithopter":30,"Ring of the Snake":[28]},"card_choices":[{"not_picked":["Accuracy","Deflect"],"picked":"Flying Knee","floor":1},{"not_picked":["Acrobatics","Escape Plan"],"picked":"Quick Slash","floor":3},{"not_picked":["Quick Slash","Cloak And Dagger"],"picked":"Skewer","floor":4},{"not_picked":["Deadly Poison","Crippling Poison"],"picked":"Backstab","floor":6},{"not_picked":["Dagger Throw","Doppelganger"],"picked":"Prepared","floor":8},{"not_picked":["Skewer","Bane"],"picked":"Bouncing Flask","floor":11},{"not_picked":["Infinite Blades","Deflect"],"picked":"Acrobatics","floor":12},{"not_picked":["Prepared","Skewer"],"picked":"Tools of the Trade","floor":14},{"not_picked":["Envenom","Storm of Steel"],"picked":"After Image","floor":16},{"not_picked":["All Out Attack","Cloak And Dagger"],"picked":"Footwork","floor":17},{"not_picked":["Bane","Expertise"],"picked":"Footwork","floor":18},{"not_picked":["Sucker Punch","PiercingWail"],"picked":"Blur","floor":20},{"not_picked":["Deadly Poison","Backflip"],"picked":"Prepared+1","floor":21}],"player_experience":2810285,"relics_obtained":[{"floor":6,"key":"Smiling Mask"},{"floor":8,"key":"Letter Opener"},{"floor":9,"key":"Whetstone"},{"floor":11,"key":"Toy Ornithopter"},{"floor":26,"key":"Art of War"}],"event_choices":[{"cards_removed":["Strike_G"],"damage_healed":0,"gold_gain":0,"player_choice":"Card Removal","damage_taken":7,"max_hp_gain":0,"max_hp_loss":0,"event_name":"Golden Wing","floor":2,"gold_loss":0},{"damage_healed":0,"gold_gain":0,"player_choice":"Success","damage_taken":11,"relics_obtained":["Boot"],"max_hp_gain":0,"max_hp_loss":0,"event_name":"Scrap Ooze","floor":5,"gold_loss":0},{"damage_healed":0,"gold_gain":0,"player_choice":"CARD CARD CARD ","damage_taken":27,"max_hp_gain":0,"max_hp_loss":0,"event_name":"Knowing Skull","floor":19,"potions_obtained":[],"gold_loss":0,"cards_obtained":["Jack Of All Trades","Discovery","Bandage Up"]},{"damage_healed":0,"gold_gain":0,"player_choice":"Ignored","damage_taken":0,"max_hp_gain":0,"max_hp_loss":0,"event_name":"N\u0027loth","floor":22,"gold_loss":0}],"is_beta":false,"boss_relics":[{"not_picked":["WristBlade","Sozu"],"picked":"Tiny House"}],"items_purged_floors":[24],"is_endless":false,"potions_floor_spawned":[4,6,8,12,14,16,18,20,21,25],"killed_by":"Gremlin Leader","ascension_level":20}}