{"host":"v54ek091sdz7ha6h","time":1612294785,"event":{"mods":["BaseMod","Better Vampires","Colored Map","Colored Powertips","DeckTracker","Highlight Path","KOR Keyword Fix","Minty Spire (QoL Compilation)","Rare Cards Sparkle","Relic Stats","StSLib","SuperFastMode"],"gold_per_floor":[119,119,119,132,132,132,57,101,148,148,148,192,20,44,44,140,140,156,156,136,154,173,173,173,173,196,214,107,107,107,121,121,121,121],"floor_reached":33,"language":"KOR","playtime":757,"items_purged":["Strike_R","Bite"],"score":552,"play_id":"e29a21d3-f70f-4de3-bcce-538adab2a84d","local_time":"20210203043945","is_ascension_mode":true,"campfire_choices":[{"data":"Blood for Blood","floor":6.0,"key":"SMITH"},{"data":"Armaments","floor":10.0,"key":"SMITH"},{"data":"Armaments","floor":15.0,"key":"SMITH"},{"data":"Searing Blow","floor":23.0,"key":"SMITH"},{"data":"Searing Blow+1","floor":25.0,"key":"SMITH"},{"floor":32.0,"key":"REST"}],"circlet_count":0,"master_deck":["AscendersBane","Defend_R","Defend_R","Defend_R","Bash","Armaments+1","Blood for Blood+1","Searing Blow+2","Armaments+1","Offering","Dual Wield","Bite","Warcry","Burning Pact+1"],"relics":["Burning Blood","NeowsBlessing","Golden Idol","Regal Pillow","StrikeDummy","Vajra","Kunai","Prayer Wheel","Membership Card","Empty Cage","Enchiridion","Matryoshka"],"acts_visited":["Exordium","TheCity"],"potions_floor_usage":[33,33],"damage_taken":[{"damage":0.0,"enemies":"Small Slimes","floor":1.0,"turns":1.0},{"damage":0.0,"enemies":"Jaw Worm","floor":4.0,"turns":1.0},{"damage":0.0,"enemies":"Gremlin Nob","floor":8.0,"turns":1.0},{"damage":22.0,"enemies":"Lagavulin","floor":12.0,"turns":7.0},{"damage":0.0,"enemies":"2 Louse","floor":14.0,"turns":3.0},{"damage":27.0,"enemies":"The Guardian","floor":16.0,"turns":9.0},{"damage":9.0,"enemies":"Chosen","floor":18.0,"turns":5.0},{"damage":21.0,"enemies":"Spheric Guardian","floor":21.0,"turns":7.0},{"damage":39.0,"enemies":"Cultist and Chosen","floor":22.0,"turns":6.0},{"damage":33.0,"enemies":"Chosen and Byrds","floor":27.0,"turns":5.0},{"damage":9.0,"enemies":"Snake Plant","floor":31.0,"turns":4.0},{"damage":68,"enemies":"Collector","floor":33,"turns":6}],"seed_played":"6260015764369003855","potions_obtained":[{"floor":12.0,"key":"AttackPotion"},{"floor":14.0,"key":"Regen Potion"},{"floor":20.0,"key":"Fire Potion"},{"floor":31.0,"key":"Fire Potion"}],"is_trial":false,"path_per_floor":["M","?","?","M","?","R","$","E","T","R","?","E","$","M","R","B",null,"M","?","?","M","M","R","?","R","T","M","$","?","T","M","R","B"],"character_chosen":"IRONCLAD","items_purchased":["Membership Card","Fruit Juice"],"campfire_rested":1,"item_purchase_floors":[13,28],"current_hp_per_floor":[74,48,53,59,41,41,41,47,47,47,47,31,31,37,37,16,64,61,61,61,67,44,44,44,44,44,30,30,9,9,12,48,0,0],"gold":121,"neow_bonus":"THREE_ENEMY_KILL","is_daily":false,"chose_seed":false,"campfire_upgraded":5,"win_rate":0.0,"timestamp":1612294785,"path_taken":["M","?","?","M","?","R","?","E","T","R","?","E","$","M","R","BOSS","M","?","?","?","M","R","?","R","T","?","?","?","?","M","R","BOSS"],"items_purchased_type":["Relic","Potion"],"build_version":"2020-12-22","purchased_purges":2,"victory":false,"max_hp_per_floor":[75,75,80,80,80,80,80,80,80,80,80,80,80,80,80,80,80,80,70,70,70,70,70,70,70,70,70,70,70,70,70,70,75,75],"relic_stats":{"Regal Pillow":15,"counters":[12,55],"Golden Idol":63,"Prayer Wheel":6,"Kunai":[7],"obtain_stats":[{"Regal Pillow":5,"Matryoshka":30,"NeowsBlessing":0,"Golden Idol":2,"Vajra":9,"Enchiridion":29,"Prayer Wheel":12,"Kunai":11,"Membership Card":13,"StrikeDummy":8,"Empty Cage":17,"Burning Blood":0},{"Regal Pillow":2,"Matryoshka":10,"NeowsBlessing":0,"Golden Idol":1,"Vajra":3,"Enchiridion":10,"Prayer Wheel":4,"Kunai":3,"Membership Card":4,"StrikeDummy":3,"Empty Cage":6,"Burning Blood":0},{"Regal Pillow":2,"Matryoshka":45,"NeowsBlessing":0,"Golden Idol":1,"Vajra":3,"Enchiridion":45,"Prayer Wheel":10,"Kunai":3,"Membership Card":10,"StrikeDummy":3,"Empty Cage":22,"Burning Blood":0}],"Burning Blood":66},"card_choices":[{"not_picked":["Disarm","Bloodletting"],"picked":"Armaments","floor":1.0},{"not_picked":["Bloodletting","Wild Strike"],"picked":"Blood for Blood","floor":4.0},{"not_picked":["Infernal Blade","Body Slam"],"picked":"Searing Blow","floor":8.0},{"not_picked":["Pommel Strike","Warcry"],"picked":"Armaments","floor":12.0},{"not_picked":["Reckless Charge","Infernal Blade","Rupture"],"picked":"SKIP","floor":14.0},{"not_picked":["Clash","Wild Strike","Limit Break"],"picked":"SKIP","floor":14.0},{"not_picked":["Feed","Brutality"],"picked":"Offering","floor":16.0},{"not_picked":["Perfected Strike","Headbutt"],"picked":"Dual Wield","floor":18.0},{"not_picked":["Hemokinesis","Clash","Entrench"],"picked":"SKIP","floor":18.0},{"not_picked":["Wild Strike","Warcry","Dark Embrace"],"picked":"SKIP","floor":21.0},{"not_picked":["Flex","Pommel Strike","Disarm+1"],"picked":"SKIP","floor":21.0},{"not_picked":["Heavy Blade+1","Twin Strike"],"picked":"Warcry","floor":22.0},{"not_picked":["Pommel Strike","Headbutt","Body Slam"],"picked":"SKIP","floor":22.0},{"not_picked":["Searing Blow","Clothesline","Perfected Strike"],"picked":"SKIP","floor":27.0},{"not_picked":["Combust","Body Slam","Perfected Strike"],"picked":"SKIP","floor":27.0},{"not_picked":["Headbutt","Flex"],"picked":"Burning Pact+1","floor":31.0},{"not_picked":["Armaments","Demon Form","Anger"],"picked":"SKIP","floor":31.0}],"player_experience":1463986,"relics_obtained":[{"floor":8.0,"key":"StrikeDummy"},{"floor":9.0,"key":"Vajra"},{"floor":11.0,"key":"Kunai"},{"floor":12.0,"key":"Prayer Wheel"},{"floor":29.0,"key":"Enchiridion"},{"floor":30.0,"key":"Matryoshka"}],"event_choices":[{"damage_healed":0.0,"max_hp_gain":0.0,"max_hp_loss":0.0,"gold_gain":0.0,"event_name":"Golden Idol","player_choice":"Take Damage","floor":2.0,"gold_loss":0.0,"damage_taken":26.0,"relics_obtained":["Golden Idol"]},{"damage_healed":0.0,"max_hp_gain":5.0,"max_hp_loss":0.0,"gold_gain":0.0,"event_name":"Big Fish","player_choice":"Donut","floor":3.0,"gold_loss":0.0,"damage_taken":0.0},{"damage_healed":0.0,"max_hp_gain":0.0,"max_hp_loss":0.0,"gold_gain":0.0,"event_name":"Scrap Ooze","player_choice":"Success","floor":5.0,"gold_loss":0.0,"damage_taken":18.0,"relics_obtained":["Regal Pillow"]},{"damage_healed":0.0,"max_hp_gain":0.0,"max_hp_loss":0.0,"gold_gain":0.0,"event_name":"Wheel of Change","player_choice":"Relic","floor":11.0,"gold_loss":0.0,"damage_taken":0.0},{"damage_healed":0.0,"max_hp_gain":0.0,"max_hp_loss":10.0,"gold_gain":0.0,"event_name":"Vampires","player_choice":"Became a vampire","floor":19.0,"gold_loss":0.0,"damage_taken":0.0,"cards_obtained":["Bite","Bite"]},{"damage_healed":0.0,"max_hp_gain":0.0,"max_hp_loss":0.0,"gold_gain":0.0,"event_name":"The Woman in Blue","player_choice":"Bought 1 Potion","floor":20.0,"gold_loss":0.0,"damage_taken":0.0},{"cards_removed":["Defend_R"],"damage_healed":0.0,"max_hp_gain":0.0,"max_hp_loss":0.0,"gold_gain":0.0,"event_name":"Wheel of Change","player_choice":"Card Removal","floor":24.0,"gold_loss":0.0,"damage_taken":0.0},{"damage_healed":0.0,"max_hp_gain":0.0,"max_hp_loss":0.0,"gold_gain":0.0,"event_name":"Cursed Tome","player_choice":"Obtained Book","floor":29.0,"gold_loss":0.0,"damage_taken":21.0}],"is_beta":false,"boss_relics":[{"not_picked":["Runic Dome","Black Star"],"picked":"Empty Cage"}],"items_purged_floors":[7,28],"is_endless":false,"potions_floor_spawned":[12,14,31],"killed_by":"Collector","ascension_level":20}}