{"host":"rb2p2z6v6vieend5","time":1612281121,"event":{"mods":["BaseMod","Block Reminder","Colored Map","DeckTracker","Highlight Path","Minty Spire (QoL Compilation)","Random Character Button","Relic Stats"],"gold_per_floor":[117,117,117,117,129,144,170,270,270,270,295,310,310,342,342,342,342],"floor_reached":16,"language":"ENG","playtime":664,"items_purged":[],"score":201,"play_id":"542fbfe6-122d-4473-aaa8-a64dc8a0d3da","local_time":"20210202165201","is_ascension_mode":true,"campfire_choices":[{"data":"Bash","floor":10,"key":"SMITH"},{"floor":15,"key":"REST"}],"circlet_count":0,"master_deck":["AscendersBane","Strike_R","Strike_R","Strike_R","Strike_R","Defend_R","Defend_R","Defend_R","Defend_R","Bash+1","Cleave","Burning Pact","Clothesline","Battle Trance","Feed","Shrug It Off","Pommel Strike"],"relics":["Burning Blood","CaptainsWheel","Letter Opener","HornCleat","Mummified Hand","Bag of Marbles","Gremlin Horn","Smiling Mask"],"acts_visited":["Exordium"],"potions_floor_usage":[],"damage_taken":[{"damage":3,"enemies":"Small Slimes","floor":1,"turns":3},{"damage":0,"enemies":"2 Louse","floor":5,"turns":2},{"damage":0,"enemies":"Cultist","floor":6,"turns":4},{"damage":18,"enemies":"Gremlin Nob","floor":7,"turns":5},{"damage":12,"enemies":"Lagavulin","floor":11,"turns":6},{"damage":4,"enemies":"3 Louse","floor":12,"turns":3},{"damage":39,"enemies":"3 Sentries","floor":14,"turns":7},{"damage":34,"enemies":"Hexaghost","floor":16,"turns":10}],"seed_played":"-7629506225610298453","potions_obtained":[{"floor":1,"key":"SpeedPotion"},{"floor":6,"key":"FearPotion"}],"is_trial":false,"path_per_floor":["M","?","?","?","M","M","E","?","T","R","E","M","?","E","R","B"],"character_chosen":"IRONCLAD","items_purchased":[],"campfire_rested":1,"item_purchase_floors":[],"current_hp_per_floor":[68,61,43,43,49,55,43,43,43,43,37,42,42,12,34,0,0],"gold":342,"neow_bonus":"ONE_RARE_RELIC","is_daily":false,"chose_seed":false,"campfire_upgraded":1,"win_rate":0.0,"timestamp":1612281121,"path_taken":["M","?","?","?","M","?","E","?","T","R","E","?","?","E","R","BOSS"],"items_purchased_type":[],"build_version":"2020-12-22","purchased_purges":0,"victory":false,"max_hp_per_floor":[68,68,68,68,68,68,68,68,68,68,68,71,71,74,74,74,74],"relic_stats":{"Gremlin Horn":[2,2],"counters":[8,40],"Mummified Hand":[0],"Letter Opener":[20],"Smiling Mask":0,"obtain_stats":[{"CaptainsWheel":0,"HornCleat":7,"Gremlin Horn":13,"Mummified Hand":9,"Bag of Marbles":11,"Letter Opener":3,"Smiling Mask":14,"Burning Blood":0},{"CaptainsWheel":0,"HornCleat":4,"Gremlin Horn":6,"Mummified Hand":4,"Bag of Marbles":5,"Letter Opener":1,"Smiling Mask":7,"Burning Blood":0},{"CaptainsWheel":0,"HornCleat":14,"Gremlin Horn":23,"Mummified Hand":14,"Bag of Marbles":20,"Letter Opener":3,"Smiling Mask":30,"Burning Blood":0}],"Burning Blood":39},"card_choices":[{"not_picked":["Hemokinesis","Pommel Strike"],"picked":"Cleave","floor":1},{"not_picked":["Heavy Blade","Dropkick"],"picked":"Clothesline","floor":5},{"not_picked":["Armaments","Sword Boomerang"],"picked":"Battle Trance","floor":6},{"not_picked":["Warcry","Wild Strike","Dark Embrace"],"picked":"SKIP","floor":7},{"not_picked":["Flame Barrier","Wild Strike"],"picked":"Feed","floor":11},{"not_picked":["Pummel","Anger"],"picked":"Shrug It Off","floor":12},{"not_picked":["Feel No Pain","Armaments"],"picked":"Pommel Strike","floor":14}],"player_experience":673195,"relics_obtained":[{"floor":7,"key":"HornCleat"},{"floor":9,"key":"Mummified Hand"},{"floor":11,"key":"Bag of Marbles"},{"floor":14,"key":"Smiling Mask"}],"event_choices":[{"cards_removed":["Strike_R"],"damage_healed":0,"gold_gain":0,"player_choice":"Card Removal","damage_taken":7,"max_hp_gain":0,"max_hp_loss":0,"event_name":"Golden Wing","floor":2,"gold_loss":0},{"damage_healed":0,"gold_gain":0,"player_choice":"Success","damage_taken":18,"relics_obtained":["Letter Opener"],"max_hp_gain":0,"max_hp_loss":0,"event_name":"Scrap Ooze","floor":3,"gold_loss":0},{"damage_healed":0,"gold_gain":0,"player_choice":"1 cards matched","damage_taken":0,"max_hp_gain":0,"max_hp_loss":0,"event_name":"Match and Keep!","floor":4,"gold_loss":0,"cards_obtained":["Burning Pact"]},{"damage_healed":0,"gold_gain":100,"player_choice":"Pray","damage_taken":0,"max_hp_gain":0,"max_hp_loss":0,"event_name":"Golden Shrine","floor":8,"gold_loss":0},{"damage_healed":0,"gold_gain":0,"player_choice":"Gave Potion","damage_taken":0,"relics_obtained":["Gremlin Horn"],"max_hp_gain":0,"max_hp_loss":0,"event_name":"WeMeetAgain","floor":13,"gold_loss":0}],"is_beta":false,"boss_relics":[],"items_purged_floors":[],"is_endless":false,"potions_floor_spawned":[1,6,7],"killed_by":"Hexaghost","ascension_level":14}}