{"host":"0rxdudjy6rylha1k","time":1612238254,"event":{"mods":["Aspiration","BaseMod","Colored Map","Colored Powertips","Downfall","Highlight Path","Hubris","Minty Spire (QoL Compilation)","StSLib"],"gold_per_floor":[99,119,135,135,24,24,24,51,62,91,91,103,133,145,163,163,163,163],"floor_reached":16,"language":"ENG","playtime":1546,"items_purged":[],"score":171,"play_id":"b2abea2e-97a9-4b30-97f4-240648cbc73f","local_time":"20210201205734","is_ascension_mode":true,"campfire_choices":[{"floor":1.0,"key":"RECALL"},{"data":"Infinite Blades","floor":6.0,"key":"SMITH"}],"circlet_count":0,"master_deck":["champ:Strike","champ:Strike","champ:Strike","champ:Strike","champ:Defend","champ:Defend","champ:Defend","champ:Defend","champ:Execute","champ:Taunt","PiercingWail","champ:PreciseThrust","Cloak And Dagger","Infinite Blades+1","champ:Haymaker","Heel Hook","Cloak And Dagger","Envenom","Backstab","champ:TornadoPunch"],"relics":["aspiration:SilentSkillbook","hubris:Icosahedron","Pear","hubris:MysteriousPyramids","hubris:TenFootPole","downfall:BrokenWingStatue","bronze:DecasWashers"],"acts_visited":["Exordium"],"potions_floor_usage":[16],"damage_taken":[{"damage":45.0,"enemies":"Jaw Worm","floor":2.0,"turns":8.0},{"damage":37.0,"enemies":"Small Slimes","floor":3.0,"turns":6.0},{"damage":20.0,"enemies":"downfall:FleeingMerchant","floor":5.0,"turns":4.0},{"damage":43.0,"enemies":"Lagavulin","floor":8.0,"turns":7.0},{"damage":1.0,"enemies":"2 Louse","floor":9.0,"turns":2.0},{"damage":9.0,"enemies":"Gremlin Nob","floor":10.0,"turns":4.0},{"damage":18.0,"enemies":"Gremlin Gang","floor":12.0,"turns":3.0},{"damage":17.0,"enemies":"Lagavulin","floor":13.0,"turns":7.0},{"damage":0.0,"enemies":"2 Fungi Beasts","floor":14.0,"turns":3.0},{"damage":11.0,"enemies":"Exordium Thugs","floor":15.0,"turns":5.0},{"damage":38,"enemies":"SI_SHIV_ARCHETYPE","floor":16,"turns":8}],"seed_played":"7995475989891659332","potions_obtained":[{"floor":8.0,"key":"AttackPotion"},{"floor":10.0,"key":"champ:CounterPotion"},{"floor":12.0,"key":"BlessingOfTheForge"},{"floor":13.0,"key":"Dexterity Potion"}],"is_trial":false,"path_per_floor":["R","M","M","?","$","R","T","E","M","E","?","M","E","M","M","B"],"character_chosen":"THE_CHAMP","items_purchased":["Infinite Blades","champ:Haymaker"],"campfire_rested":0,"item_purchase_floors":[5,5],"current_hp_per_floor":[81,71,64,64,90,90,100,72,71,62,62,54,37,37,31,0,0,0],"gold":163,"neow_bonus":"BOSS_RELIC","is_daily":false,"chose_seed":false,"campfire_upgraded":1,"win_rate":0.0,"timestamp":1612238254,"path_taken":["R","M","M","?","$","R","T","E","M","E","?","M","E","M","M","BOSS"],"items_purchased_type":["Card","Card"],"build_version":"2020-12-22","purchased_purges":0,"victory":false,"max_hp_per_floor":[90,90,90,90,90,90,100,100,100,100,100,100,100,100,100,100,100,100],"card_choices":[{"not_picked":["Dagger Throw","champ:Backstep","Bane"],"picked":"PiercingWail","floor":2.0},{"not_picked":["champ:BerserkerStyle","champ:Circumvent","champ:CalledShot"],"picked":"champ:PreciseThrust","floor":3.0},{"not_picked":["Wraith Form v2","champ:BerserkersShout","champ:FocusedBerserking"],"picked":"Cloak And Dagger","floor":5.0},{"not_picked":["champ:ShieldSigil","Dagger Spray","champ:PreciseThrust"],"picked":"Heel Hook","floor":8.0},{"not_picked":["champ:BringItOn","Dodge and Roll","Flechettes"],"picked":"Cloak And Dagger","floor":9.0},{"not_picked":["champ:BringItOn","Flying Knee","champ:AdrenalArmor","Sucker Punch"],"picked":"SKIP","floor":10.0},{"not_picked":["Outmaneuver","champ:TornadoPunch","Flying Knee"],"picked":"Envenom","floor":12.0},{"not_picked":["champ:Circumvent","Bane","champ:GutPunch"],"picked":"Backstab","floor":13.0},{"not_picked":["champ:Encircle","Dagger Throw","Calculated Gamble","champ:FalseCounter"],"picked":"SKIP","floor":14.0},{"not_picked":["Slice","Prepared","champ:StanceDance"],"picked":"champ:TornadoPunch","floor":15.0}],"player_experience":2780233,"relics_obtained":[{"floor":7.0,"key":"Pear"},{"floor":8.0,"key":"hubris:MysteriousPyramids"},{"floor":10.0,"key":"hubris:TenFootPole"},{"floor":13.0,"key":"bronze:DecasWashers"}],"event_choices":[],"is_beta":false,"boss_relics":[],"items_purged_floors":[],"is_endless":false,"potions_floor_spawned":[8,10,12,13],"killed_by":"SI_SHIV_ARCHETYPE","ascension_level":8}}