{"host":"vfg9szunmpjwj08o","time":1612302156,"event":{"mods":["Act Like it!","BaseMod","Challenge The Spire","Colored Map","Colored Powertips","Conspire","Dark Map","Minty Spire (QoL Compilation)","Relic Stats","StSLib","Waifu the Spire"],"gold_per_floor":[363,37,51,70,70,70,96,96,96,96,109,127,137,470,470,572,572,591,301,301,319,319,319],"floor_reached":22,"language":"ENG","playtime":816,"items_purged":["Strike_P"],"score":345,"play_id":"ac735ee6-ebe0-4437-b0f3-6b086dc68552","local_time":"20210202224236","is_ascension_mode":true,"campfire_choices":[{"data":"Eruption","floor":6,"key":"SMITH"},{"data":"1","floor":15,"key":"LIFT"}],"circlet_count":0,"master_deck":["conspire:GhostlyStrike","conspire:GhostlyStrike","conspire:GhostlyStrike","conspire:GhostlyDefend+1","conspire:GhostlyDefend","conspire:GhostlyDefend","conspire:GhostlyDefend+1","Eruption+1","Vigilance","EmptyBody","Consecrate","CutThroughFate","Prostrate","Vault","CutThroughFate","Halt","Alpha","ClearTheMind","CutThroughFate","EmptyBody"],"relics":["PureWater","Vajra","Girya","TeardropLocket","Old Coin","VioletLotus","Ornamental Fan"],"acts_visited":["Exordium","TheCity"],"potions_floor_usage":[7,14],"damage_taken":[{"damage":0,"enemies":"Small Slimes","floor":1,"turns":4},{"damage":0,"enemies":"conspire:RoseBush","floor":3,"turns":3},{"damage":0,"enemies":"Cultist","floor":4,"turns":3},{"damage":13,"enemies":"Lagavulin","floor":7,"turns":3},{"damage":7,"enemies":"Looter","floor":11,"turns":3},{"damage":1,"enemies":"Blue Slaver","floor":12,"turns":3},{"damage":4,"enemies":"2 Fungi Beasts","floor":13,"turns":4},{"damage":0,"enemies":"3 Sentries","floor":14,"turns":5},{"damage":1,"enemies":"Hexaghost","floor":16,"turns":8},{"damage":36,"enemies":"2 Thieves","floor":18,"turns":5},{"damage":11,"enemies":"Shell Parasite","floor":21,"turns":4},{"damage":63,"enemies":"Cultist and Chosen","floor":22,"turns":4}],"seed_played":"4532627134436955466","potions_obtained":[{"floor":1,"key":"SneckoOil"},{"floor":4,"key":"StancePotion"},{"floor":16,"key":"PowerPotion"},{"floor":18,"key":"LiquidBronze"}],"is_trial":false,"path_per_floor":["M","$","M","M","?","R","E","?","T","?","M","M","M","E","R","B",null,"M","$","?","M","M"],"character_chosen":"WATCHER","items_purchased":["Vajra","EmptyBody","Consecrate","CutThroughFate","Ornamental Fan"],"campfire_rested":0,"item_purchase_floors":[2,2,2,19,19],"current_hp_per_floor":[47,47,47,47,47,47,34,20,20,20,13,12,8,8,8,7,56,20,20,20,9,0,0],"gold":319,"neow_bonus":"TWO_FIFTY_GOLD","is_daily":false,"chose_seed":false,"campfire_upgraded":1,"win_rate":0.0,"timestamp":1612302156,"path_taken":["M","$","M","M","?","R","E","?","T","?","M","M","M","E","R","BOSS","M","$","?","M","M"],"items_purchased_type":["Relic","Card","Card","Card","Relic"],"build_version":"2020-12-22","purchased_purges":1,"victory":false,"max_hp_per_floor":[72,72,72,72,72,72,72,72,72,72,72,72,72,72,72,72,72,72,72,72,72,72,72],"relic_stats":{"counters":[12,49],"Ornamental Fan":[4],"VioletLotus":[6],"obtain_stats":[{"Girya":7,"Ornamental Fan":19,"Vajra":2,"VioletLotus":17,"TeardropLocket":9,"PureWater":0,"Old Coin":14},{"Girya":4,"Ornamental Fan":10,"Vajra":1,"VioletLotus":9,"TeardropLocket":4,"PureWater":0,"Old Coin":8},{"Girya":13,"Ornamental Fan":41,"Vajra":4,"VioletLotus":36,"TeardropLocket":13,"PureWater":0,"Old Coin":28}]},"card_choices":[{"not_picked":["CarveReality","Conclude","Evaluate"],"picked":"SKIP","floor":1},{"not_picked":["FlurryOfBlows","FlyingSleeves"],"picked":"CutThroughFate","floor":3},{"not_picked":["EmptyFist","CrushJoints","ClearTheMind"],"picked":"SKIP","floor":4},{"not_picked":["ClearTheMind","WreathOfFlame"],"picked":"Prostrate","floor":7},{"not_picked":["Crescendo","FollowUp","FlyingSleeves"],"picked":"SKIP","floor":11},{"not_picked":["Study","BowlingBash"],"picked":"Vault","floor":12},{"not_picked":["CrushJoints","EmptyBody"],"picked":"CutThroughFate","floor":13},{"not_picked":["Study","Indignation"],"picked":"Halt","floor":14},{"not_picked":["Vault","LessonLearned"],"picked":"Alpha","floor":16},{"not_picked":["SashWhip","FlurryOfBlows"],"picked":"ClearTheMind","floor":18},{"not_picked":["CrushJoints+1","TalkToTheHand+1"],"picked":"EmptyBody","floor":21}],"player_experience":1092331,"relics_obtained":[{"floor":7,"key":"Girya"},{"floor":9,"key":"TeardropLocket"},{"floor":14,"key":"Old Coin"}],"event_choices":[{"damage_healed":0,"gold_gain":0,"player_choice":"Agree","damage_taken":0,"max_hp_gain":0,"max_hp_loss":0,"event_name":"conspire:LoneGhost","floor":5,"gold_loss":0},{"damage_healed":0,"gold_gain":0,"player_choice":"Entered Light","damage_taken":14,"max_hp_gain":0,"max_hp_loss":0,"event_name":"Shining Light","floor":8,"gold_loss":0,"cards_upgraded":["conspire:GhostlyDefend","conspire:GhostlyDefend"]},{"damage_healed":0,"gold_gain":0,"player_choice":"Leave","damage_taken":0,"max_hp_gain":0,"max_hp_loss":0,"event_name":"conspire:Investor","floor":10,"gold_loss":0},{"damage_healed":0,"gold_gain":0,"player_choice":"Ignored","damage_taken":0,"max_hp_gain":0,"max_hp_loss":0,"event_name":"N\u0027loth","floor":20,"gold_loss":0}],"is_beta":false,"boss_relics":[{"not_picked":["SlaversCollar","Empty Cage"],"picked":"VioletLotus"}],"items_purged_floors":[2],"is_endless":false,"potions_floor_spawned":[1,4,16,18],"killed_by":"Cultist and Chosen","ascension_level":9}}