{"host":"klrvvo16pazy794l","time":1612305685,"event":{"mods":["BaseMod","Minty Spire (QoL Compilation)"],"gold_per_floor":[363,38,54,66,85,118,73,88,111,145,145,164,186,361,361,463,463,482,482,482,499,499,499,533,533,533,547,547,558,572,52,52,52,52],"floor_reached":33,"language":"ENG","playtime":2310,"items_purged":["Strike_G","Doubt"],"score":305,"play_id":"880619cd-57be-4ff6-bbe9-de21d3f54e92","local_time":"20210202164125","is_ascension_mode":true,"campfire_choices":[{"data":"Cloak And Dagger","floor":15,"key":"SMITH"},{"floor":23,"key":"REST"},{"data":"Terror","floor":25,"key":"SMITH"},{"data":"A Thousand Cuts","floor":28,"key":"SMITH"},{"data":"Accuracy","floor":32,"key":"SMITH"}],"circlet_count":0,"master_deck":["Survivor","Neutralize","Quick Slash","Infinite Blades+1","All Out Attack","Flying Knee","Prepared","Backflip","Deflect","Cloak And Dagger+1","Dagger Spray","A Thousand Cuts+1","Predator","Slice","Storm of Steel","Outmaneuver","Poisoned Stab","Predator","Caltrops","Bane","Grand Finale","Terror+1","Deflect+1","Accuracy+1"],"relics":["Ring of the Snake","TwistedFunnel","Eternal Feather","Ancient Tea Set","PreservedInsect","Odd Mushroom","Pandora\u0027s Box","NlothsMask","Bag of Marbles","Pantograph"],"acts_visited":["Exordium","TheCity"],"potions_floor_usage":[6,10,10,16,16,24,30,30,33,33],"damage_taken":[{"damage":0,"enemies":"2 Louse","floor":1,"turns":4},{"damage":0,"enemies":"Cultist","floor":3,"turns":3},{"damage":2,"enemies":"Jaw Worm","floor":4,"turns":4},{"damage":3,"enemies":"Blue Slaver","floor":5,"turns":4},{"damage":23,"enemies":"3 Sentries","floor":6,"turns":9},{"damage":0,"enemies":"2 Fungi Beasts","floor":8,"turns":2},{"damage":3,"enemies":"Gremlin Nob","floor":10,"turns":3},{"damage":0,"enemies":"Red Slaver","floor":12,"turns":4},{"damage":4,"enemies":"The Mushroom Lair","floor":13,"turns":4},{"damage":39,"enemies":"Slime Boss","floor":16,"turns":10},{"damage":0,"enemies":"3 Byrds","floor":18,"turns":3},{"damage":47,"enemies":"Shell Parasite","floor":21,"turns":6},{"damage":14,"enemies":"Slavers","floor":24,"turns":2},{"damage":8,"enemies":"Cultist and Chosen","floor":27,"turns":4},{"damage":6,"enemies":"Shelled Parasite and Fungi","floor":29,"turns":2},{"damage":11,"enemies":"Centurion and Healer","floor":30,"turns":3},{"damage":62,"enemies":"Automaton","floor":33,"turns":8}],"seed_played":"-8309657000820721685","potions_obtained":[{"floor":4,"key":"DuplicationPotion"},{"floor":5,"key":"ColorlessPotion"},{"floor":6,"key":"SteroidPotion"},{"floor":10,"key":"Dexterity Potion"},{"floor":12,"key":"Fire Potion"},{"floor":21,"key":"AttackPotion"},{"floor":24,"key":"Explosive Potion"},{"floor":29,"key":"Block Potion"}],"is_trial":false,"path_per_floor":["M","$","M","M","M","E","$","M","T","E","?","M","?","?","R","B",null,"M","?","?","M","?","R","E","R","T","M","R","M","M","$","R","B"],"character_chosen":"THE_SILENT","items_purchased":["TwistedFunnel","Infinite Blades","All Out Attack","Cloak And Dagger","Pantograph","Accuracy","Weak Potion","ColorlessPotion"],"campfire_rested":1,"item_purchase_floors":[2,2,2,7,31,31,31,31],"current_hp_per_floor":[63,63,63,61,58,35,35,35,35,32,32,32,28,28,40,1,63,63,52,52,5,5,37,23,35,35,27,39,33,22,22,34,0,0],"gold":52,"neow_bonus":"TWO_FIFTY_GOLD","is_daily":false,"chose_seed":false,"campfire_upgraded":4,"win_rate":0.0,"timestamp":1612305685,"path_taken":["M","$","M","M","M","E","$","M","T","E","?","?","?","?","R","BOSS","M","?","?","M","?","R","E","R","T","M","R","M","?","$","R","BOSS"],"items_purchased_type":["Relic","Card","Card","Card","Relic","Card","Potion","Potion"],"build_version":"2020-12-22","purchased_purges":2,"victory":false,"max_hp_per_floor":[63,63,63,63,63,63,63,63,63,63,63,63,63,63,63,63,63,63,68,68,68,68,68,68,68,68,68,68,68,68,68,68,68,68],"card_choices":[{"not_picked":["Dagger Throw","Underhanded Strike"],"picked":"Quick Slash","floor":1},{"not_picked":["Acrobatics","Concentrate"],"picked":"Flying Knee","floor":3},{"not_picked":["Finisher","Predator"],"picked":"Prepared","floor":4},{"not_picked":["Blur","Quick Slash"],"picked":"Backflip","floor":5},{"not_picked":["Quick Slash","Dagger Throw"],"picked":"Deflect","floor":6},{"not_picked":["Endless Agony","Dodge and Roll","Backflip"],"picked":"SKIP","floor":8},{"not_picked":["Malaise","Dagger Throw","Endless Agony"],"picked":"SKIP","floor":10},{"not_picked":["Infinite Blades","Well Laid Plans","Dagger Spray"],"picked":"SKIP","floor":12},{"not_picked":["Acrobatics","Deflect"],"picked":"Dagger Spray","floor":13},{"not_picked":["Malaise","Die Die Die"],"picked":"A Thousand Cuts","floor":16},{"not_picked":["Flechettes","Sucker Punch","Expertise"],"picked":"SKIP","floor":18},{"not_picked":["Caltrops","Flechettes","Poisoned Stab+1"],"picked":"SKIP","floor":21},{"not_picked":["Backstab+1","Wraith Form v2"],"picked":"Terror","floor":24},{"not_picked":["Underhanded Strike","Flying Knee+1","All Out Attack"],"picked":"SKIP","floor":27},{"not_picked":["Cloak And Dagger","Eviscerate","Phantasmal Killer"],"picked":"SKIP","floor":29},{"not_picked":["Dash","Distraction"],"picked":"Deflect+1","floor":30}],"player_experience":511570,"relics_obtained":[{"floor":6,"key":"Eternal Feather"},{"floor":9,"key":"Ancient Tea Set"},{"floor":10,"key":"PreservedInsect"},{"floor":13,"key":"Odd Mushroom"},{"floor":24,"key":"Bag of Marbles"}],"event_choices":[{"damage_healed":0,"gold_gain":0,"player_choice":"Upgraded","damage_taken":0,"max_hp_gain":0,"max_hp_loss":0,"event_name":"Upgrade Shrine","floor":11,"gold_loss":0,"cards_upgraded":["Infinite Blades"]},{"damage_healed":0,"gold_gain":0,"player_choice":"Fought Mushrooms","damage_taken":0,"max_hp_gain":0,"max_hp_loss":0,"event_name":"Mushrooms","floor":13,"gold_loss":0},{"damage_healed":0,"gold_gain":175,"player_choice":"AGREE","damage_taken":0,"max_hp_gain":0,"max_hp_loss":0,"event_name":"Liars Game","floor":14,"gold_loss":0,"cards_obtained":["Doubt"]},{"damage_healed":0,"gold_gain":0,"player_choice":"Shed Blood","damage_taken":16,"max_hp_gain":5,"max_hp_loss":0,"event_name":"Forgotten Altar","floor":19,"gold_loss":0},{"damage_healed":0,"gold_gain":0,"player_choice":"Ignored","damage_taken":0,"max_hp_gain":0,"max_hp_loss":0,"event_name":"Vampires","floor":20,"gold_loss":0},{"damage_healed":0,"gold_gain":0,"player_choice":"Trade","damage_taken":0,"relics_obtained":["NlothsMask"],"max_hp_gain":0,"max_hp_loss":0,"event_name":"FaceTrader","floor":22,"gold_loss":0}],"is_beta":false,"boss_relics":[{"not_picked":["Runic Pyramid","SacredBark"],"picked":"Pandora\u0027s Box"}],"items_purged_floors":[2,31],"is_endless":false,"potions_floor_spawned":[4,5,6,10,12,21,24,29],"killed_by":"Automaton","ascension_level":2}}