{"host":"i0dcpa89fcfo7o2v","time":1612299471,"event":{"mods":["2.2 Compatiblity","AchievementEnabler","Alarm Clock","AlwaysNeverKeys","BaseMod","Better Altar","Better Match","Better Note","Better Sensory Stone","Better Skull","Better Third Choice","Better Vampires","BetterRewards","Block Reminder","Colored Map","Colored Powertips","Conspire","Curses Come First","Defuse TimeMaze Blight","Displayed Cursed Tome","Downfall","Energized Spire","Gold Saver","Halation","Highlight Path","Hubris","Minty Spire (QoL Compilation)","Quick Restart","Relic Stats","Replay The Spire","Shop Mod","Spicy Shops","StSLib","Synergy Search","The Jungle","Transform Curses","Uncapped","Wandering Minibosses"],"gold_per_floor":[1377,1388,1403,1403,1417,1417,1417,1417,1429,1429,1429,316,328,328,342,443,443,443,453,463,463,63,63,86,114,105,122,152,152,152,168,182,277,277,277,288,26,1025,20,30,30,83,118,118,135,135,154,173,185,185,185,210,99,99,99,99],"floor_reached":57,"language":"ENG","playtime":3988,"items_purged":["bronze:Strike","Pride","expansioncontent:StudyTheSpire+1","bronze:Fortify","Normality"],"score":1177,"play_id":"98c10459-d0d7-4658-a6a5-91e3b0cf6b91","local_time":"20210202215751","is_ascension_mode":true,"campfire_choices":[{"data":"bronze:InfiniteLoop","floor":1.0,"key":"SMITH"},{"floor":6.0,"key":"REST"},{"data":"bronze:Explode","floor":8.0,"key":"SMITH"},{"data":"Pot Of Greed","floor":10.0,"key":"SMITH"},{"floor":18.0,"key":"DIG"},{"data":"bronze:Assembly","floor":23.0,"key":"SMITH"},{"data":"bronze:Overload","floor":29.0,"key":"SMITH"},{"data":"bronze:Spike","floor":35.0,"key":"SMITH"},{"floor":44.0,"key":"REST"},{"data":"bronze:Turbo","floor":46.0,"key":"SMITH"},{"data":"bronze:Assembly","floor":54.0,"key":"SMITH"}],"circlet_count":0,"master_deck":["bronze:Library+1","bronze:Strike","bronze:Strike","bronze:Strike","bronze:Defend","bronze:Defend","bronze:Defend","bronze:Defend","bronze:Replicate","bronze:Goto","bronze:InfiniteLoop+1","bronze:FollowUp","bronze:Spike+1","bronze:DazingPulse","bronze:Explode+1","bronze:Turbo+1","Pot Of Greed","Pot Of Greed+1","bronze:Iterate","bronze:BitShift+1","bronze:InfiniteLoop","bronze:DelayedSlice","bronze:Refactor","bronze:RecursiveStrike","bronze:Branch","bronze:Assembly+1","bronze:ForLoop","expansioncontent:PolyBeam","bronze:FineTuning","bronze:InfiniteBeams+1","bronze:Overload+1","bronze:ChosenStrike","bronze:Iterate","bronze:Turbo+1","bronze:Assembly+1","bronze:Turbo+1","bronze:Verify+1","bronze:Repulsor+1","bronze:Refactor","bronze:InfiniteBeams+1"],"relics":["bronze:BronzeCore","downfall:HeartBlessingGreen","downfall:HeartBlessingBlue","downfall:HeartBlessingRed","bronze:DecasWashers","Dream Catcher","Slimebound:StickyStick","Slimebound:PreparedRelic","Onion Ring","MerchantsRug","hubris:HollowSoul","Gremlin Horn","StrikeDummy","Bag of Preparation","Frozen Egg 2","conspire:TopHat","bronze:ElectromagneticCoil","bronze:CableSpool","Counterbalance","conspire:TreasureMap","hubris:SlimyHat","Lizard Tail","ReplayTheSpireMod:TigerMarble","Replay:Baseball","Replay:Mystery Machine","FossilizedHelix"],"acts_visited":["Exordium","TheCity","TheBeyond","TheEnding"],"potions_floor_usage":[56,56,56],"damage_taken":[{"damage":4.0,"enemies":"Small Slimes","floor":2.0,"turns":2.0},{"damage":6.0,"enemies":"Jaw Worm","floor":3.0,"turns":4.0},{"damage":42.0,"enemies":"Jaw Worm","floor":4.0,"turns":5.0},{"damage":12.0,"enemies":"2 Louse","floor":5.0,"turns":2.0},{"damage":10.0,"enemies":"Large Slime","floor":9.0,"turns":2.0},{"damage":0.0,"enemies":"downfall:FleeingMerchant","floor":12.0,"turns":4.0},{"damage":8.0,"enemies":"Gremlin Gang","floor":13.0,"turns":3.0},{"damage":0.0,"enemies":"3 Louse","floor":15.0,"turns":1.0},{"damage":18.0,"enemies":"SI_SHIV_ARCHETYPE","floor":16.0,"turns":4.0},{"damage":0.0,"enemies":"Spheric Guardian","floor":19.0,"turns":2.0},{"damage":5.0,"enemies":"3 Byrds","floor":20.0,"turns":2.0},{"damage":0.0,"enemies":"downfall:FleeingMerchant","floor":22.0,"turns":4.0},{"damage":55.0,"enemies":"Slavers","floor":25.0,"turns":4.0},{"damage":0.0,"enemies":"downfall:FleeingMerchant","floor":26.0,"turns":4.0},{"damage":0.0,"enemies":"Snecko","floor":27.0,"turns":2.0},{"damage":12.0,"enemies":"Replay:Snechameleon","floor":28.0,"turns":3.0},{"damage":0.0,"enemies":"Cultist and Chosen","floor":31.0,"turns":4.0},{"damage":0.0,"enemies":"Centurion and Healer","floor":32.0,"turns":4.0},{"damage":0.0,"enemies":"DF_ARCHETYPE_CLAW","floor":33.0,"turns":1.0},{"damage":24.0,"enemies":"3 Shapes","floor":36.0,"turns":2.0},{"damage":0.0,"enemies":"3 Darklings","floor":40.0,"turns":1.0},{"damage":17.0,"enemies":"Giant Head","floor":43.0,"turns":7.0},{"damage":0.0,"enemies":"Jaw Worm Horde","floor":45.0,"turns":1.0},{"damage":5.0,"enemies":"Spire Growth","floor":47.0,"turns":3.0},{"damage":22.0,"enemies":"Maw","floor":48.0,"turns":6.0},{"damage":2.0,"enemies":"3 Darklings","floor":49.0,"turns":3.0},{"damage":48.0,"enemies":"IC_BLOCK_ARCHETYPE","floor":50.0,"turns":6.0},{"damage":0.0,"enemies":"downfall:CharBossMerchant","floor":52.0,"turns":1.0},{"damage":4,"enemies":"downfall:NeowBoss","floor":55,"turns":6},{"damage":46,"enemies":"downfall:NeowBossFinal","floor":56,"turns":4}],"seed_played":"1508869138449561234","potions_obtained":[{"floor":3.0,"key":"AttackPotion"},{"floor":5.0,"key":"Ancient Potion"},{"floor":9.0,"key":"Block Potion"},{"floor":16.0,"key":"Block Potion"},{"floor":25.0,"key":"Regen Potion"},{"floor":27.0,"key":"bronze:CleanCodePotion"},{"floor":28.0,"key":"Adrenaline Potion"},{"floor":31.0,"key":"SteroidPotion"},{"floor":36.0,"key":"Languid Potion"},{"floor":48.0,"key":"bronze:BuildAFunctionPotion"},{"floor":49.0,"key":"FearPotion"},{"floor":52.0,"key":"bronze:FreeFunctionsPotion"}],"is_trial":false,"path_per_floor":["R","M","M","?","M","R","T","R","M","R","T","$","M","?","M","B",null,"R_BF","M","M","?","$","R","T","E","$","M","E","R","?","M","M","B",null,"R","M","$","?","$","M","T","?","E","R","M","R","M","M","M","B",null,"E","$","R","B","B",null],"character_chosen":"THE_AUTOMATON","items_purchased":["BargainBundle","Dream Catcher","Slimebound:StickyStick","Slimebound:PreparedRelic","Onion Ring","bronze:BitShift+1","bronze:InfiniteLoop","bronze:DelayedSlice","expansioncontent:StudyTheSpire","MerchantsRug","bronze:ForLoop","expansioncontent:PolyBeam","bronze:InfiniteBeams+1","bronze:Overload","bronze:ChosenStrike","bronze:CableSpool","Counterbalance","conspire:TreasureMap","hubris:SlimyHat","Lizard Tail","bronze:InfiniteBeams+1"],"campfire_rested":2,"item_purchase_floors":[12,12,12,12,12,12,12,12,12,12,22,22,26,26,26,37,39,39,39,39,53],"current_hp_per_floor":[80,76,70,28,16,40,40,40,30,30,30,30,22,22,22,4,80,80,80,75,75,75,75,75,20,20,20,17,17,17,17,17,40,80,80,56,56,56,56,56,56,24,7,31,31,31,26,4,2,32,80,80,80,80,76,30],"gold":99,"neow_bonus":"ONE_RANDOM_RARE_CARD","is_daily":false,"chose_seed":false,"campfire_upgraded":8,"win_rate":0.0,"timestamp":1612299471,"path_taken":["R","M","M","?","M","R","T","R","M","R","?","?","M","?","M","BOSS","R_BF","M","?","?","$","R","T","E","?","M","E","R","?","?","M","BOSS","R","M","$","?","$","M","T","?","E","R","?","R","M","M","M","BOSS","E","$","R","BOSS","BOSS"],"items_purchased_type":["Relic","Relic","Relic","Relic","Relic","Card","Card","Card","Card","Relic","Card","Card","Card","Card","Card","Relic","Relic","Relic","Relic","Relic","Card"],"build_version":"2020-12-22","purchased_purges":5,"victory":true,"max_hp_per_floor":[80,80,80,80,80,80,80,80,80,80,80,80,80,80,80,80,80,80,80,80,80,80,80,80,80,80,80,80,80,80,80,80,80,80,80,80,80,80,80,80,80,80,80,80,80,80,80,80,80,80,80,80,80,80,80,80],"relic_stats":{"Dream Catcher":1,"Lizard Tail":0,"Gremlin Horn":[20,20],"counters":[30,100],"Bag of Preparation":[36],"obtain_stats":[{"bronze:ElectromagneticCoil":34,"bronze:BronzeCore":0,"Gremlin Horn":18,"downfall:HeartBlessingGreen":1,"Bag of Preparation":24,"hubris:SlimyHat":39,"Replay:Mystery Machine":43,"conspire:TopHat":28,"bronze:CableSpool":37,"Dream Catcher":12,"Lizard Tail":39,"downfall:HeartBlessingBlue":1,"Slimebound:StickyStick":12,"MerchantsRug":12,"BargainBundle":12,"conspire:TreasureMap":39,"downfall:HeartBlessingRed":1,"bronze:DecasWashers":11,"Counterbalance":39,"hubris:HollowSoul":17,"Frozen Egg 2":25,"Replay:Baseball":42,"Onion Ring":12,"Slimebound:PreparedRelic":12,"ReplayTheSpireMod:TigerMarble":41,"Grinning Jar":7,"StrikeDummy":21,"FossilizedHelix":52},{"bronze:ElectromagneticCoil":19,"bronze:BronzeCore":0,"Gremlin Horn":9,"downfall:HeartBlessingGreen":0,"Bag of Preparation":12,"hubris:SlimyHat":20,"Replay:Mystery Machine":22,"conspire:TopHat":16,"bronze:CableSpool":20,"Dream Catcher":6,"Lizard Tail":20,"downfall:HeartBlessingBlue":0,"Slimebound:StickyStick":6,"MerchantsRug":6,"BargainBundle":6,"conspire:TreasureMap":20,"downfall:HeartBlessingRed":0,"bronze:DecasWashers":5,"Counterbalance":20,"hubris:HollowSoul":9,"Frozen Egg 2":13,"Replay:Baseball":21,"Onion Ring":6,"Slimebound:PreparedRelic":6,"ReplayTheSpireMod:TigerMarble":21,"Grinning Jar":4,"StrikeDummy":11,"FossilizedHelix":28},{"bronze:ElectromagneticCoil":60,"bronze:BronzeCore":0,"Gremlin Horn":27,"downfall:HeartBlessingGreen":0,"Bag of Preparation":35,"hubris:SlimyHat":62,"Replay:Mystery Machine":70,"conspire:TopHat":48,"bronze:CableSpool":62,"Dream Catcher":19,"Lizard Tail":62,"downfall:HeartBlessingBlue":0,"Slimebound:StickyStick":19,"MerchantsRug":19,"BargainBundle":19,"conspire:TreasureMap":62,"downfall:HeartBlessingRed":0,"bronze:DecasWashers":15,"Counterbalance":62,"hubris:HollowSoul":27,"Frozen Egg 2":39,"Replay:Baseball":63,"Onion Ring":19,"Slimebound:PreparedRelic":19,"ReplayTheSpireMod:TigerMarble":63,"Grinning Jar":13,"StrikeDummy":31,"FossilizedHelix":90}]},"card_choices":[{"not_picked":["bronze:Branch","bronze:Constructor"],"picked":"bronze:FollowUp","floor":2.0},{"not_picked":["bronze:ForceShield","bronze:Allocate","bronze:Backtrace"],"picked":"SKIP","floor":3.0},{"not_picked":[],"picked":"bronze:Spike","floor":4.0},{"not_picked":[],"picked":"bronze:DazingPulse","floor":4.0},{"not_picked":[],"picked":"bronze:Explode","floor":4.0},{"not_picked":["bronze:ForceShield","bronze:Fortify"],"picked":"bronze:Turbo","floor":4.0},{"not_picked":["bronze:Overheat","bronze:BugBarrage"],"picked":"bronze:Fortify","floor":5.0},{"not_picked":["bronze:DelayedSlice","bronze:FollowUp"],"picked":"bronze:Iterate","floor":9.0},{"not_picked":["bronze:BronzeArmor","bronze:FollowUp","bronze:DelayedGuard"],"picked":"SKIP","floor":12.0},{"not_picked":["bronze:WildBeam","bronze:DelayedSlice","bronze:BitShift"],"picked":"SKIP","floor":13.0},{"not_picked":["bronze:Shield","bronze:Allocate"],"picked":"bronze:Refactor","floor":15.0},{"not_picked":["bronze:SpaghettiCode","bronze:BurnOut"],"picked":"bronze:RecursiveStrike","floor":16.0},{"not_picked":["bronze:WhirlingStrike+1","bronze:DelayedGuard","bronze:BuggyMess+1"],"picked":"SKIP","floor":19.0},{"not_picked":["bronze:OilSpill+1","bronze:WhirlingStrike"],"picked":"bronze:Branch","floor":20.0},{"not_picked":["bronze:Iterate","bronze:Deprecate+1"],"picked":"bronze:Assembly","floor":22.0},{"not_picked":["bronze:DelayedGuard+1","bronze:Separator"],"picked":"bronze:FineTuning","floor":25.0},{"not_picked":["bronze:Invalidate","bronze:OilSpill","bronze:Constructor"],"picked":"SKIP","floor":26.0},{"not_picked":["bronze:CutThrough","bronze:BronzeOrb"],"picked":"bronze:Iterate","floor":27.0},{"not_picked":["bronze:Shield+1","bronze:BitShift","bronze:DelayedGuard"],"picked":"SKIP","floor":28.0},{"not_picked":["bronze:Frontload","bronze:DelayedGuard"],"picked":"bronze:Turbo+1","floor":31.0},{"not_picked":["bronze:Break","bronze:GetLatest","bronze:ChosenStrike"],"picked":"SKIP","floor":32.0},{"not_picked":["bronze:BurnOut","bronze:Format"],"picked":"bronze:Assembly","floor":33.0},{"not_picked":["bronze:Boost","bronze:Shell+1"],"picked":"bronze:Turbo+1","floor":36.0},{"not_picked":["bronze:BitShift","bronze:WildBeam+1","bronze:BuggyMess+1"],"picked":"SKIP","floor":40.0},{"not_picked":["bronze:Safeguard","bronze:Philosophize+1"],"picked":"bronze:Verify+1","floor":42.0},{"not_picked":["bronze:BitShift","bronze:Philosophize+1"],"picked":"bronze:Repulsor+1","floor":43.0},{"not_picked":["bronze:CutThrough+1","bronze:BitShift+1","bronze:Branch"],"picked":"SKIP","floor":45.0},{"not_picked":["bronze:WhirlingStrike","bronze:InfiniteBeams+1","bronze:BronzeOrb"],"picked":"SKIP","floor":47.0},{"not_picked":["bronze:Fortify","bronze:Frontload"],"picked":"bronze:Refactor","floor":48.0},{"not_picked":["bronze:Frontload","bronze:BugBarrage+1","bronze:Safeguard"],"picked":"SKIP","floor":49.0},{"not_picked":["bronze:Flail","bronze:Invalidate","bronze:ChosenStrike+1"],"picked":"SKIP","floor":52.0}],"player_experience":210881,"relics_obtained":[{"floor":7.0,"key":"Grinning Jar"},{"floor":11.0,"key":"bronze:DecasWashers"},{"floor":18.0,"key":"Gremlin Horn"},{"floor":24.0,"key":"Bag of Preparation"},{"floor":25.0,"key":"Frozen Egg 2"},{"floor":28.0,"key":"conspire:TopHat"},{"floor":41.0,"key":"ReplayTheSpireMod:TigerMarble"},{"floor":42.0,"key":"Replay:Baseball"},{"floor":43.0,"key":"Replay:Mystery Machine"},{"floor":52.0,"key":"FossilizedHelix"}],"event_choices":[{"damage_healed":0.0,"max_hp_gain":0.0,"max_hp_loss":0.0,"gold_gain":0.0,"event_name":"Addict","player_choice":"Stole Relic","floor":21.0,"gold_loss":0.0,"damage_taken":0.0,"relics_obtained":["StrikeDummy"],"cards_obtained":["Pride"]}],"is_beta":false,"boss_relics":[{"not_picked":["expansioncontent:StudyCardRelic","halation:PlatinumPhoenix"],"picked":"hubris:HollowSoul"},{"not_picked":["hubris:Backtick","Empty Cage"],"picked":"bronze:ElectromagneticCoil"}],"items_purged_floors":[12,22,22,26,39],"is_endless":false,"potions_floor_spawned":[3,5,9,16,25,27,28,31,36,48,49,52],"ascension_level":1}}