{"host":"l5zfpd2l2htson6l","time":1612248658,"event":{"mods":["AchievementEnabler","BaseMod","Colored Map","Colored Powertips","Minty Spire (QoL Compilation)","Permanent Neow","Quick Restart","Rare Cards Sparkle","Relic Stats","SuperFastMode"],"gold_per_floor":[113,113,123,133,151,183,183,197,197,197,227,227,255,305,305,379,379,399,413,426,437,437,85,85,85,111,137,37,72,17,17,17,91,91,104,151,0,16,16,16],"floor_reached":39,"language":"ENG","playtime":4890,"items_purged":["Decay","Writhe"],"score":830,"play_id":"29fd0ff1-0e65-4e1d-ace7-7b5ac161864c","local_time":"20210201225058","is_ascension_mode":true,"campfire_choices":[{"data":"Blood for Blood","floor":7.0,"key":"SMITH"},{"floor":10.0,"key":"REST"},{"data":"Bash","floor":15.0,"key":"SMITH"},{"data":"Double Tap","floor":24.0,"key":"SMITH"},{"floor":32.0,"key":"REST"}],"circlet_count":0,"master_deck":["AscendersBane","Strike_R","Strike_R","Strike_R","Strike_R","Defend_R","Defend_R","Defend_R","Defend_R","Bash+1","Double Tap+1","Headbutt","Clothesline","Seeing Red","Battle Trance","Blood for Blood+1","Cleave","Ghostly Armor+1","Armaments+1","Offering+1","Disarm+1","Shrug It Off+1","Immolate","Corruption","RitualDagger","Exhume+1","Dual Wield+1","Flame Barrier+1"],"relics":["Burning Blood","Boot","Toxic Egg 2","Nunchaku","Eternal Feather","Philosopher\u0027s Stone","Matryoshka","Question Card","Regal Pillow","Toy Ornithopter","Shuriken","Strawberry","Fusion Hammer","StoneCalendar","Red Mask"],"acts_visited":["Exordium","TheCity","TheBeyond"],"potions_floor_usage":[],"damage_taken":[{"damage":21.0,"enemies":"Small Slimes","floor":1.0,"turns":6.0},{"damage":15.0,"enemies":"2 Louse","floor":3.0,"turns":4.0},{"damage":0.0,"enemies":"Cultist","floor":4.0,"turns":2.0},{"damage":7.0,"enemies":"Looter","floor":5.0,"turns":3.0},{"damage":10.0,"enemies":"Lagavulin","floor":6.0,"turns":5.0},{"damage":10.0,"enemies":"Exordium Wildlife","floor":8.0,"turns":3.0},{"damage":29.0,"enemies":"Gremlin Nob","floor":11.0,"turns":4.0},{"damage":17.0,"enemies":"Lagavulin","floor":13.0,"turns":6.0},{"damage":38.0,"enemies":"Slime Boss","floor":16.0,"turns":10.0},{"damage":6.0,"enemies":"Spheric Guardian","floor":18.0,"turns":3.0},{"damage":7.0,"enemies":"Shell Parasite","floor":19.0,"turns":4.0},{"damage":9.0,"enemies":"Centurion and Healer","floor":20.0,"turns":6.0},{"damage":14.0,"enemies":"Snecko","floor":21.0,"turns":8.0},{"damage":33.0,"enemies":"Gremlin Leader","floor":27.0,"turns":5.0},{"damage":30.0,"enemies":"Book of Stabbing","floor":29.0,"turns":7.0},{"damage":70.0,"enemies":"Collector","floor":33.0,"turns":8.0},{"damage":19.0,"enemies":"3 Darklings","floor":35.0,"turns":3.0},{"damage":25.0,"enemies":"2 Orb Walkers","floor":36.0,"turns":2.0},{"damage":13.0,"enemies":"3 Shapes","floor":38.0,"turns":7.0},{"damage":31,"enemies":"3 Darklings","floor":39,"turns":6}],"seed_played":"-5451771785875872347","potions_obtained":[{"floor":4.0,"key":"ColorlessPotion"},{"floor":5.0,"key":"DistilledChaos"},{"floor":8.0,"key":"ElixirPotion"},{"floor":11.0,"key":"FearPotion"},{"floor":19.0,"key":"Strength Potion"},{"floor":20.0,"key":"SpeedPotion"},{"floor":27.0,"key":"Block Potion"},{"floor":38.0,"key":"PowerPotion"}],"is_trial":false,"path_per_floor":["M","?","M","M","M","E","R","M","T","R","E","?","E","?","R","B",null,"M","M","M","M","?","$","R","?","T","E","$","E","$","?","R","B",null,"M","?","?","M","M"],"character_chosen":"IRONCLAD","items_purchased":["Matryoshka","FearPotion"],"campfire_rested":2,"item_purchase_floors":[23,30],"current_hp_per_floor":[53,46,37,43,42,38,38,34,34,56,33,58,47,40,49,17,61,61,60,57,49,49,49,61,61,61,44,44,32,32,26,80,18,66,53,34,34,27,0,0],"gold":16,"neow_bonus":"ONE_RANDOM_RARE_CARD","is_daily":false,"chose_seed":false,"campfire_upgraded":3,"win_rate":0.0,"timestamp":1612248658,"path_taken":["M","?","M","M","M","E","R","M","T","R","E","?","E","?","R","BOSS","M","?","M","M","?","$","R","?","T","E","$","E","?","?","R","BOSS","M","?","?","M","M"],"items_purchased_type":["Relic","Potion"],"build_version":"2020-12-22","purchased_purges":2,"victory":false,"max_hp_per_floor":[75,75,75,75,75,75,75,75,75,75,75,75,75,75,75,75,75,75,75,75,75,75,75,75,75,75,75,75,82,82,82,82,82,82,82,82,82,82,82,82],"relic_stats":{"Nunchaku":[15],"Regal Pillow":15,"counters":[20,102],"Shuriken":[10],"Eternal Feather":36,"StoneCalendar":[48],"Boot":[6],"Question Card":6,"obtain_stats":[{"Regal Pillow":26,"Eternal Feather":13,"StoneCalendar":36,"Boot":6,"Question Card":25,"Burning Blood":0,"Nunchaku":11,"Matryoshka":23,"Shuriken":27,"Strawberry":29,"Philosopher\u0027s Stone":17,"Fusion Hammer":34,"Red Mask":37,"Toxic Egg 2":9,"Toy Ornithopter":26},{"Regal Pillow":13,"Eternal Feather":8,"StoneCalendar":18,"Boot":5,"Question Card":13,"Burning Blood":0,"Nunchaku":7,"Matryoshka":13,"Shuriken":14,"Strawberry":15,"Philosopher\u0027s Stone":9,"Fusion Hammer":16,"Red Mask":18,"Toxic Egg 2":6,"Toy Ornithopter":13},{"Regal Pillow":64,"Eternal Feather":33,"StoneCalendar":89,"Boot":20,"Question Card":64,"Burning Blood":0,"Nunchaku":27,"Matryoshka":64,"Shuriken":69,"Strawberry":76,"Philosopher\u0027s Stone":43,"Fusion Hammer":84,"Red Mask":89,"Toxic Egg 2":23,"Toy Ornithopter":64}],"Burning Blood":114,"Toy Ornithopter":17},"card_choices":[{"not_picked":["Havoc","Pommel Strike"],"picked":"Headbutt","floor":1.0},{"not_picked":["Pommel Strike","Searing Blow"],"picked":"Clothesline","floor":3.0},{"not_picked":["Clothesline","Thunderclap"],"picked":"Seeing Red","floor":4.0},{"not_picked":["Thunderclap","Headbutt"],"picked":"Battle Trance","floor":5.0},{"not_picked":["Clash","Exhume"],"picked":"Blood for Blood","floor":6.0},{"not_picked":["True Grit","Clothesline"],"picked":"Cleave","floor":8.0},{"not_picked":["Dropkick","Burning Pact+1"],"picked":"Ghostly Armor+1","floor":11.0},{"not_picked":["Cleave","True Grit+1"],"picked":"Armaments+1","floor":13.0},{"not_picked":["Impervious+1","Fiend Fire"],"picked":"Offering+1","floor":16.0},{"not_picked":["Wild Strike","Iron Wave"],"picked":"Disarm+1","floor":18.0},{"not_picked":["Rupture","Pommel Strike"],"picked":"Shrug It Off+1","floor":19.0},{"not_picked":["Perfected Strike","Armaments+1","Dropkick"],"picked":"SKIP","floor":20.0},{"not_picked":["Heavy Blade","Armaments+1","Sword Boomerang"],"picked":"SKIP","floor":21.0},{"not_picked":["Armaments+1","Hemokinesis","Flex+1"],"picked":"Immolate","floor":27.0},{"not_picked":["Pommel Strike","Cleave","Ghostly Armor+1"],"picked":"Corruption","floor":29.0},{"not_picked":["Bludgeon","Immolate","Berserk"],"picked":"Exhume+1","floor":33.0},{"not_picked":["Twin Strike","Sever Soul","Shrug It Off+1"],"picked":"Dual Wield+1","floor":35.0},{"not_picked":["Burning Pact+1","Dropkick","Body Slam"],"picked":"Flame Barrier+1","floor":36.0},{"not_picked":["Heavy Blade+1","Clash","Havoc+1","Thunderclap+1"],"picked":"SKIP","floor":38.0}],"player_experience":833210,"relics_obtained":[{"floor":6.0,"key":"Boot"},{"floor":9.0,"key":"Toxic Egg 2"},{"floor":11.0,"key":"Nunchaku"},{"floor":13.0,"key":"Eternal Feather"},{"floor":26.0,"key":"Regal Pillow"},{"floor":26.0,"key":"Toy Ornithopter"},{"floor":27.0,"key":"Shuriken"},{"floor":29.0,"key":"Strawberry"},{"floor":36.0,"key":"StoneCalendar"}],"event_choices":[{"cards_removed":["Strike_R"],"damage_healed":0.0,"max_hp_gain":0.0,"max_hp_loss":0.0,"gold_gain":0.0,"event_name":"Golden Wing","player_choice":"Card Removal","floor":2.0,"gold_loss":0.0,"damage_taken":7.0},{"damage_healed":25.0,"max_hp_gain":0.0,"max_hp_loss":0.0,"gold_gain":0.0,"event_name":"Big Fish","player_choice":"Banana","floor":12.0,"gold_loss":0.0,"damage_taken":0.0},{"damage_healed":0.0,"max_hp_gain":0.0,"max_hp_loss":0.0,"gold_gain":50.0,"event_name":"FaceTrader","player_choice":"Touch","floor":14.0,"gold_loss":0.0,"damage_taken":7.0},{"damage_healed":0.0,"max_hp_gain":0.0,"max_hp_loss":0.0,"gold_gain":0.0,"event_name":"Forgotten Altar","player_choice":"Smashed Altar","floor":22.0,"gold_loss":0.0,"damage_taken":0.0,"cards_obtained":["Decay"]},{"damage_healed":0.0,"max_hp_gain":0.0,"max_hp_loss":0.0,"gold_gain":0.0,"event_name":"The Mausoleum","player_choice":"Opened","floor":25.0,"gold_loss":0.0,"damage_taken":0.0,"relics_obtained":["Question Card"],"cards_obtained":["Writhe"]},{"damage_healed":0.0,"max_hp_gain":0.0,"max_hp_loss":0.0,"gold_gain":0.0,"event_name":"Nest","player_choice":"Joined the Cult","floor":31.0,"gold_loss":0.0,"damage_taken":6.0,"cards_obtained":["RitualDagger"]},{"damage_healed":0.0,"max_hp_gain":0.0,"max_hp_loss":0.0,"gold_gain":0.0,"event_name":"Mysterious Sphere","player_choice":"Fight","floor":36.0,"gold_loss":0.0,"damage_taken":0.0},{"damage_healed":0.0,"max_hp_gain":0.0,"max_hp_loss":0.0,"gold_gain":0.0,"event_name":"Tomb of Lord Red Mask","player_choice":"Paid","floor":37.0,"gold_loss":151.0,"damage_taken":0.0,"relics_obtained":["Red Mask"]}],"is_beta":false,"boss_relics":[{"not_picked":["Runic Dome","Black Blood"],"picked":"Philosopher\u0027s Stone"},{"not_picked":["Busted Crown","SacredBark"],"picked":"Fusion Hammer"}],"items_purged_floors":[23,28],"is_endless":false,"potions_floor_spawned":[4,5,8,11,13,19,20,27,38],"killed_by":"3 Darklings","ascension_level":18}}