{"host":"r53pw7z744tg3fxg","time":1612284792,"event":{"mods":["AchievementEnabler","BaseMod","Colored Map","Colored Powertips","Highlight Path","Minty Spire (QoL Compilation)","Quick Restart","Transform Curses"],"gold_per_floor":[110,110,121,131,149,176,176,14,14,46,46,77,77,137,137,212,212,170,170,170],"floor_reached":19,"language":"ENG","playtime":956,"items_purged":[],"score":399,"play_id":"55af15f1-2d2d-4188-a076-f1deb7e4944a","local_time":"20210202095312","is_ascension_mode":true,"campfire_choices":[{"floor":7,"key":"REST"},{"floor":11,"key":"REST"},{"floor":13,"key":"REST"},{"data":"Eruption","floor":15,"key":"SMITH"}],"circlet_count":0,"master_deck":["AscendersBane","Strike_P","Strike_P","Strike_P","Strike_P","Defend_P","Defend_P","Defend_P","Defend_P","Eruption+1","Vigilance","Sanctity","Consecrate","Wallop","PathToVictory","SpiritShield","CutThroughFate","TalkToTheHand","DeusExMachina","EmptyBody"],"relics":["PureWater","CultistMask","Ornamental Fan","Sling","TeardropLocket","Bag of Marbles","Smiling Mask","Thread and Needle","SlaversCollar"],"acts_visited":["Exordium","TheCity"],"potions_floor_usage":[6,6,12,14],"damage_taken":[{"damage":9.0,"enemies":"2 Louse","floor":1.0,"turns":3.0},{"damage":0.0,"enemies":"Cultist","floor":3.0,"turns":4.0},{"damage":1,"enemies":"Jaw Worm","floor":4,"turns":5},{"damage":8,"enemies":"Blue Slaver","floor":5,"turns":7},{"damage":34,"enemies":"Lagavulin","floor":6,"turns":10},{"damage":36,"enemies":"Gremlin Nob","floor":10,"turns":4},{"damage":0,"enemies":"3 Sentries","floor":12,"turns":5},{"damage":7,"enemies":"Gremlin Nob","floor":14,"turns":3},{"damage":37,"enemies":"The Guardian","floor":16,"turns":12},{"damage":7,"enemies":"2 Thieves","floor":18,"turns":5},{"damage":62,"enemies":"Masked Bandits","floor":19,"turns":3}],"seed_played":"1752188384767628769","potions_obtained":[{"floor":1.0,"key":"FearPotion"},{"floor":3.0,"key":"GamblersBrew"},{"floor":5,"key":"Regen Potion"},{"floor":10,"key":"LiquidMemories"},{"floor":12,"key":"FearPotion"}],"is_trial":false,"path_per_floor":["M","?","M","M","M","E","R","$","T","E","R","E","R","?","R","B",null,"M","?"],"character_chosen":"WATCHER","items_purchased":["Sling"],"campfire_rested":3,"item_purchase_floors":[8],"current_hp_per_floor":[58,58,58,57,49,30,52,52,52,16,38,38,60,53,53,16,60,53,0,0],"gold":170,"neow_bonus":"TEN_PERCENT_HP_BONUS","is_daily":false,"chose_seed":false,"campfire_upgraded":1,"win_rate":0.0,"timestamp":1612284792,"path_taken":["M","?","M","?","M","E","R","$","T","E","R","E","R","?","R","BOSS","M","?"],"items_purchased_type":["Relic"],"build_version":"2020-12-22","purchased_purges":0,"victory":false,"max_hp_per_floor":[74,74,74,74,74,74,74,74,74,74,74,74,74,74,74,74,74,74,74,74],"card_choices":[{"not_picked":["Collect","Protect"],"picked":"Sanctity","floor":1.0},{"not_picked":["SashWhip","FlurryOfBlows"],"picked":"Consecrate","floor":3.0},{"not_picked":["Evaluate","CarveReality"],"picked":"Wallop","floor":4},{"not_picked":["JustLucky","SignatureMove"],"picked":"PathToVictory","floor":5},{"not_picked":["CrushJoints","Protect"],"picked":"SpiritShield","floor":6},{"not_picked":["Worship","SashWhip","EmptyFist"],"picked":"SKIP","floor":10},{"not_picked":["ThirdEye","EmptyMind"],"picked":"CutThroughFate","floor":12},{"not_picked":["Wireheading","Protect"],"picked":"TalkToTheHand","floor":14},{"not_picked":["Alpha","LessonLearned"],"picked":"DeusExMachina","floor":16},{"not_picked":["Consecrate","Evaluate"],"picked":"EmptyBody","floor":18}],"player_experience":1422039,"relics_obtained":[{"floor":6,"key":"Ornamental Fan"},{"floor":9,"key":"TeardropLocket"},{"floor":10,"key":"Bag of Marbles"},{"floor":12,"key":"Smiling Mask"},{"floor":14,"key":"Thread and Needle"}],"event_choices":[{"damage_healed":0.0,"max_hp_gain":0.0,"max_hp_loss":0.0,"gold_gain":0.0,"event_name":"FaceTrader","player_choice":"Trade","floor":2.0,"gold_loss":0.0,"damage_taken":0.0,"relics_obtained":["CultistMask"]},{"damage_healed":0,"gold_gain":30,"player_choice":"Searched \u00273\u0027 times","damage_taken":0,"max_hp_gain":0,"max_hp_loss":0,"event_name":"Dead Adventurer","floor":14,"gold_loss":0},{"damage_healed":0,"gold_gain":0,"player_choice":"Fought Bandits","damage_taken":0,"max_hp_gain":0,"max_hp_loss":0,"event_name":"Masked Bandits","floor":19,"gold_loss":0}],"is_beta":false,"boss_relics":[{"not_picked":["Sozu","Empty Cage"],"picked":"SlaversCollar"}],"items_purged_floors":[],"is_endless":false,"potions_floor_spawned":[1,3,5,10,12],"killed_by":"Masked Bandits","ascension_level":18}}