{"host":"drjz7zl15rqtgg20","time":1612233524,"event":{"mods":["BaseMod","Colored Map","Downfall","Minty Spire (QoL Compilation)","StSLib"],"gold_per_floor":[99,117,132,152,62,62,62,93,111,111,129,229,37,37,47,47,47,47],"floor_reached":16,"language":"ENG","playtime":919,"items_purged":["champ:Defend","champ:Strike"],"score":127,"play_id":"110d7a00-a785-4bef-b6c9-8d4e4e48f042","local_time":"20210201213844","is_ascension_mode":false,"campfire_choices":[{"floor":1,"key":"RECALL"},{"data":"champ:Circumvent","floor":6,"key":"SMITH"}],"circlet_count":0,"master_deck":["champ:Strike","champ:Strike","champ:Strike","champ:Defend","champ:Defend","champ:Defend","champ:Execute","champ:Taunt","champ:Circumvent+1","champ:DefensiveShout","champ:FanOfKnives","champ:AdrenalArmor","champ:PreciseThrust","champ:IronFortress","champ:CheapShot","champ:ShieldWall"],"relics":["champ:ChampionCrown","Mercury Hourglass","Pear"],"acts_visited":["Exordium"],"potions_floor_usage":[],"damage_taken":[{"damage":20,"enemies":"Cultist","floor":2,"turns":3},{"damage":15,"enemies":"Small Slimes","floor":3,"turns":4},{"damage":20,"enemies":"Jaw Worm","floor":4,"turns":3},{"damage":15,"enemies":"downfall:FleeingMerchant","floor":5,"turns":4},{"damage":67,"enemies":"Gremlin Nob","floor":8,"turns":6},{"damage":17,"enemies":"Blue Slaver","floor":9,"turns":3},{"damage":13,"enemies":"Red Slaver","floor":11,"turns":4},{"damage":20,"enemies":"downfall:FleeingMerchant","floor":13,"turns":4},{"damage":1,"enemies":"2 Fungi Beasts","floor":15,"turns":3},{"damage":58,"enemies":"WA_ARCHETYPE_RETAIN","floor":16,"turns":9}],"seed_played":"3480506559655953029","potions_obtained":[{"floor":4,"key":"LiquidBronze"},{"floor":8,"key":"Guardian:BlockOnCardUsePotion"},{"floor":15,"key":"Weak Potion"}],"is_trial":false,"path_per_floor":["R","M","M","M","$","R","T","E","M","T","M","?","$","?","M","B"],"character_chosen":"THE_CHAMP","items_purchased":["champ:ShieldWall"],"campfire_rested":0,"item_purchase_floors":[13],"current_hp_per_floor":[99,99,94,94,94,94,94,37,30,40,37,37,37,42,41,3,3,3],"gold":47,"neow_bonus":"TEN_PERCENT_HP_BONUS","is_daily":false,"chose_seed":false,"campfire_upgraded":1,"win_rate":0.0,"timestamp":1612233524,"path_taken":["R","M","M","M","?","R","T","E","M","?","M","?","$","?","M","BOSS"],"items_purchased_type":["Card"],"build_version":"2020-12-22","purchased_purges":2,"victory":false,"max_hp_per_floor":[99,99,99,99,99,99,99,99,99,109,109,109,109,114,114,114,114,114],"card_choices":[{"not_picked":["champ:Shatter","champ:HeartStrike"],"picked":"champ:Circumvent","floor":2},{"not_picked":["champ:TornadoPunch","champ:StanceDance"],"picked":"champ:DefensiveShout","floor":3},{"not_picked":["champ:FlashCut","champ:HeartStrike"],"picked":"champ:FanOfKnives","floor":4},{"not_picked":["champ:FalseCounter","champ:EndlessRage"],"picked":"champ:AdrenalArmor","floor":5},{"not_picked":["champ:CrownThrow","champ:AdrenalArmor"],"picked":"champ:PreciseThrust","floor":8},{"not_picked":["champ:EnGarde","champ:ArenaPreparation"],"picked":"champ:IronFortress","floor":9},{"not_picked":["champ:RecklessLeap","champ:StanceDance","champ:GutPunch"],"picked":"SKIP","floor":11},{"not_picked":["champ:Backstep","champ:AdrenalArmor"],"picked":"champ:CheapShot","floor":13},{"not_picked":["champ:EndlessRage","champ:BringItOn","champ:TornadoPunch"],"picked":"SKIP","floor":15}],"player_experience":639840,"relics_obtained":[{"floor":8,"key":"Mercury Hourglass"},{"floor":10,"key":"Pear"}],"event_choices":[{"damage_healed":0,"gold_gain":0,"player_choice":"Donut","damage_taken":0,"max_hp_gain":5,"max_hp_loss":0,"event_name":"Big Fish","floor":14,"gold_loss":0}],"is_beta":false,"boss_relics":[],"items_purged_floors":[5,13],"is_endless":false,"potions_floor_spawned":[4,8,15],"killed_by":"WA_ARCHETYPE_RETAIN","ascension_level":0}}