{"host":"9d9dhukr2jywmy0f","time":1612299362,"event":{"mods":["2.2 Compatiblity","Alarm Clock","BaseMod","Bestiary","Block Reminder","Colored Map","Colored Powertips","Curses Come First","DeckTracker","Energized Spire","Highlight Path","Key Reminder","Minty Spire (QoL Compilation)","Quick Restart","Rare Cards Sparkle","Relic Sorter","Relic Stats","Reliquary","Spire Birthday Party","StSLib","SuperFastMode","Synergy Search","Unceasing Turn Reminder","Unknown Chances"],"gold_per_floor":[113,163,3,3,22,47,47,59,85,85,85,98,111,129,129,129,129],"floor_reached":16,"language":"ZHS","playtime":508,"items_purged":["Defend_P"],"score":254,"play_id":"03fd4bfe-8ff9-4844-a609-574ea1f457e7","local_time":"20210203045602","is_ascension_mode":true,"campfire_choices":[{"data":"Eruption","floor":7,"key":"SMITH"},{"data":"ForeignInfluence","floor":11,"key":"SMITH"},{"data":"BowlingBash","floor":15,"key":"SMITH"}],"circlet_count":0,"master_deck":["AscendersBane","Strike_P","Strike_P","Strike_P","Strike_P","Defend_P","Defend_P","Defend_P","Eruption+1","Vigilance","ForeignInfluence+1","Adaptation","ClearTheMind","InnerPeace","BowlingBash+1","Prostrate"],"relics":["PureWater","NeowsBlessing","Strawberry","WingedGreaves","keyreminder:keyreminder","Blood Vial","Golden Idol"],"acts_visited":["Exordium"],"potions_floor_usage":[16],"damage_taken":[{"damage":0,"enemies":"Small Slimes","floor":1,"turns":1},{"damage":0,"enemies":"Cultist","floor":5,"turns":1},{"damage":0,"enemies":"Gremlin Nob","floor":6,"turns":1},{"damage":0,"enemies":"2 Louse","floor":8,"turns":2},{"damage":6,"enemies":"Red Slaver","floor":12,"turns":4},{"damage":2,"enemies":"Large Slime","floor":13,"turns":4},{"damage":7,"enemies":"Looter","floor":14,"turns":3},{"damage":38,"enemies":"The Guardian","floor":16,"turns":10}],"seed_played":"5669717878245696459","potions_obtained":[{"floor":1,"key":"GamblersBrew"},{"floor":5,"key":"Dexterity Potion"},{"floor":13,"key":"SkillPotion"}],"is_trial":false,"path_per_floor":["M","?","$","?","M","E","R","M","T","?","R","M","M","M","R","B"],"character_chosen":"WATCHER","items_purchased":["Adaptation"],"campfire_rested":0,"item_purchase_floors":[3],"current_hp_per_floor":[61,61,61,50,50,50,50,50,50,50,50,46,46,41,41,5,5],"gold":129,"neow_bonus":"THREE_ENEMY_KILL","is_daily":false,"chose_seed":false,"campfire_upgraded":3,"win_rate":0.0,"timestamp":1612299362,"path_taken":["M","?","?","?","M","E","R","M","T","?","R","M","M","M","R","BOSS"],"items_purchased_type":["Card"],"build_version":"2020-12-22","purchased_purges":1,"victory":false,"max_hp_per_floor":[68,68,68,75,75,75,75,75,75,68,68,68,68,68,68,68,68],"relic_stats":{"Blood Vial":8,"counters":[8,26],"Golden Idol":10,"obtain_stats":[{"keyreminder:keyreminder":6,"Blood Vial":9,"NeowsBlessing":0,"Golden Idol":10,"Strawberry":4,"WingedGreaves":6,"PureWater":0},{"keyreminder:keyreminder":3,"Blood Vial":4,"NeowsBlessing":0,"Golden Idol":4,"Strawberry":1,"WingedGreaves":3,"PureWater":0},{"keyreminder:keyreminder":3,"Blood Vial":5,"NeowsBlessing":0,"Golden Idol":5,"Strawberry":1,"WingedGreaves":3,"PureWater":0}]},"card_choices":[{"not_picked":["DeceiveReality","PathToVictory"],"picked":"ForeignInfluence","floor":1},{"not_picked":["Consecrate","Protect"],"picked":"ClearTheMind","floor":5},{"not_picked":["Prostrate","FlurryOfBlows"],"picked":"InnerPeace","floor":6},{"not_picked":["SashWhip","Weave","Evaluate"],"picked":"SKIP","floor":8},{"not_picked":["FollowUp","SandsOfTime"],"picked":"BowlingBash","floor":12},{"not_picked":["Wireheading","Ragnarok","Consecrate"],"picked":"SKIP","floor":13},{"not_picked":["SashWhip","Halt"],"picked":"Prostrate","floor":14}],"player_experience":875286,"relics_obtained":[{"floor":6,"key":"WingedGreaves"},{"floor":9,"key":"Blood Vial"}],"event_choices":[{"damage_healed":0,"gold_gain":50,"player_choice":"Pray","damage_taken":0,"max_hp_gain":0,"max_hp_loss":0,"event_name":"Golden Shrine","floor":2,"gold_loss":0},{"damage_healed":0,"gold_gain":0,"player_choice":"Success","damage_taken":18,"relics_obtained":["Strawberry"],"max_hp_gain":0,"max_hp_loss":0,"event_name":"Scrap Ooze","floor":4,"gold_loss":0},{"damage_healed":0,"gold_gain":0,"player_choice":"Lose Max HP","damage_taken":0,"relics_obtained":["Golden Idol"],"max_hp_gain":0,"max_hp_loss":7,"event_name":"Golden Idol","floor":10,"gold_loss":0}],"is_beta":false,"boss_relics":[],"items_purged_floors":[3],"is_endless":false,"potions_floor_spawned":[1,5,12,13],"killed_by":"The Guardian","ascension_level":20}}