{"host":"eemx8njkng76fu5x","time":1612298878,"event":{"mods":["2.2 Compatiblity","BaseMod","Colored Map","Downfall","Minty Spire (QoL Compilation)","Permanent Neow","StSLib","Unceasing Turn Reminder","Unknown Chances"],"gold_per_floor":[99,113,123,135,153,167,220,220,233,233,243,261,161,196,214,214,214,214],"floor_reached":16,"language":"ENG","playtime":942,"items_purged":[],"score":193,"play_id":"bd944dff-64b3-4373-84db-8798cd4be5ed","local_time":"20210203044758","is_ascension_mode":true,"campfire_choices":[{"data":"Guardian:CurlUp","floor":1.0,"key":"SMITH"},{"floor":10.0,"key":"RECALL"},{"data":"Guardian:FuturePlans","floor":13.0,"key":"SMITH"}],"circlet_count":0,"master_deck":["Guardian:Strike_Guardian","Guardian:Strike_Guardian","Guardian:Strike_Guardian","Guardian:Strike_Guardian","Guardian:Defend_Guardian","Guardian:Defend_Guardian","Guardian:Defend_Guardian","Guardian:Defend_Guardian","Guardian:CurlUp+1","Guardian:TwinSlam","Finesse","Guardian:TemporalShield","Guardian:Recover","Guardian:ShieldSpikes+1","Guardian:TemporalStrike","Guardian:FuturePlans+1","Guardian:TimeBomb"],"relics":["Guardian:ModeShifter","Bag of Marbles","downfall:HeartBlessingRed","Bottled Flame"],"acts_visited":["Exordium"],"potions_floor_usage":[16,16],"damage_taken":[{"damage":0.0,"enemies":"2 Louse","floor":2.0,"turns":4.0},{"damage":1.0,"enemies":"Cultist","floor":3.0,"turns":4.0},{"damage":0.0,"enemies":"Small Slimes","floor":4.0,"turns":6.0},{"damage":0.0,"enemies":"Exordium Wildlife","floor":5.0,"turns":4.0},{"damage":6.0,"enemies":"2 Fungi Beasts","floor":6.0,"turns":6.0},{"damage":7.0,"enemies":"Lots of Slimes","floor":9.0,"turns":8.0},{"damage":0.0,"enemies":"3 Louse","floor":11.0,"turns":4.0},{"damage":3.0,"enemies":"Blue Slaver","floor":12.0,"turns":6.0},{"damage":0,"enemies":"Lagavulin","floor":14,"turns":8},{"damage":3,"enemies":"3 Louse","floor":15,"turns":4},{"damage":34,"enemies":"WA_ARCHETYPE_RETAIN","floor":16,"turns":11}],"seed_played":"-4338731451390653907","potions_obtained":[{"floor":3.0,"key":"LiquidBronze"},{"floor":4.0,"key":"BlessingOfTheForge"},{"floor":9.0,"key":"BlessingOfTheForge"},{"floor":12.0,"key":"Energy Potion"},{"floor":14,"key":"Explosive Potion"}],"is_trial":false,"path_per_floor":["R","M","M","M","M","M","T","?","M","R","M","M","R","E","M","B"],"character_chosen":"GUARDIAN","items_purchased":[],"campfire_rested":0,"item_purchase_floors":[],"current_hp_per_floor":[72,72,71,71,71,65,65,65,58,58,58,55,55,55,52,18,18,18],"gold":214,"neow_bonus":"RANDOM_COLORLESS","is_daily":false,"chose_seed":false,"campfire_upgraded":2,"win_rate":0.0,"timestamp":1612298878,"path_taken":["R","M","M","M","M","M","T","?","M","R","M","M","R","E","M","BOSS"],"items_purchased_type":[],"build_version":"2020-12-22","purchased_purges":0,"victory":false,"max_hp_per_floor":[80,80,80,80,80,80,80,80,80,80,80,80,80,80,80,80,80,80],"card_choices":[{"not_picked":["Dramatic Entrance","Trip"],"picked":"Finesse","floor":0.0},{"not_picked":["Guardian:ShieldCharger","Guardian:PrismaticBeam"],"picked":"Guardian:TemporalShield","floor":2.0},{"not_picked":["Guardian:TemporalStrike","Guardian:Gem_Cyan"],"picked":"Guardian:Recover","floor":3.0},{"not_picked":["Guardian:BronzeArmor","Guardian:Reroute"],"picked":"Guardian:ShieldSpikes","floor":4.0},{"not_picked":["Guardian:Gem_Cyan","Guardian:TemporalStrike","Guardian:Incinerate"],"picked":"SKIP","floor":5.0},{"not_picked":["Guardian:PrismaticBeam","Guardian:Gem_Green","Guardian:Incinerate"],"picked":"SKIP","floor":6.0},{"not_picked":["Guardian:BronzeArmor","Guardian:Repulse"],"picked":"Guardian:TemporalStrike","floor":9.0},{"not_picked":["Guardian:PrimingBeam","Guardian:VentSteam"],"picked":"Guardian:Gem_Lightblue","floor":11.0},{"not_picked":["Guardian:BodySlam","Guardian:BronzeArmor"],"picked":"Guardian:FuturePlans","floor":12.0},{"not_picked":["Guardian:Incinerate","Guardian:ChargeCore","Guardian:HyperBeam_Guardian"],"picked":"SKIP","floor":14},{"not_picked":["Guardian:Clone","Guardian:Harden"],"picked":"Guardian:TimeBomb","floor":15}],"player_experience":531008,"relics_obtained":[{"floor":7.0,"key":"Bag of Marbles"},{"floor":14,"key":"Bottled Flame"}],"event_choices":[],"is_beta":false,"boss_relics":[],"items_purged_floors":[],"is_endless":false,"potions_floor_spawned":[3,4,9,12,14,15],"killed_by":"WA_ARCHETYPE_RETAIN","ascension_level":9}}