{"host":"nyffms3wv8okr3l3","time":1612292329,"event":{"mods":["Astrologer","Bard","BaseMod","Beaked The Cultist","Bestiary","BetterRewards","Colored Powertips","Downfall","Fiend Mod","Gremlin Mod","Hermit","Hubris","Hunter ??","Infinite Spire","Marisa????????","Minty Spire (QoL Compilation)","Replay The Spire","SOS???????","StSLib","Synergy Search","The Forsaken"],"gold_per_floor":[114,132,132,132,132,132,151,151,151,151,170,195,215,228,228,327,377,302,302,314,314,314],"floor_reached":21,"language":"ENG","playtime":1368,"items_purged":[],"score":179,"play_id":"04602d92-4f22-4846-8572-da182d76e012","local_time":"20210202165849","is_ascension_mode":false,"campfire_choices":[{"data":"Poisoned Stab","floor":6,"key":"SMITH"},{"floor":8,"key":"REST"},{"floor":15,"key":"REST"}],"circlet_count":0,"master_deck":["Strike_G","Strike_G","Strike_G","Strike_G","Defend_G","Defend_G","Defend_G","Defend_G","Defend_G+1","Survivor","Neutralize+1","Doppelganger","Deadly Poison+1","Underhanded Strike","Poisoned Stab+1","Underhanded Strike","Wraith Form v2","Sucker Punch","hubris:DuctTapeCard","Bane","Catalyst","Bouncing Flask","infinitespire:Neurotoxin","Dodge and Roll","PiercingWail+1","Phantasmal Killer"],"relics":["Ring of the Snake","Quantum Egg","hubris:DuctTape","Tiny House"],"acts_visited":["Exordium","TheCity"],"potions_floor_usage":[16,21],"damage_taken":[{"damage":3,"enemies":"Jaw Worm","floor":1,"turns":6},{"damage":3,"enemies":"2 Louse","floor":2,"turns":4},{"damage":0,"enemies":"Small Slimes","floor":7,"turns":2},{"damage":0,"enemies":"3 Louse","floor":11,"turns":2},{"damage":18,"enemies":"Lagavulin","floor":12,"turns":6},{"damage":15,"enemies":"Gremlin Gang","floor":13,"turns":5},{"damage":9,"enemies":"Red Slaver","floor":14,"turns":2},{"damage":19,"enemies":"The Guardian","floor":16,"turns":7},{"damage":28,"enemies":"2 Thieves","floor":18,"turns":5},{"damage":19,"enemies":"3 Byrds","floor":20,"turns":7},{"damage":29,"enemies":"Centurion and Healer","floor":21,"turns":10}],"seed_played":"-8904961235135989518","potions_obtained":[{"floor":2,"key":"Languid Potion"},{"floor":11,"key":"GhostInAJar"},{"floor":13,"key":"Elixir"},{"floor":16,"key":"Dexterity Potion"}],"is_trial":false,"path_per_floor":["M","M","?","?","?","R","M","R","T","?","M","E","M","M","R","B",null,"M","?","M","M"],"character_chosen":"THE_SILENT","items_purchased":[],"campfire_rested":2,"item_purchase_floors":[],"current_hp_per_floor":[67,64,64,64,50,50,50,70,70,70,70,52,37,28,49,30,75,47,47,28,0,0],"gold":314,"neow_bonus":"ONE_RANDOM_RARE_CARD","is_daily":false,"chose_seed":false,"campfire_upgraded":1,"win_rate":0.0,"timestamp":1612292329,"path_taken":["M","M","?","?","?","R","M","R","T","?","?","E","M","M","R","BOSS","M","?","?","M"],"items_purchased_type":[],"build_version":"2020-12-22","purchased_purges":0,"victory":false,"max_hp_per_floor":[70,70,70,70,70,70,70,70,70,70,70,70,70,70,70,70,75,75,75,75,75,75],"card_choices":[{"not_picked":["Dodge and Roll","Caltrops"],"picked":"Deadly Poison","floor":1},{"not_picked":["Blur","hubris:Sniper"],"picked":"Underhanded Strike","floor":2},{"not_picked":["Deflect","Sneak Up"],"picked":"Dagger Spray","floor":7},{"not_picked":["Prepared","Dodge and Roll"],"picked":"Sucker Punch","floor":11},{"not_picked":["Underhanded Strike","Blade Dance"],"picked":"Bane","floor":12},{"not_picked":["Phantasmal Killer","Bane"],"picked":"Catalyst","floor":13},{"not_picked":["Reflex","Endless Agony"],"picked":"Bouncing Flask","floor":14},{"not_picked":["Adrenaline","Burst"],"picked":"infinitespire:Neurotoxin","floor":16},{"not_picked":["Prepared","Escape Plan"],"picked":"Dodge and Roll","floor":17},{"not_picked":["Draining Mist","ReplayTheSpireMod:Scrap Shanks+1"],"picked":"PiercingWail+1","floor":18},{"not_picked":["Fluid Movement+1","Skewer"],"picked":"Phantasmal Killer","floor":20}],"player_experience":62355,"relics_obtained":[{"floor":9,"key":"Quantum Egg"},{"floor":12,"key":"hubris:DuctTape"}],"event_choices":[{"damage_healed":0,"gold_gain":0,"player_choice":"Grow","damage_taken":0,"max_hp_gain":0,"max_hp_loss":0,"event_name":"Living Wall","floor":3,"gold_loss":0,"cards_upgraded":["Deadly Poison"]},{"damage_healed":0,"gold_gain":0,"player_choice":"Entered Light","damage_taken":14,"max_hp_gain":0,"max_hp_loss":0,"event_name":"Shining Light","floor":5,"gold_loss":0,"cards_upgraded":["Strike_G","Neutralize"]},{"damage_healed":0,"gold_gain":0,"player_choice":"2 cards matched","damage_taken":0,"max_hp_gain":0,"max_hp_loss":0,"event_name":"Match and Keep!","floor":10,"gold_loss":0,"cards_obtained":["Underhanded Strike","Wraith Form v2"]},{"damage_healed":0,"gold_gain":0,"player_choice":"Bought 0 Potions","damage_taken":0,"max_hp_gain":0,"max_hp_loss":0,"event_name":"The Woman in Blue","floor":19,"gold_loss":0}],"is_beta":false,"boss_relics":[{"not_picked":["Coffee Dripper","Philosopher\u0027s Stone"],"picked":"Tiny House"}],"items_purged_floors":[],"is_endless":false,"potions_floor_spawned":[2,11,13,16,20],"killed_by":"Centurion and Healer","ascension_level":0}}