{"host":"Bilverbakes","time":1612307871,"event":{"mods":["2.2 Compatiblity","AchievementEnabler","BaseMod","Bestiary","Colored Map","Minty Spire (QoL Compilation)","Relic Stats","StSLib","ojb\u0027s Info Mod"],"gold_per_floor":[110,110,130,47,60,89,89,115,140,160,160,179,179,193,193,289,289,299,344,21,71,85,116,180,239,265,265,335,391,311,345,345,416,416,490,490,209,282,282,351,351,399,399,399,3,22,49,122,122,122,152,152,152,15,46,46],"floor_reached":57,"language":"ENG","playtime":4808,"items_purged":["Strike_P","Strike_P"],"score":3023,"play_id":"aa432243-e72e-4fc9-8785-e961dce3efa9","local_time":"20210202171751","is_ascension_mode":true,"campfire_choices":[{"data":"SashWhip","floor":7.0,"key":"SMITH"},{"data":"TalkToTheHand","floor":11.0,"key":"SMITH"},{"data":"Blasphemy","floor":15.0,"key":"SMITH"},{"data":"Wish","floor":27.0,"key":"SMITH"},{"data":"Tantrum","floor":32.0,"key":"SMITH"},{"floor":41.0,"key":"RECALL"},{"data":"Wish","floor":44.0,"key":"SMITH"},{"data":"Pray","floor":49.0,"key":"SMITH"}],"circlet_count":0,"master_deck":["AscendersBane","Strike_P+1","Defend_P+1","Defend_P+1","Defend_P+1","Eruption+1","Vigilance+1","Pray+1","SashWhip+1","Tantrum+1","ThirdEye+1","Wish+1","DeusExMachina+1","TalkToTheHand+1","CutThroughFate+1","Wish+1","Blasphemy+1","LessonLearned+1","EmptyFist+1","DeceiveReality+1","TalkToTheHand+1","Wallop+1","MentalFortress+1","EmptyFist+1","Sanctity+1","Prostrate+1","Conclude+1","DeceiveReality+1","InnerPeace+1","JustLucky+1","Halt"],"relics":["Empty Cage","PreservedInsect","Nunchaku","Bag of Preparation","War Paint","Coffee Dripper","Melange","The Courier","Lantern","Potion Belt","Blue Candle","Yang","Runic Pyramid","White Beast Statue","Gambling Chip","ClockworkSouvenir","Anchor","Bronze Scales","Ginger"],"acts_visited":["Exordium","TheCity","TheBeyond","TheEnding"],"potions_floor_usage":[56,56],"damage_taken":[{"damage":3.0,"enemies":"2 Louse","floor":1.0,"turns":4.0},{"damage":4.0,"enemies":"Cultist","floor":3.0,"turns":4.0},{"damage":5.0,"enemies":"Small Slimes","floor":5.0,"turns":4.0},{"damage":12.0,"enemies":"3 Sentries","floor":6.0,"turns":4.0},{"damage":0.0,"enemies":"Lagavulin","floor":8.0,"turns":3.0},{"damage":0.0,"enemies":"Looter","floor":10.0,"turns":2.0},{"damage":0.0,"enemies":"Large Slime","floor":12.0,"turns":2.0},{"damage":0.0,"enemies":"2 Fungi Beasts","floor":14.0,"turns":3.0},{"damage":6.0,"enemies":"Hexaghost","floor":16.0,"turns":8.0},{"damage":1.0,"enemies":"Shell Parasite","floor":18.0,"turns":2.0},{"damage":12.0,"enemies":"Spheric Guardian","floor":19.0,"turns":6.0},{"damage":1.0,"enemies":"Snake Plant","floor":22.0,"turns":3.0},{"damage":0.0,"enemies":"Book of Stabbing","floor":23.0,"turns":2.0},{"damage":12.0,"enemies":"Shelled Parasite and Fungi","floor":24.0,"turns":9.0},{"damage":0.0,"enemies":"Gremlin Leader","floor":25.0,"turns":5.0},{"damage":0.0,"enemies":"Centurion and Healer","floor":28.0,"turns":6.0},{"damage":2.0,"enemies":"Slavers","floor":29.0,"turns":9.0},{"damage":5.0,"enemies":"Book of Stabbing","floor":31.0,"turns":4.0},{"damage":17.0,"enemies":"Collector","floor":33.0,"turns":9.0},{"damage":0.0,"enemies":"3 Shapes","floor":35.0,"turns":4.0},{"damage":0.0,"enemies":"Orb Walker","floor":38.0,"turns":4.0},{"damage":4.0,"enemies":"4 Shapes","floor":40.0,"turns":3.0},{"damage":0.0,"enemies":"Sphere and 2 Shapes","floor":42.0,"turns":4.0},{"damage":0.0,"enemies":"3 Darklings","floor":46.0,"turns":1.0},{"damage":0.0,"enemies":"Giant Head","floor":47.0,"turns":5.0},{"damage":0.0,"enemies":"4 Shapes","floor":48.0,"turns":3.0},{"damage":14.0,"enemies":"Time Eater","floor":50.0,"turns":13.0},{"damage":0.0,"enemies":"Donu and Deca","floor":51.0,"turns":9.0},{"damage":0.0,"enemies":"Shield and Spear","floor":55.0,"turns":5.0},{"damage":44,"enemies":"The Heart","floor":56,"turns":10}],"seed_played":"-3517854657238581389","potions_obtained":[{"floor":5.0,"key":"Dexterity Potion"},{"floor":8.0,"key":"BlessingOfTheForge"},{"floor":10.0,"key":"Swift Potion"},{"floor":22.0,"key":"PowerPotion"},{"floor":24.0,"key":"Swift Potion"},{"floor":25.0,"key":"SmokeBomb"},{"floor":28.0,"key":"Regen Potion"},{"floor":31.0,"key":"BlessingOfTheForge"},{"floor":38.0,"key":"GamblersBrew"},{"floor":40.0,"key":"StancePotion"},{"floor":42.0,"key":"DistilledChaos"},{"floor":46.0,"key":"EssenceOfSteel"},{"floor":47.0,"key":"Regen Potion"},{"floor":48.0,"key":"Strength Potion"},{"floor":55.0,"key":"Strength Potion"}],"is_trial":false,"path_per_floor":["M","?","M","$","M","E","R","E","T","M","R","M","?","M","R","B",null,"M","M","$","?","M","E","M","E","T","R","M","E","$","E","R","B",null,"M","?","$","M","$","M","R","M","T","R","$","M","E","M","R","B","B",null,"R","$","E","B",null],"character_chosen":"WATCHER","items_purchased":["Tantrum","TalkToTheHand","Melange","White Beast Statue","InnerPeace","Gambling Chip","ClockworkSouvenir","Bronze Scales"],"campfire_rested":0,"item_purchase_floors":[4,20,20,37,37,45,45,54],"current_hp_per_floor":[58,47,43,43,38,26,26,26,26,26,26,26,26,26,26,20,56,55,43,43,43,42,42,30,30,30,30,30,43,43,38,38,21,56,56,56,56,56,56,52,52,52,52,52,52,52,52,52,52,53,53,64,64,64,64,20],"gold":46,"neow_bonus":"BOSS_RELIC","is_daily":false,"chose_seed":false,"campfire_upgraded":7,"win_rate":0.0,"timestamp":1612307871,"path_taken":["M","?","M","$","M","E","R","E","T","M","R","M","?","M","R","BOSS","M","?","$","?","M","E","M","E","T","R","M","E","$","E","R","BOSS","M","?","$","M","$","M","R","M","T","R","$","M","E","M","R","BOSS","BOSS","R","$","E","BOSS"],"items_purchased_type":["Card","Card","Relic","Relic","Card","Relic","Relic","Relic"],"build_version":"2020-12-18","purchased_purges":2,"victory":true,"max_hp_per_floor":[68,68,68,68,68,68,68,68,68,68,68,68,68,68,68,68,68,68,68,68,68,68,68,68,68,68,68,68,68,68,68,68,68,68,68,68,68,68,68,68,68,68,68,68,68,68,68,68,68,68,68,68,68,68,68,68],"relic_stats":{"Nunchaku":[26],"counters":[30,150],"Blue Candle":[0],"Gambling Chip":[29],"Bronze Scales":[150],"Melange":[51],"Yang":[149],"PreservedInsect":449,"Bag of Preparation":[53],"Ginger":[2],"War Paint":["Defend_P","ThirdEye"],"obtain_stats":[{"Potion Belt":26,"Lantern":25,"Blue Candle":29,"Melange":20,"Yang":31,"PreservedInsect":2,"The Courier":23,"Bag of Preparation":8,"Ginger":55,"War Paint":9,"Empty Cage":0,"White Beast Statue":37,"ClockworkSouvenir":45,"Nunchaku":6,"Anchor":47,"Gambling Chip":45,"Bronze Scales":54,"Coffee Dripper":17,"PureWater":0,"Runic Pyramid":34},{"Potion Belt":15,"Lantern":15,"Blue Candle":17,"Melange":11,"Yang":18,"PreservedInsect":1,"The Courier":13,"Bag of Preparation":5,"Ginger":29,"War Paint":5,"Empty Cage":0,"White Beast Statue":20,"ClockworkSouvenir":23,"Nunchaku":4,"Anchor":25,"Gambling Chip":23,"Bronze Scales":28,"Coffee Dripper":9,"PureWater":0,"Runic Pyramid":19},{"Potion Belt":61,"Lantern":61,"Blue Candle":76,"Melange":42,"Yang":80,"PreservedInsect":4,"The Courier":47,"Bag of Preparation":19,"Ginger":140,"War Paint":19,"Empty Cage":0,"White Beast Statue":93,"ClockworkSouvenir":104,"Nunchaku":16,"Anchor":110,"Gambling Chip":104,"Bronze Scales":135,"Coffee Dripper":34,"PureWater":0,"Runic Pyramid":89}]},"card_choices":[{"not_picked":["ClearTheMind","FlurryOfBlows"],"picked":"Pray","floor":1.0},{"not_picked":["WaveOfTheHand","Crescendo"],"picked":"SashWhip","floor":3.0},{"not_picked":["Prostrate","EmptyBody"],"picked":"ThirdEye","floor":5.0},{"not_picked":["Sanctity","FlyingSleeves"],"picked":"Wish","floor":6.0},{"not_picked":["Evaluate","Swivel"],"picked":"DeusExMachina","floor":8.0},{"not_picked":["Crescendo","FollowUp"],"picked":"TalkToTheHand","floor":10.0},{"not_picked":["Prostrate","EmptyBody"],"picked":"CutThroughFate","floor":12.0},{"not_picked":["FlyingSleeves","Halt"],"picked":"Blasphemy","floor":14.0},{"not_picked":["DeusExMachina","Establishment"],"picked":"LessonLearned","floor":16.0},{"not_picked":["Indignation","SignatureMove"],"picked":"EmptyFist","floor":18.0},{"not_picked":["WaveOfTheHand","SashWhip"],"picked":"DeceiveReality","floor":19.0},{"not_picked":["ClearTheMind","CutThroughFate"],"picked":"Wallop","floor":22.0},{"not_picked":["TalkToTheHand","Nirvana"],"picked":"MentalFortress+1","floor":23.0},{"not_picked":["Pray","SashWhip"],"picked":"EmptyFist","floor":24.0},{"not_picked":["Swivel+1","Halt"],"picked":"Sanctity","floor":25.0},{"not_picked":["JustLucky","WreathOfFlame"],"picked":"Wireheading","floor":28.0},{"not_picked":["SashWhip","WindmillStrike+1"],"picked":"Prostrate","floor":29.0},{"not_picked":["WreathOfFlame","SashWhip"],"picked":"Conclude+1","floor":31.0},{"not_picked":["ReachHeaven","EmptyBody"],"picked":"DeceiveReality+1","floor":35.0},{"not_picked":["FlyingSleeves","Protect+1","WindmillStrike+1"],"picked":"SKIP","floor":38.0},{"not_picked":["Perseverance","InnerPeace","ThirdEye"],"picked":"SKIP","floor":40.0},{"not_picked":["FlyingSleeves","JustLucky","SashWhip"],"picked":"SKIP","floor":42.0},{"not_picked":["WreathOfFlame","Prostrate","DeceiveReality+1"],"picked":"SKIP","floor":46.0},{"not_picked":["ThirdEye","Protect"],"picked":"JustLucky+1","floor":47.0},{"not_picked":["Alpha","JustLucky","Adaptation+1"],"picked":"SKIP","floor":48.0},{"not_picked":["PathToVictory","ClearTheMind"],"picked":"Halt","floor":55.0}],"player_experience":873195,"relics_obtained":[{"floor":6.0,"key":"Nunchaku"},{"floor":8.0,"key":"Bag of Preparation"},{"floor":9.0,"key":"War Paint"},{"floor":23.0,"key":"The Courier"},{"floor":25.0,"key":"Lantern"},{"floor":26.0,"key":"Potion Belt"},{"floor":29.0,"key":"Blue Candle"},{"floor":31.0,"key":"Yang"},{"floor":47.0,"key":"Anchor"},{"floor":55.0,"key":"Ginger"}],"event_choices":[{"damage_healed":0.0,"max_hp_gain":0.0,"max_hp_loss":0.0,"gold_gain":0.0,"event_name":"Scrap Ooze","player_choice":"Success","floor":2.0,"gold_loss":0.0,"damage_taken":11.0,"relics_obtained":["PreservedInsect"]},{"damage_healed":0.0,"max_hp_gain":0.0,"max_hp_loss":0.0,"gold_gain":0.0,"event_name":"Match and Keep!","player_choice":"1 cards matched","floor":13.0,"gold_loss":0.0,"damage_taken":0.0,"cards_obtained":["Wish"]},{"damage_healed":0.0,"max_hp_gain":0.0,"max_hp_loss":0.0,"gold_gain":50.0,"event_name":"Nest","player_choice":"Stole From Cult","floor":21.0,"gold_loss":0.0,"damage_taken":0.0},{"cards_removed":["Wireheading"],"damage_healed":0.0,"max_hp_gain":0.0,"max_hp_loss":0.0,"gold_gain":0.0,"event_name":"Falling","player_choice":"Removed Power","floor":36.0,"gold_loss":0.0,"damage_taken":0.0}],"is_beta":true,"boss_relics":[{"not_picked":["Calling Bell","Sozu"],"picked":"Coffee Dripper"},{"not_picked":["Philosopher\u0027s Stone","Cursed Key"],"picked":"Runic Pyramid"}],"items_purged_floors":[20,30],"is_endless":false,"potions_floor_spawned":[5,8,10,12,22,24,25,28,31,38,40,42,46,47,48,55],"ascension_level":20}}