{"host":"xltl1aroowo69o4n","time":1612283352,"event":{"mods":["BaseMod","Colored Map","Colored Powertips","Downfall","Minty Spire (QoL Compilation)","StSLib"],"gold_per_floor":[99,16,27,202,219,219,297,310,320,332,232,261,3,103,115,115,115,115],"floor_reached":16,"language":"ENG","playtime":1022,"items_purged":[],"score":102,"play_id":"cb03dfba-edaf-4fd8-ba7e-3063af572b7f","local_time":"20210202112912","is_ascension_mode":false,"campfire_choices":[{"data":"sneckomod:SnekBite","floor":1,"key":"SMITH"},{"floor":6,"key":"RECALL"},{"floor":11,"key":"REST"}],"circlet_count":0,"master_deck":["sneckomod:Strike","sneckomod:Strike","sneckomod:Strike","sneckomod:Defend","sneckomod:Defend","sneckomod:Defend","sneckomod:TailWhip","sneckomod:SnekBite+1","sneckomod:Unknown","sneckomod:Unknown","sneckomod:QuickMove","sneckomod:ImprovisedAttack","sneckomod:SnekBeam","Doubt","sneckomod:DiceCrush","sneckomod:SnakeSap","sneckomod:UnknownBoss","sneckomod:Nope","sneckomod:SerpentMind","sneckomod:RainOfDice","Dark Shackles","sneckomod:SnekBeam","sneckomod:DiceBlock"],"relics":["Sozu","Darkstone Periapt","downfall:HeartBlessingRed","Letter Opener","Blood Vial","downfall:CloakOfManyFaces","CultistMask","FaceOfCleric","NlothsMask","GremlinMask","SsserpentHead"],"acts_visited":["Exordium"],"potions_floor_usage":[],"damage_taken":[{"damage":0,"enemies":"downfall:FleeingMerchant","floor":2,"turns":4},{"damage":3,"enemies":"Small Slimes","floor":3,"turns":3},{"damage":6,"enemies":"Cultist","floor":5,"turns":3},{"damage":0,"enemies":"Jaw Worm","floor":8,"turns":3},{"damage":7,"enemies":"Large Slime","floor":9,"turns":7},{"damage":0,"enemies":"2 Fungi Beasts","floor":10,"turns":3},{"damage":14,"enemies":"Gremlin Nob","floor":12,"turns":3},{"damage":15,"enemies":"downfall:FleeingMerchant","floor":13,"turns":4},{"damage":38,"enemies":"downfall:FaceTrader","floor":14,"turns":10},{"damage":2,"enemies":"3 Louse","floor":15,"turns":3},{"damage":34,"enemies":"IC_STATUS_ARCHETYPE","floor":16,"turns":4}],"seed_played":"2631104328777439425","potions_obtained":[],"is_trial":false,"path_per_floor":["R","$","M","?","M","R","T","M","M","M","R","E","$","?","M","B"],"character_chosen":"THE_SNECKO","items_purchased":["sneckomod:ImprovisedAttack","Dark Shackles","Blood Vial"],"campfire_rested":1,"item_purchase_floors":[2,13,13],"current_hp_per_floor":[90,90,87,87,81,81,81,81,74,74,90,76,61,25,26,0,0,0],"gold":115,"neow_bonus":"BOSS_RELIC","is_daily":false,"chose_seed":false,"campfire_upgraded":1,"win_rate":0.0,"timestamp":1612283352,"path_taken":["R","$","M","?","M","R","T","M","M","M","R","E","$","?","M","BOSS"],"items_purchased_type":["Card","Card","Relic"],"build_version":"2020-12-13","purchased_purges":0,"victory":false,"max_hp_per_floor":[90,90,90,90,90,90,90,90,90,90,90,90,90,90,91,91,91,91],"card_choices":[{"not_picked":["sneckomod:UnknownUncommonAttack","sneckomod:QuickBite"],"picked":"sneckomod:QuickMove","floor":2},{"not_picked":["sneckomod:RainOfDice","sneckomod:UnknownVulnerable"],"picked":"sneckomod:SnekBeam","floor":3},{"not_picked":["sneckomod:PureSnecko","sneckomod:SoulDraw"],"picked":"sneckomod:DiceCrush","floor":5},{"not_picked":["sneckomod:QuickMove","sneckomod:QuickBite"],"picked":"sneckomod:SnakeSap","floor":8},{"not_picked":["sneckomod:SlitherStrike","sneckomod:WideSting"],"picked":"sneckomod:UnknownBoss","floor":9},{"not_picked":["sneckomod:WideSting","sneckomod:UnknownCommonSkill"],"picked":"sneckomod:Nope","floor":10},{"not_picked":["sneckomod:Unknown0Cost","sneckomod:SoulDraw"],"picked":"sneckomod:SerpentMind","floor":12},{"not_picked":["sneckomod:UnknownUncommonAttack","sneckomod:TrashToTreasure"],"picked":"sneckomod:RainOfDice","floor":13},{"not_picked":["sneckomod:SoulDraw","sneckomod:UnknownCommonAttack"],"picked":"sneckomod:SnekBeam","floor":14},{"not_picked":["sneckomod:SoulDraw","sneckomod:UnknownDraw"],"picked":"sneckomod:DiceBlock","floor":15}],"player_experience":99846,"relics_obtained":[{"floor":7,"key":"Darkstone Periapt"},{"floor":12,"key":"Letter Opener"},{"floor":14,"key":"downfall:CloakOfManyFaces"}],"event_choices":[],"is_beta":false,"boss_relics":[],"items_purged_floors":[],"is_endless":false,"potions_floor_spawned":[3,10,14],"killed_by":"IC_STATUS_ARCHETYPE","ascension_level":0}}