{"host":"0gq2f9xwdze0ceg1","time":1612294297,"event":{"mods":["BaseMod","Colored Powertips","Hermit","Marisa????????","Minty Spire (QoL Compilation)","StSLib","The Cursed","The Dragon Tamer"],"gold_per_floor":[115,115,131,142,162,162,192,192,218,247,326,36,47,47,47,146,146,166,178,18,18,18,18,36,36,36,70,70,70,70,85,85,182,182,201,201,249,249,16,16,16,16,39,73,85,97,97,110,110,110,110],"floor_reached":50,"language":"SPA","playtime":6797,"items_purged":[],"score":646,"play_id":"fd255c2f-31e0-472b-af37-dbc7673c63e2","local_time":"20210202163137","is_ascension_mode":false,"campfire_choices":[{"data":"TheCursedMod:CursedWand","floor":6.0,"key":"SMITH"},{"data":"TheCursedMod:HellfireBreathing","floor":8.0,"key":"SMITH"},{"data":"TheCursedMod:SpitefulPray","floor":15.0,"key":"SMITH"},{"floor":23.0,"key":"REST"},{"data":"TheCursedMod:Hemoplague","floor":25.0,"key":"SMITH"},{"data":"TheCursedMod:NeowsMight","floor":28.0,"key":"SMITH"},{"floor":30.0,"key":"REST"},{"data":"TheCursedMod:TroublousMinions","floor":32.0,"key":"SMITH"},{"data":"TheCursedMod:CursedArmor","floor":40,"key":"SMITH"},{"data":"TheCursedMod:StingEye","floor":42,"key":"SMITH"},{"floor":49,"key":"REST"}],"circlet_count":0,"master_deck":["TheCursedMod:Strike_TheCursed","TheCursedMod:Strike_TheCursed","TheCursedMod:Strike_TheCursed","TheCursedMod:Strike_TheCursed","TheCursedMod:Defend_TheCursed","TheCursedMod:Defend_TheCursed","TheCursedMod:Defend_TheCursed","TheCursedMod:Defend_TheCursed","TheCursedMod:CursedWand+1","TheCursedMod:CleanUpWorkshop","TheCursedMod:Dregs","TheCursedMod:SpitefulStrike","TheCursedMod:CursedBlade","TheCursedMod:HellfireBreathing+1","TheCursedMod:CursedBoomerang","TheCursedMod:Obscuration","TheCursedMod:ShockAndAwe","TheCursedMod:CursedArmor+1","TheCursedMod:LuckyCharm","TheCursedMod:SpitefulPray+1","TheCursedMod:OutForBlood","TheCursedMod:CircleOfFlame+1","TheCursedMod:TacticalStrike+1","TheCursedMod:TroublousMinions+1","TheCursedMod:Hemoplague+1","TheCursedMod:SoulReap+1","TheCursedMod:NeowsMight+1","TheCursedMod:Evocation+1","TheCursedMod:AntiAging","TheCursedMod:Torture+1","Master of Strategy","Writhe","TheCursedMod:StingEye+1","TheCursedMod:DemonSword","Wraith","Decay","TheCursedMod:SurpriseAttack+1","TheCursedMod:CursedShiv","TheCursedMod:CursedMace+1","Parasite","TheCursedMod:CircleOfFocus+1"],"relics":["TheCursedMod:BlackMagicAdvanced","Blood Vial","Centennial Puzzle","Toy Ornithopter","Pantograph","Lee\u0027s Waffle","Vajra","PreservedInsect","Cursed Key","Juzu Bracelet","Happy Flower","Letter Opener"],"acts_visited":["Exordium","TheCity","TheBeyond"],"potions_floor_usage":[48,50],"damage_taken":[{"damage":6.0,"enemies":"Jaw Worm","floor":1.0,"turns":5.0},{"damage":0.0,"enemies":"Cultist","floor":3.0,"turns":4.0},{"damage":0.0,"enemies":"2 Louse","floor":4.0,"turns":2.0},{"damage":3.0,"enemies":"Red Slaver","floor":5.0,"turns":4.0},{"damage":20.0,"enemies":"Lagavulin","floor":7.0,"turns":7.0},{"damage":16.0,"enemies":"Gremlin Nob","floor":10.0,"turns":5.0},{"damage":0.0,"enemies":"Large Slime","floor":13.0,"turns":6.0},{"damage":40.0,"enemies":"The Guardian","floor":16.0,"turns":12.0},{"damage":20.0,"enemies":"3 Byrds","floor":18.0,"turns":4.0},{"damage":28.0,"enemies":"Chosen","floor":19.0,"turns":6.0},{"damage":1.0,"enemies":"Snake Plant","floor":24.0,"turns":4.0},{"damage":8.0,"enemies":"Book of Stabbing","floor":27.0,"turns":5.0},{"damage":8.0,"enemies":"Snecko","floor":31.0,"turns":3.0},{"damage":67.0,"enemies":"Champ","floor":33.0,"turns":16.0},{"damage":9,"enemies":"3 Shapes","floor":35,"turns":3},{"damage":97,"enemies":"Reptomancer","floor":44,"turns":4},{"damage":3,"enemies":"Orb Walker","floor":45,"turns":4},{"damage":6,"enemies":"Transient","floor":46,"turns":5},{"damage":27,"enemies":"Writhing Mass","floor":48,"turns":5},{"damage":112,"enemies":"Awakened One","floor":50,"turns":10}],"seed_played":"7677520272181012923","potions_obtained":[{"floor":4.0,"key":"Block Potion"},{"floor":5.0,"key":"Strength Potion"},{"floor":10.0,"key":"FairyPotion"},{"floor":13.0,"key":"Strength Potion"},{"floor":19.0,"key":"SkillPotion"},{"floor":33.0,"key":"LiquidMemories"},{"floor":47,"key":"DistilledChaos"}],"is_trial":false,"path_per_floor":["M","?","M","M","M","R","E","R","T","E","T","$","M","?","R","B",null,"M","M","$","?","?","R","M","R","T","E","R","?","R","M","R","B",null,"M","?","T","?","$","R","?","R","T","E","M","M","?","M","R","B"],"character_chosen":"THE_CURSED","items_purchased":["TheCursedMod:CursedArmor","TheCursedMod:LuckyCharm","Lee\u0027s Waffle","TheCursedMod:TroublousMinions","TheCursedMod:Hemoplague","TheCursedMod:StingEye","TheCursedMod:DemonSword"],"campfire_rested":3,"item_purchase_floors":[12,12,12,20,20,39,39],"current_hp_per_floor":[76,76,76,76,73,73,53,53,53,39,39,89,89,89,89,54,89,69,43,43,43,27,53,54,54,54,56,56,39,67,69,69,30,94,93,93,93,93,93,93,93,93,93,5,14,20,20,10,40,0,0],"gold":110,"neow_bonus":"TEN_PERCENT_HP_BONUS","is_daily":false,"chose_seed":false,"campfire_upgraded":8,"win_rate":0.0,"timestamp":1612294297,"path_taken":["M","?","M","?","?","R","E","R","T","E","?","$","M","?","R","BOSS","M","M","$","?","?","R","M","R","T","E","R","?","R","M","R","BOSS","M","?","?","?","$","R","?","R","T","E","M","M","?","M","R","BOSS"],"items_purchased_type":["Card","Card","Relic","Card","Card","Card","Card"],"build_version":"2020-12-22","purchased_purges":0,"victory":false,"max_hp_per_floor":[82,82,82,82,82,82,82,82,82,82,82,89,89,89,89,89,89,89,89,89,89,89,89,89,89,89,89,89,94,94,94,94,94,94,94,94,94,94,94,94,94,94,94,94,96,98,98,100,100,102,102],"card_choices":[{"not_picked":["TheCursedMod:CursedBlade","TheCursedMod:SoulCrush"],"picked":"TheCursedMod:SpitefulStrike","floor":1.0},{"not_picked":["TheCursedMod:CursedMace","TheCursedMod:VitalStrike"],"picked":"TheCursedMod:CursedBlade","floor":3.0},{"not_picked":["TheCursedMod:SmokeScreen","TheCursedMod:Evocation"],"picked":"TheCursedMod:HellfireBreathing","floor":4.0},{"not_picked":["TheCursedMod:TacticalStrike","TheCursedMod:AshesToAshes"],"picked":"TheCursedMod:CursedBoomerang","floor":5.0},{"not_picked":["TheCursedMod:CursedShiv","TheCursedMod:RapidMovement"],"picked":"TheCursedMod:Obscuration","floor":7.0},{"not_picked":["TheCursedMod:SmokeScreen","TheCursedMod:RapidMovement"],"picked":"TheCursedMod:ShockAndAwe","floor":10.0},{"not_picked":["TheCursedMod:Obscuration","TheCursedMod:VitalStrike"],"picked":"TheCursedMod:SpitefulPray","floor":13.0},{"not_picked":["TheCursedMod:UltimatePain","TheCursedMod:StunningStrike"],"picked":"TheCursedMod:OutForBlood","floor":16.0},{"not_picked":["TheCursedMod:VitalStrike","TheCursedMod:Wield"],"picked":"TheCursedMod:CircleOfFlame+1","floor":18.0},{"not_picked":["TheCursedMod:Wield+1","TheCursedMod:BloodBarrier"],"picked":"TheCursedMod:TacticalStrike+1","floor":19.0},{"not_picked":["TheCursedMod:Wield+1","TheCursedMod:SmokeScreen"],"picked":"TheCursedMod:SoulReap+1","floor":24.0},{"not_picked":["TheCursedMod:TacticalStrike","TheCursedMod:SoulReap"],"picked":"TheCursedMod:NeowsMight","floor":27.0},{"not_picked":["TheCursedMod:VitalStrike","TheCursedMod:CursedMace"],"picked":"TheCursedMod:Evocation+1","floor":31.0},{"not_picked":["TheCursedMod:StunningStrike","TheCursedMod:OutForBlood"],"picked":"TheCursedMod:AntiAging","floor":33.0},{"not_picked":["TheCursedMod:Mangle","TheCursedMod:LuckyCharm+1"],"picked":"TheCursedMod:Torture+1","floor":35},{"not_picked":["Jack Of All Trades","Thinking Ahead"],"picked":"Master of Strategy","floor":36},{"not_picked":["TheCursedMod:WearCloak","TheCursedMod:PrepareRite"],"picked":"TheCursedMod:SurpriseAttack+1","floor":44},{"not_picked":["TheCursedMod:FleshFromBone","TheCursedMod:RavingStaff"],"picked":"TheCursedMod:CursedShiv","floor":45},{"not_picked":["TheCursedMod:CircleOfFlame","TheCursedMod:RavingStaff"],"picked":"TheCursedMod:CursedMace+1","floor":46},{"not_picked":["TheCursedMod:SoulReap","TheCursedMod:SpitefulPray+1"],"picked":"TheCursedMod:CircleOfFocus+1","floor":48}],"player_experience":89719,"relics_obtained":[{"floor":7.0,"key":"Blood Vial"},{"floor":9.0,"key":"Centennial Puzzle"},{"floor":10.0,"key":"Toy Ornithopter"},{"floor":11.0,"key":"Pantograph"},{"floor":26.0,"key":"Vajra"},{"floor":27.0,"key":"PreservedInsect"},{"floor":37,"key":"Juzu Bracelet"},{"floor":43,"key":"Happy Flower"},{"floor":44,"key":"Letter Opener"}],"event_choices":[{"damage_healed":0.0,"max_hp_gain":0.0,"max_hp_loss":0.0,"gold_gain":0.0,"event_name":"NoteForYourself","player_choice":"Ignored","floor":2.0,"gold_loss":0.0,"damage_taken":0.0},{"damage_healed":0.0,"max_hp_gain":0.0,"max_hp_loss":0.0,"gold_gain":0.0,"event_name":"Purifier","player_choice":"Ignored","floor":14.0,"gold_loss":0.0,"damage_taken":0.0},{"damage_healed":0.0,"max_hp_gain":0.0,"max_hp_loss":0.0,"gold_gain":0.0,"event_name":"Ghosts","player_choice":"Ignored","floor":21.0,"gold_loss":0.0,"damage_taken":0.0},{"damage_healed":0.0,"max_hp_gain":0.0,"max_hp_loss":0.0,"gold_gain":0.0,"event_name":"Cursed Tome","player_choice":"Obtained Book","floor":22.0,"gold_loss":0.0,"damage_taken":16.0},{"damage_healed":0.0,"max_hp_gain":5.0,"max_hp_loss":0.0,"gold_gain":0.0,"event_name":"Forgotten Altar","player_choice":"Shed Blood","floor":29.0,"gold_loss":0.0,"damage_taken":22.0},{"damage_healed":0,"gold_gain":0,"player_choice":"Memory 1","damage_taken":0,"max_hp_gain":0,"max_hp_loss":0,"event_name":"SensoryStone","floor":36,"gold_loss":0},{"damage_healed":0,"gold_gain":0,"player_choice":"Ignored","damage_taken":0,"max_hp_gain":0,"max_hp_loss":0,"event_name":"Tomb of Lord Red Mask","floor":38,"gold_loss":0},{"damage_healed":0,"gold_gain":0,"player_choice":"Ignored","damage_taken":0,"max_hp_gain":0,"max_hp_loss":0,"event_name":"OrinTheCat","floor":41,"gold_loss":0},{"damage_healed":0,"gold_gain":0,"player_choice":"Got Potions","damage_taken":0,"max_hp_gain":0,"max_hp_loss":0,"event_name":"Lab","floor":47,"gold_loss":0}],"is_beta":false,"boss_relics":[{"not_picked":["Calling Bell","Ectoplasm"],"picked":"TheCursedMod:BlackMagicAdvanced"},{"not_picked":["Fusion Hammer","TheCursedMod:FourLeafCloverCharm"],"picked":"Cursed Key"}],"items_purged_floors":[],"is_endless":false,"potions_floor_spawned":[4,5,10,13,19,33,45],"killed_by":"Awakened One","ascension_level":0}}