{"host":"b9sas8jv6tsy9swm","time":1612230960,"event":{"mods":["AchievementEnabler","BaseMod","Minty Spire (QoL Compilation)","Permanent Neow","Quick Restart","Replay The Spire","StSLib"],"gold_per_floor":[19,35,35,55,85,85,121,121,146,146,178,218,71,71,71,87,87],"floor_reached":16,"language":"ZHS","playtime":812,"items_purged":["Regret"],"score":146,"play_id":"91964768-7b0c-42b4-a7b6-276724da4af9","local_time":"20210202095600","is_ascension_mode":true,"campfire_choices":[{"data":"Deadly Poison","floor":6.0,"key":"SMITH"},{"data":"Deadly Poison","floor":8.0,"key":"SMITH"},{"floor":10.0,"key":"REST"},{"floor":15.0,"key":"REST"}],"circlet_count":0,"master_deck":["Strike_G","Strike_G","Strike_G","Strike_G","Strike_G","Defend_G","Defend_G","Defend_G","Defend_G","Defend_G","Survivor","Neutralize","Venomology","Backflip","Deadly Poison+1","Prepared","Deadly Poison+1","ReplayTheSpireMod:Speed Training"],"relics":["Ring of the Snake","Replay:Bandana","Bag of Preparation","Replay:Wax Seal","Odd Mushroom","Akabeko"],"acts_visited":["Exordium"],"potions_floor_usage":[16,16,16],"damage_taken":[{"damage":4.0,"enemies":"Jaw Worm","floor":1.0,"turns":5.0},{"damage":0.0,"enemies":"2 Louse","floor":2.0,"turns":2.0},{"damage":7.0,"enemies":"Small Slimes","floor":4.0,"turns":6.0},{"damage":9.0,"enemies":"Blue Slaver","floor":5.0,"turns":4.0},{"damage":14.0,"enemies":"Lagavulin","floor":7.0,"turns":7.0},{"damage":10.0,"enemies":"The Mushroom Lair","floor":11.0,"turns":5.0},{"damage":34.0,"enemies":"3 Sentries","floor":12.0,"turns":10.0},{"damage":39,"enemies":"Slime Boss","floor":16,"turns":9}],"seed_played":"-6846118660609737867","potions_obtained":[{"floor":2.0,"key":"Flashbang"},{"floor":5.0,"key":"PowerPotion"},{"floor":11.0,"key":"BlessingOfTheForge"},{"floor":12.0,"key":"Poison Potion"}],"is_trial":false,"path_per_floor":["M","M","?","M","M","R","E","R","T","R","?","E","$","?","R","B"],"character_chosen":"THE_SILENT","items_purchased":["ReplayTheSpireMod:Speed Training"],"campfire_rested":2,"item_purchase_floors":[13],"current_hp_per_floor":[59,59,59,52,43,43,29,29,29,50,40,6,6,6,27,0,0],"gold":87,"neow_bonus":"THREE_RARE_CARDS","is_daily":false,"chose_seed":false,"campfire_upgraded":2,"win_rate":0.0,"timestamp":1612230960,"path_taken":["M","M","?","M","M","R","E","R","T","R","?","E","$","?","R","BOSS"],"items_purchased_type":["Card"],"build_version":"2020-12-22","purchased_purges":1,"victory":false,"max_hp_per_floor":[70,70,70,70,70,70,70,70,70,70,70,70,70,70,70,70,70],"card_choices":[{"not_picked":["ReplayTheSpireMod:Necrosis","Corpse Explosion"],"picked":"Venomology","floor":0.0},{"not_picked":["Cloak And Dagger","ReplayTheSpireMod:Shiv Toss"],"picked":"Backflip","floor":1.0},{"not_picked":["Calculated Gamble","Fluid Movement","PiercingWail"],"picked":"SKIP","floor":2.0},{"not_picked":["Tactician","Riddle With Holes"],"picked":"Deadly Poison","floor":4.0},{"not_picked":["ReplayTheSpireMod:Shiv Toss","Cloak And Dagger"],"picked":"Prepared","floor":5.0},{"not_picked":["Cloak And Dagger","Fluid Movement"],"picked":"Deadly Poison","floor":7.0},{"not_picked":["Night Terror","Quick Slash","Flying Knee"],"picked":"SKIP","floor":12.0}],"player_experience":426784,"relics_obtained":[{"floor":7.0,"key":"Bag of Preparation"},{"floor":9.0,"key":"Replay:Wax Seal"},{"floor":11.0,"key":"Odd Mushroom"},{"floor":12.0,"key":"Akabeko"}],"event_choices":[{"damage_healed":0.0,"max_hp_gain":0.0,"max_hp_loss":0.0,"gold_gain":0.0,"event_name":"Big Fish","player_choice":"Box","floor":3.0,"gold_loss":0.0,"damage_taken":0.0,"relics_obtained":["Replay:Bandana"],"cards_obtained":["Regret"]},{"damage_healed":0.0,"max_hp_gain":0.0,"max_hp_loss":0.0,"gold_gain":0.0,"event_name":"Mushrooms","player_choice":"Fought Mushrooms","floor":11.0,"gold_loss":0.0,"damage_taken":0.0},{"damage_healed":0.0,"max_hp_gain":0.0,"max_hp_loss":0.0,"gold_gain":0.0,"event_name":"Golden Wing","player_choice":"Ignored","floor":14.0,"gold_loss":0.0,"damage_taken":0.0}],"is_beta":false,"boss_relics":[],"items_purged_floors":[13],"is_endless":false,"potions_floor_spawned":[2,5,11,12],"killed_by":"Slime Boss","ascension_level":7}}