{"host":"m93bdsyxmbslumxy","time":1612291267,"event":{"mods":["Arknights","Bard","Bartender","BaseMod","Beaked The Cultist","CapriCore","CatGirl Mod","ChefMod","Duelist Mod","Fiend Mod","Friendly Minions","Glutton Mod","Hermit","Hubris","JesterMod","Jorbs\u0027s Wanderer Trilogy","Koishi","Luminous","Mad Scientist","Marisa????????","Minty Spire (QoL Compilation)","Reliquary","Remilia??????","Shade Mod","Shop Mod","Somnambulant","StSLib","The Alterego","The Animator","The Blackbeard","The Bladedancer","The Bug Knight","The Clintock","The Construct","The Cursed","The Death Knight","The Disciple","The Dragon Tamer","The Elementalist","The Exalted","The Florist","The Forsaken","The Gatherer","The Hierophant","The Immortal","The Judge","The Jungle","The Kombatant","The Marked","The Mystic","The Necromancer","The Runesmith","The Servant 0.9.4","The Valiant","The Witch","TheBandit","TheFirefly","TheHero","TheSurvivalist","TheSwordswoman","Warlord Emblem","Yohane!","Yuri Mod","thorton"],"gold_per_floor":[112,212,222,239,239,239,273,288,288,300,300,330,340,351,351,452,452,476,485,512,522,547,557,580,591,684,697,723,737,737],"floor_reached":29,"language":"ENG","playtime":2236,"items_purged":[],"score":239,"play_id":"4d634971-ad37-4359-b620-d4cf72735827","local_time":"20210202104107","is_ascension_mode":false,"campfire_choices":[{"data":"DC","floor":6,"key":"SMITH"},{"floor":15,"key":"REST"},{"floor":23,"key":"REST"},{"floor":25,"key":"REST"}],"circlet_count":0,"master_deck":["Strike_MRS","Strike_MRS","Strike_MRS","Strike_MRS","Defend_MRS","Defend_MRS","Defend_MRS","Defend_MRS","MasterSpark","UpSweep","DC+1","ShootingEcho","AbsoluteMagnitude","FinalSpark","EarthLightRay","GalacticHalo","GrandCross","somnambulantmod: ImpenetrableMind+1","EnergyFlow+1","somnambulantmod: NightHaunts","CurseOfTheBell","somnambulantmod: LeechFears","Orbital+1","Acceleration","OortCloud","Lust_TH","MagicChant+1"],"relics":["MiniHakkero","hubris:TinFlute","Pen Nib","DeathKnight:SindragosasSkull","hubris:DisguiseKit","Calling Bell","hubris:TenFootPole","thethorton:BankDeed","Peace Pipe","hubris:64BitClover","Eternal Feather"],"acts_visited":["Exordium","TheCity"],"potions_floor_usage":[12,13,13,22,28,29],"damage_taken":[{"damage":3,"enemies":"2 Louse","floor":1,"turns":2},{"damage":0,"enemies":"Cultist","floor":3,"turns":3},{"damage":10,"enemies":"Small Slimes","floor":4,"turns":2},{"damage":17,"enemies":"3 Sentries","floor":7,"turns":6},{"damage":0,"enemies":"3 Louse","floor":8,"turns":2},{"damage":4,"enemies":"Exordium Thugs","floor":10,"turns":4},{"damage":35,"enemies":"Lagavulin","floor":12,"turns":7},{"damage":10,"enemies":"Exordium Wildlife","floor":13,"turns":2},{"damage":4,"enemies":"2 Fungi Beasts","floor":14,"turns":3},{"damage":24,"enemies":"The Guardian","floor":16,"turns":8},{"damage":34,"enemies":"Chosen","floor":18,"turns":6},{"damage":0,"enemies":"Spheric Guardian","floor":20,"turns":3},{"damage":17,"enemies":"Cultist and Chosen","floor":22,"turns":8},{"damage":48,"enemies":"Chosen and Byrds","floor":24,"turns":7},{"damage":29,"enemies":"Sentry and Sphere","floor":28,"turns":10},{"damage":24,"enemies":"Centurion and Healer","floor":29,"turns":5}],"seed_played":"-3099239358411298165","potions_obtained":[{"floor":1,"key":"DistilledChaos"},{"floor":4,"key":"Ancient Potion"},{"floor":7,"key":"FearPotion"},{"floor":8,"key":"DeathKnight:BottledBloodEchoes"},{"floor":16,"key":"BlessingOfTheForge"},{"floor":20,"key":"Energy Potion"},{"floor":22,"key":"ColorlessPotion"}],"is_trial":false,"path_per_floor":["M","?","M","M","T","R","E","M","T","M","?","E","M","M","R","B",null,"M","?","M","?","M","R","M","R","T","?","M","M"],"character_chosen":"MARISA","items_purchased":[],"campfire_rested":3,"item_purchase_floors":[],"current_hp_per_floor":[79,79,79,69,69,69,52,52,52,52,52,21,15,11,35,15,82,48,48,52,52,39,63,19,43,43,43,18,0,0],"gold":737,"neow_bonus":"TEN_PERCENT_HP_BONUS","is_daily":false,"chose_seed":false,"campfire_upgraded":1,"win_rate":0.0,"timestamp":1612291267,"path_taken":["M","?","M","?","?","R","E","?","T","M","?","E","M","M","R","BOSS","M","?","?","?","M","R","M","R","T","?","M","M"],"items_purchased_type":[],"build_version":"2020-12-22","purchased_purges":0,"victory":false,"max_hp_per_floor":[82,82,82,82,82,82,82,82,82,82,82,82,82,82,82,82,82,82,82,82,82,82,82,82,82,82,82,82,82,82],"card_choices":[{"not_picked":["ShootTheMoon","LuminesStrike"],"picked":"DC","floor":1},{"not_picked":["UnstableBomb","MilkyWay"],"picked":"ShootingEcho","floor":3},{"not_picked":["DragonMeteor","SporeBomb"],"picked":"AbsoluteMagnitude","floor":4},{"not_picked":["GrandCross","WitchOfGreed"],"picked":"FinalSpark","floor":7},{"not_picked":["MachineGunSpark","IllusionStar"],"picked":"EarthLightRay","floor":8},{"not_picked":["SuperPerseids","NonDirectionalLaser"],"picked":"GalacticHalo","floor":10},{"not_picked":["ShootingEcho","AlicesGift"],"picked":"GrandCross","floor":12},{"not_picked":["MaximisePower","Acceleration","GasGiant"],"picked":"somnambulantmod: ImpenetrableMind","floor":13},{"not_picked":["DC","AsteroidBelt","somnambulantmod: ImpenetrableMind"],"picked":"EnergyFlow","floor":14},{"not_picked":["SatelliteIllusion","FinalSpark","BinaryStars"],"picked":"somnambulantmod: NightHaunts","floor":16},{"not_picked":["MilkyWay","FairyDestructionRay","6A+1"],"picked":"somnambulantmod: LeechFears","floor":18},{"not_picked":["PulseMagic","AlicesGift+1","somnambulantmod: DeeperSleep"],"picked":"Orbital+1","floor":20},{"not_picked":["DoubleSpark","GrandCross","somnambulantmod: HorrificThought"],"picked":"Acceleration","floor":22},{"not_picked":["OpenUniverse","IllusionStar","somnambulantmod: OpeningUp"],"picked":"OortCloud","floor":24},{"not_picked":["ShootingEcho","GravityBeat","somnambulantmod: RecurringDream"],"picked":"MagicChant+1","floor":28}],"player_experience":10647,"relics_obtained":[{"floor":5,"key":"hubris:TinFlute"},{"floor":7,"key":"Pen Nib"},{"floor":9,"key":"DeathKnight:SindragosasSkull"},{"floor":12,"key":"hubris:DisguiseKit"},{"floor":17,"key":"hubris:TenFootPole"},{"floor":17,"key":"thethorton:BankDeed"},{"floor":17,"key":"Peace Pipe"},{"floor":19,"key":"hubris:64BitClover"},{"floor":26,"key":"Eternal Feather"}],"event_choices":[{"damage_healed":0,"gold_gain":100,"player_choice":"Pray","damage_taken":0,"max_hp_gain":0,"max_hp_loss":0,"event_name":"Golden Shrine","floor":2,"gold_loss":0},{"damage_healed":0,"gold_gain":0,"player_choice":"Relic","damage_taken":0,"max_hp_gain":0,"max_hp_loss":0,"event_name":"Wheel of Change","floor":19,"gold_loss":0},{"damage_healed":0,"gold_gain":0,"player_choice":"Ignored","damage_taken":0,"max_hp_gain":0,"max_hp_loss":0,"event_name":"Ghosts","floor":21,"gold_loss":0}],"is_beta":false,"boss_relics":[{"not_picked":["hubris:VirtuousBlindfold","Black Star"],"picked":"Calling Bell"}],"items_purged_floors":[],"is_endless":false,"potions_floor_spawned":[1,4,7,8,16,20,22],"killed_by":"Centurion and Healer","ascension_level":0}}