{"host":"89frlrzg3lfsymiq","time":1612297843,"event":{"mods":["2.2 Compatiblity","AchievementEnabler","Aspiration","BaseMod","Better Altar","Better Match","Better Note","Better Sensory Stone","Better Skull","Better Third Choice","Conspire","Downfall","GifTheSpireLib","Halation","Highlight Path","Hubris","Minty Spire (QoL Compilation)","Permanent Neow","Quick Restart","StSLib","The Blue Laboratory","The Cursed","The Jungle","The Necromancer","The Runesmith"],"gold_per_floor":[119,119,37,51,64,76,108,108,160,160,191,206,206,217,217,217,217],"floor_reached":16,"language":"ENG","playtime":568,"items_purged":[],"score":137,"play_id":"9db6a52b-0cf6-40d4-a391-8b636830d7f5","local_time":"20210202153043","daily_mods":["Hoarder","DeadlyEvents"],"is_ascension_mode":false,"campfire_choices":[{"data":"Zap","floor":10,"key":"SMITH"},{"floor":13,"key":"REST"},{"data":"Redo","floor":15,"key":"SMITH"}],"circlet_count":0,"master_deck":["Strike_B","Strike_B","Strike_B","Strike_B","Defend_B","Defend_B","Defend_B","Defend_B","Zap+1","Dualcast","Rip and Tear","Rip and Tear","Rip and Tear","Capacitor","Capacitor","Capacitor","Sunder","Sunder","Sunder","Self Repair","Self Repair","Self Repair","Redo+1","Redo","Redo","Poisoned Stab","Poisoned Stab","Poisoned Stab","Quick Slash","Quick Slash","Quick Slash","Slice","Slice","Slice","Core Surge","Core Surge","Core Surge"],"relics":["Cracked Core","halation:AfternoonTea","Anchor","Bag of Preparation"],"acts_visited":["Exordium"],"potions_floor_usage":[],"damage_taken":[{"damage":5,"enemies":"2 Louse","floor":1,"turns":3},{"damage":0,"enemies":"Small Slimes","floor":4,"turns":3},{"damage":2,"enemies":"conspire:RoseBush","floor":5,"turns":2},{"damage":10,"enemies":"Looter","floor":6,"turns":3},{"damage":27,"enemies":"Gremlin Nob","floor":7,"turns":4},{"damage":31,"enemies":"Lagavulin","floor":11,"turns":6},{"damage":2,"enemies":"2 Fungi Beasts","floor":12,"turns":2},{"damage":6,"enemies":"Large Slime","floor":14,"turns":3},{"damage":78,"enemies":"The Guardian","floor":16,"turns":8}],"seed_played":"4436112937878446222","potions_obtained":[{"floor":7,"key":"SteroidPotion"},{"floor":11,"key":"SpeedPotion"},{"floor":14,"key":"Strength Potion"}],"is_trial":true,"path_per_floor":["M","?","$","M","M","M","E","?","T","R","E","M","R","M","R","B"],"character_chosen":"DEFECT","items_purchased":["Capacitor"],"campfire_rested":1,"item_purchase_floors":[3],"current_hp_per_floor":[70,70,70,70,68,65,52,52,52,52,35,47,69,75,75,0,0],"gold":217,"neow_bonus":"","is_daily":false,"chose_seed":false,"campfire_upgraded":2,"win_rate":0.0,"timestamp":1612297843,"path_taken":["M","?","$","M","M","M","E","?","T","R","?","M","R","M","R","BOSS"],"items_purchased_type":["Card"],"build_version":"2020-12-22","purchased_purges":0,"victory":false,"max_hp_per_floor":[75,75,75,75,75,75,75,75,75,75,75,75,75,75,75,75,75],"card_choices":[{"not_picked":["Compile Driver","Steam"],"picked":"Rip and Tear","floor":1},{"not_picked":["Steam Power","Ball Lightning"],"picked":"Sunder","floor":4},{"not_picked":["Glacier","Sweeping Beam"],"picked":"Self Repair","floor":5},{"not_picked":["Storm","Stack"],"picked":"Redo","floor":6},{"not_picked":["Reinforced Body","Heatsinks"],"picked":"Gash","floor":7},{"not_picked":["Stack","Double Energy","Steam Power"],"picked":"SKIP","floor":11},{"not_picked":["Barrage","Hologram"],"picked":"Core Surge","floor":12},{"not_picked":["Ball Lightning","Compile Driver","Double Energy"],"picked":"SKIP","floor":14}],"player_experience":220004,"relics_obtained":[{"floor":7,"key":"halation:AfternoonTea"},{"floor":9,"key":"Anchor"},{"floor":11,"key":"Bag of Preparation"}],"event_choices":[{"damage_healed":0,"gold_gain":0,"player_choice":"Ignored","damage_taken":0,"max_hp_gain":0,"max_hp_loss":0,"event_name":"Golden Wing","floor":2,"gold_loss":0}],"is_beta":false,"boss_relics":[],"items_purged_floors":[],"is_endless":false,"potions_floor_spawned":[7,11,14],"killed_by":"The Guardian","ascension_level":0}}